{"gold_per_floor":[113,113,127,140,151,183,14,14,40,40,74,74,74,109,109,210,210,224,29,29,44,44,44,74,74,100,134,234,264,283,3,3,98,98,111,124,140,154,154,154,188,188,188,217,229,246,206,216,216,216],"floor_reached":51,"playtime":3185,"items_purged":[],"score":1343,"play_id":"07f38b71-0a83-47b5-836e-96fbf504d5ed","local_time":"20190222145824","is_ascension_mode":true,"campfire_choices":[{"floor":8,"key":"REST"},{"data":"Zap","floor":10,"key":"SMITH"},{"floor":12,"key":"REST"},{"data":"Consume","floor":15,"key":"SMITH"},{"data":"Go for the Eyes","floor":23,"key":"SMITH"},{"floor":25,"key":"REST"},{"floor":32,"key":"REST"},{"data":"Madness","floor":40,"key":"SMITH"},{"data":"Madness","floor":42,"key":"SMITH"},{"floor":49,"key":"REST"}],"neow_cost":"NONE","seed_source_timestamp":519100936649991,"circlet_count":0,"master_deck":["AscendersBane","Strike_B+1","Strike_B+1","Strike_B+1","Strike_B+1","Defend_B+1","Defend_B+1","Defend_B+1","Zap+1","Dualcast","Coolheaded","Defragment+1","Tempest","Capacitor","Force Field","Glacier","Leap","Heatsinks","Consume+1","Machine Learning","Go for the Eyes+1","Sunder","Barrage","Rainbow+1","Barrage+1","Loop","Chaos+1","Steam","Amplify","Defragment","Coolheaded","Barrage+1","Madness+1","Madness+1","Reboot","Conserve Battery+1","Beam Cell+1"],"relics":["Cracked Core","Anchor","Oddly Smooth Stone","Omamori","Potion Belt","Bottled Lightning","White Beast Statue","Lantern","FossilizedHelix","Strawberry","Smiling Mask","Regal Pillow","Mummified Hand","Inserter","Ice Cream","Gremlin Horn","Bag of Marbles"],"potions_floor_usage":[6,11,24,24,30,33,44,45,48,50,50],"damage_taken":[{"damage":7,"enemies":"Jaw Worm","floor":1,"turns":3},{"damage":0,"enemies":"Cultist","floor":3,"turns":3},{"damage":0,"enemies":"2 Louse","floor":4,"turns":3},{"damage":12,"enemies":"Looter","floor":5,"turns":3},{"damage":42,"enemies":"Lagavulin","floor":6,"turns":7},{"damage":10,"enemies":"Gremlin Nob","floor":11,"turns":5},{"damage":0,"enemies":"3 Sentries","floor":14,"turns":7},{"damage":28,"enemies":"The Guardian","floor":16,"turns":10},{"damage":4,"enemies":"Chosen","floor":18,"turns":7},{"damage":1,"enemies":"Shell Parasite","floor":21,"turns":9},{"damage":34,"enemies":"Gremlin Leader","floor":24,"turns":12},{"damage":0,"enemies":"Book of Stabbing","floor":27,"turns":9},{"damage":49,"enemies":"Gremlin Leader","floor":29,"turns":11},{"damage":10,"enemies":"Centurion and Healer","floor":30,"turns":9},{"damage":21,"enemies":"Collector","floor":33,"turns":10},{"damage":0,"enemies":"Orb Walker","floor":35,"turns":5},{"damage":0,"enemies":"3 Shapes","floor":36,"turns":6},{"damage":27,"enemies":"3 Darklings","floor":37,"turns":7},{"damage":0,"enemies":"Writhing Mass","floor":38,"turns":8},{"damage":17,"enemies":"Nemesis","floor":41,"turns":7},{"damage":0,"enemies":"Giant Head","floor":44,"turns":8},{"damage":0,"enemies":"Spire Growth","floor":45,"turns":6},{"damage":0,"enemies":"Sphere and 2 Shapes","floor":46,"turns":6},{"damage":8,"enemies":"Jaw Worm Horde","floor":48,"turns":5},{"damage":21,"enemies":"Time Eater","floor":50,"turns":11}],"seed_played":"-318578568091311148","potions_obtained":[{"floor":3,"key":"FocusPotion"},{"floor":5,"key":"Poison Potion"},{"floor":6,"key":"Fire Potion"},{"floor":18,"key":"FearPotion"},{"floor":21,"key":"Regen Potion"},{"floor":24,"key":"LiquidBronze"},{"floor":27,"key":"GamblersBrew"},{"floor":29,"key":"Regen Potion"},{"floor":30,"key":"Weak Potion"},{"floor":33,"key":"AttackPotion"},{"floor":35,"key":"PowerPotion"},{"floor":37,"key":"Ancient Potion"},{"floor":41,"key":"Regen Potion"},{"floor":44,"key":"Ancient Potion"},{"floor":45,"key":"Regen Potion"},{"floor":46,"key":"Weak Potion"},{"floor":48,"key":"SpeedPotion"}],"is_trial":false,"path_per_floor":["M","?","M","M","M","E","$","R","T","R","E","R","?","E","R","B",null,"M","$","?","M","?","R","E","R","T","E","?","E","M","$","R","B",null,"M","M","M","M","?","R","E","R","T","E","M","M","?","M","R","B",null],"character_chosen":"DEFECT","items_purchased":["Oddly Smooth Stone","Leap","Sunder","Lantern","Mummified Hand","Steam"],"campfire_rested":5,"item_purchase_floors":[7,7,19,19,31,31],"current_hp_per_floor":[68,68,68,68,56,14,14,38,38,38,28,52,52,52,52,24,68,64,64,64,63,63,63,44,68,75,75,75,26,28,28,69,48,79,79,79,52,52,41,41,24,24,24,39,39,39,39,45,86,65],"gold":216,"neow_bonus":"TEN_PERCENT_HP_BONUS","is_prod":false,"is_daily":false,"chose_seed":false,"campfire_upgraded":5,"win_rate":0,"timestamp":1550843904,"path_taken":["M","?","M","M","?","E","$","R","T","R","E","R","?","E","R","BOSS","M","$","?","M","?","R","E","R","T","E","?","E","M","$","R","BOSS","M","M","M","?","?","R","E","R","T","E","M","M","?","M","R","BOSS"],"build_version":"2019-01-23","purchased_purges":0,"victory":true,"max_hp_per_floor":[82,82,82,82,82,82,82,82,82,82,82,82,82,82,82,82,82,82,82,82,82,82,82,82,82,89,89,89,89,89,89,89,89,89,89,89,89,89,89,89,89,89,89,89,89,89,89,89,89,89],"card_choices":[{"not_picked":["Gash","Hologram"],"picked":"Coolheaded","floor":1},{"not_picked":["Rip and Tear","Blizzard"],"picked":"Tempest","floor":3},{"not_picked":["Leap","Coolheaded"],"picked":"Capacitor","floor":4},{"not_picked":["Gash","Rebound"],"picked":"Force Field","floor":5},{"not_picked":["Redo","Hologram"],"picked":"Glacier","floor":6},{"not_picked":["Beam Cell","Stack"],"picked":"Heatsinks","floor":11},{"not_picked":["Chaos","FTL"],"picked":"Consume","floor":14},{"not_picked":["Hyperbeam","Meteor Strike"],"picked":"Machine Learning","floor":16},{"not_picked":["Streamline","Doom and Gloom"],"picked":"Go for the Eyes","floor":18},{"not_picked":["Gash+1","Steam"],"picked":"Barrage","floor":21},{"not_picked":["Sweeping Beam","Stack"],"picked":"Rainbow","floor":24},{"not_picked":["Turbo+1","Undo"],"picked":"Barrage+1","floor":27},{"not_picked":["Redo","Sweeping Beam"],"picked":"Loop","floor":29},{"not_picked":["Heatsinks","Melter"],"picked":"Chaos+1","floor":30},{"not_picked":["Electrodynamics","Machine Learning"],"picked":"Amplify","floor":33},{"not_picked":["Coolheaded+1","Scrape"],"picked":"Defragment","floor":35},{"not_picked":["Streamline","Genetic Algorithm+1"],"picked":"Coolheaded","floor":36},{"not_picked":["Sunder","Go for the Eyes","Auto Shields+1"],"picked":"SKIP","floor":37},{"not_picked":["Turbo","Gash"],"picked":"Barrage+1","floor":38},{"not_picked":["Cold Snap","Self Repair"],"picked":"Reboot","floor":41},{"not_picked":["Ball Lightning","Heatsinks","FTL"],"picked":"SKIP","floor":44},{"not_picked":["Ball Lightning","Undo","Sunder"],"picked":"SKIP","floor":45},{"not_picked":["Coolheaded","Rebound"],"picked":"Conserve Battery","floor":46},{"not_picked":["Conserve Battery","Rebound+1"],"picked":"Beam Cell+1","floor":48}],"player_experience":443573,"relics_obtained":[{"floor":6,"key":"Anchor"},{"floor":9,"key":"Omamori"},{"floor":11,"key":"Potion Belt"},{"floor":14,"key":"Bottled Lightning"},{"floor":24,"key":"FossilizedHelix"},{"floor":26,"key":"Strawberry"},{"floor":27,"key":"Smiling Mask"},{"floor":29,"key":"Regal Pillow"},{"floor":41,"key":"Ice Cream"},{"floor":43,"key":"Gremlin Horn"},{"floor":44,"key":"Bag of Marbles"}],"event_choices":[{"damage_healed":0,"gold_gain":0,"cards_transformed":["Defend_B"],"player_choice":"Transformed","damage_taken":0,"max_hp_gain":0,"max_hp_loss":0,"event_name":"Transmorgrifier","floor":2,"gold_loss":0,"cards_obtained":["Defragment"]},{"damage_healed":0,"gold_gain":0,"player_choice":"Grow","damage_taken":0,"max_hp_gain":0,"max_hp_loss":0,"event_name":"Living Wall","floor":13,"gold_loss":0,"cards_upgraded":["Defragment"]},{"damage_healed":0,"gold_gain":0,"player_choice":"Ignored","damage_taken":0,"max_hp_gain":0,"max_hp_loss":0,"event_name":"Beggar","floor":20,"gold_loss":0},{"damage_healed":0,"gold_gain":0,"player_choice":"Simplicity","damage_taken":0,"max_hp_gain":0,"max_hp_loss":0,"event_name":"Back to Basics","floor":22,"gold_loss":0,"cards_upgraded":["Strike_B","Strike_B","Strike_B","Strike_B","Defend_B","Defend_B","Defend_B"]},{"damage_healed":0,"gold_gain":100,"player_choice":"Pray","damage_taken":0,"max_hp_gain":0,"max_hp_loss":0,"event_name":"Golden Shrine","floor":28,"gold_loss":0},{"damage_healed":0,"gold_gain":0,"player_choice":"Embrace Madness","damage_taken":11,"max_hp_gain":0,"max_hp_loss":0,"event_name":"Winding Halls","floor":39,"gold_loss":0,"cards_obtained":["Madness","Madness"]},{"damage_healed":0,"gold_gain":0,"player_choice":"Upgraded Two","damage_taken":0,"max_hp_gain":0,"max_hp_loss":0,"event_name":"Designer","floor":47,"gold_loss":40,"cards_upgraded":["Conserve Battery","Rainbow"]}],"is_beta":false,"boss_relics":[{"not_picked":["Coffee Dripper","Snecko Eye"],"picked":"White Beast Statue"},{"not_picked":["Nuclear Battery","Black Star"],"picked":"Inserter"}],"items_purged_floors":[],"is_endless":false,"potions_floor_spawned":[3,5,6,18,21,24,27,29,30,33,35,36,37,38,41,44,45,46,48],"ascension_level":12}