{"gold_per_floor":[109,109,123,123,33,33,60,75,128,128,157,157,68,80,80,154,154,174,189,21,40,54,54,67,17,17,17],"floor_reached":27,"playtime":654,"items_purged":["Strike_B","Strike_B"],"score":446,"play_id":"9ff53102-7814-4764-9003-963d92cf09db","local_time":"20181110144633","is_ascension_mode":true,"campfire_choices":[{"data":"Beam Cell","floor":6,"key":"SMITH"},{"data":"Zap","floor":10,"key":"SMITH"},{"data":"Panacea","floor":12,"key":"SMITH"},{"data":"Sunder","floor":15,"key":"SMITH"},{"floor":23,"key":"REST"}],"neow_cost":"NONE","seed_source_timestamp":5325682793742,"circlet_count":0,"master_deck":["AscendersBane","Strike_B","Strike_B","Defend_B","Defend_B","Defend_B+1","Defend_B","Zap+1","Dualcast","Beam Cell+1","Streamline+1","Panacea+1","Sweeping Beam","Leap+1","Defragment","Sunder+1","Biased Cognition","Cold Snap","Steam"],"relics":["Cracked Core","NeowsBlessing","Potion Belt","Tiny Chest","Smiling Mask","Velvet Choker","Bag of Preparation","War Paint"],"potions_floor_usage":[11,14,14,16,22],"damage_taken":[{"damage":0,"enemies":"Jaw Worm","floor":1,"turns":1},{"damage":0,"enemies":"Cultist","floor":3,"turns":1},{"damage":0,"enemies":"3 Sentries","floor":7,"turns":1},{"damage":2,"enemies":"2 Louse","floor":8,"turns":2},{"damage":11,"enemies":"Gremlin Nob","floor":11,"turns":3},{"damage":0,"enemies":"Gremlin Gang","floor":14,"turns":3},{"damage":35,"enemies":"Slime Boss","floor":16,"turns":7},{"damage":22,"enemies":"3 Byrds","floor":18,"turns":4},{"damage":11,"enemies":"Spheric Guardian","floor":19,"turns":3},{"damage":6,"enemies":"Centurion and Healer","floor":21,"turns":4},{"damage":13,"enemies":"Shelled Parasite and Fungi","floor":22,"turns":5},{"damage":16,"enemies":"Snake Plant","floor":24,"turns":3},{"damage":13,"enemies":"Snecko","floor":27,"turns":2}],"seed_played":"-866433749741899129","potions_obtained":[{"floor":2,"key":"Explosive Potion"},{"floor":2,"key":"Weak Potion"},{"floor":7,"key":"Fire Potion"},{"floor":8,"key":"AttackPotion"},{"floor":14,"key":"FocusPotion"},{"floor":18,"key":"SneckoOil"},{"floor":22,"key":"Explosive Potion"}],"is_trial":false,"path_per_floor":["M","?","M","?","$","R","E","M","T","R","E","R","$","M","R","B",null,"M","M","$","M","M","R","M","$","T","M"],"character_chosen":"DEFECT","items_purchased":["Panacea","Defragment","Bag of Preparation"],"campfire_rested":1,"item_purchase_floors":[5,13,20],"current_hp_per_floor":[64,64,64,64,64,64,64,62,62,62,51,51,51,51,51,16,57,35,24,24,18,5,26,10,10,10,0],"gold":17,"neow_bonus":"THREE_ENEMY_KILL","is_prod":false,"is_daily":false,"chose_seed":false,"campfire_upgraded":4,"win_rate":0,"timestamp":1541857593,"path_taken":["M","?","?","?","$","R","E","?","T","R","E","R","?","M","R","BOSS","M","M","$","M","?","R","M","?","T","M"],"build_version":"2018-11-08","purchased_purges":2,"victory":false,"max_hp_per_floor":[71,71,71,71,71,71,71,71,71,71,71,71,71,71,71,71,71,71,71,71,71,71,71,71,71,71,71],"card_choices":[{"not_picked":["Go for the Eyes","Reinforced Body"],"picked":"Beam Cell","floor":1},{"not_picked":["FTL","Ball Lightning"],"picked":"Streamline","floor":3},{"not_picked":["Turbo","Force Field"],"picked":"Sweeping Beam","floor":7},{"not_picked":["Force Field","Cold Snap"],"picked":"Leap","floor":8},{"not_picked":["Barrage","Blizzard","Turbo"],"picked":"SKIP","floor":11},{"not_picked":["Stack","Rebound"],"picked":"Sunder","floor":14},{"not_picked":["Core Surge","Echo Form"],"picked":"Biased Cognition","floor":16},{"not_picked":["Leap","Turbo"],"picked":"Cold Snap","floor":18},{"not_picked":["Go for the Eyes+1","Barrage"],"picked":"Steam","floor":19},{"not_picked":["Go for the Eyes","Leap","Turbo"],"picked":"SKIP","floor":21},{"not_picked":["Double Energy+1","Genetic Algorithm","Redo"],"picked":"SKIP","floor":22},{"not_picked":["Static Discharge","Tempest","Sweeping Beam"],"picked":"SKIP","floor":24}],"player_experience":646931,"relics_obtained":[{"floor":7,"key":"Potion Belt"},{"floor":9,"key":"Tiny Chest"},{"floor":11,"key":"Smiling Mask"},{"floor":26,"key":"War Paint"}],"event_choices":[{"damage_healed":0,"gold_gain":0,"player_choice":"Got Potions","damage_taken":0,"max_hp_gain":0,"max_hp_loss":0,"event_name":"Lab","floor":2,"gold_loss":0},{"damage_healed":0,"gold_gain":0,"player_choice":"Upgraded","damage_taken":0,"max_hp_gain":0,"max_hp_loss":0,"event_name":"Upgrade Shrine","floor":4,"gold_loss":0,"cards_upgraded":["Streamline"]}],"is_beta":false,"boss_relics":[{"not_picked":["Astrolabe","Philosopher\u0027s Stone"],"picked":"Velvet Choker"}],"items_purged_floors":[13,25],"is_endless":false,"potions_floor_spawned":[7,8,14,18,22],"killed_by":"Snecko","ascension_level":16}