{"gold_per_floor":[361,24,44,55,55,55,67,93,93,121,139,139,89,122,122,122],"floor_reached":16,"playtime":1352,"items_purged":[],"score":144,"play_id":"00881eaf-93cc-46f5-9fc9-f3644e456f09","local_time":"20180916145240","is_ascension_mode":true,"campfire_choices":[{"data":"Corruption","floor":6,"key":"SMITH"},{"floor":12,"key":"REST"},{"data":"Anger","floor":15,"key":"SMITH"}],"neow_cost":"TEN_PERCENT_HP_LOSS","seed_source_timestamp":299902741249951,"circlet_count":0,"master_deck":["Strike_R","Strike_R","Strike_R","Strike_R","Defend_R","Defend_R","Defend_R","Defend_R","Bash","Anger+1","Sadistic Nature","Corruption+1","Shrug It Off","Pommel Strike","Iron Wave"],"relics":["Burning Blood","Happy Flower","Sundial","Bottled Flame","Lantern","Matryoshka"],"potions_floor_usage":[8,10,10],"damage_taken":[{"damage":7,"enemies":"Small Slimes","floor":1,"turns":4},{"damage":6,"enemies":"2 Louse","floor":3,"turns":2},{"damage":7,"enemies":"Jaw Worm","floor":4,"turns":2},{"damage":0,"enemies":"3 Louse","floor":7,"turns":3},{"damage":25,"enemies":"Lagavulin","floor":8,"turns":6},{"damage":17,"enemies":"3 Sentries","floor":10,"turns":6},{"damage":19,"enemies":"Large Slime","floor":11,"turns":6},{"damage":23,"enemies":"Lagavulin","floor":14,"turns":6},{"damage":47,"enemies":"Slime Boss","floor":16,"turns":10}],"seed_played":"6795201187153214472","potions_obtained":[{"floor":3,"key":"BloodPotion"},{"floor":7,"key":"SteroidPotion"},{"floor":8,"key":"Swift Potion"}],"is_trial":false,"path_per_floor":["M","$","M","M","?","R","M","E","T","E","M","R","?","E","R"],"character_chosen":"IRONCLAD","items_purchased":["Happy Flower","Sadistic Nature"],"campfire_rested":1,"item_purchase_floors":[2,2],"current_hp_per_floor":[71,71,71,70,75,75,77,58,58,54,41,64,64,47,47,0],"gold":122,"neow_bonus":"TWO_FIFTY_GOLD","is_prod":false,"is_daily":false,"chose_seed":false,"campfire_upgraded":2,"win_rate":0,"timestamp":1537127560,"path_taken":["M","$","M","M","?","R","M","E","T","E","M","R","?","E","R","BOSS"],"build_version":"2018-09-06","purchased_purges":0,"victory":false,"max_hp_per_floor":[72,72,72,72,77,77,77,77,77,77,77,77,77,77,77,77],"card_choices":[{"not_picked":["Second Wind","Iron Wave"],"picked":"Anger","floor":1},{"not_picked":["Perfected Strike","Twin Strike"],"picked":"Corruption","floor":3},{"not_picked":["Rampage","Seeing Red"],"picked":"Shrug It Off","floor":4},{"not_picked":["Havoc","Sword Boomerang"],"picked":"Pommel Strike","floor":7},{"not_picked":["Metallicize","Combust","Corruption"],"picked":"SKIP","floor":8},{"not_picked":["Shrug It Off","Wild Strike"],"picked":"Iron Wave","floor":10},{"not_picked":["Pummel","Rage","Power Through"],"picked":"SKIP","floor":11},{"not_picked":["Twin Strike","Hemokinesis","Combust"],"picked":"SKIP","floor":14}],"player_experience":269265,"relics_obtained":[{"floor":8,"key":"Sundial"},{"floor":9,"key":"Bottled Flame"},{"floor":10,"key":"Lantern"},{"floor":14,"key":"Matryoshka"}],"event_choices":[{"event_name":"Big Fish","player_choice":"Donut","floor":5,"damage_taken":0},{"event_name":"The Cleric","player_choice":"Card Removal","floor":13,"damage_taken":0}],"is_beta":false,"boss_relics":[],"items_purged_floors":[],"is_endless":false,"potions_floor_spawned":[3,7,8],"killed_by":"Slime Boss","ascension_level":4}