{"gold_per_floor":[116,135,150,150,100,125,138,138,185,35,35,35,69,87,87,186,186],"floor_reached":17,"playtime":502,"items_purged":["Strike_B"],"score":265,"play_id":"000c2529-e7ea-4110-a0d2-c1473f15366d","local_time":"20180921162515","is_ascension_mode":false,"campfire_choices":[{"floor":8.0,"key":"REST"},{"data":"Self Repair","floor":11.0,"key":"SMITH"},{"data":"Darkness","floor":15.0,"key":"SMITH"}],"neow_cost":"","seed_source_timestamp":0,"circlet_count":0,"master_deck":["Strike_B+1","Strike_B+1","Defend_B","Defend_B+1","Defend_B","Defend_B","Zap+1","Dualcast","Capacitor","Ball Lightning","Leap","Darkness+1","Compile Driver","Self Repair+1","Reboot"],"special_seed":0,"relics":["Cracked Core","Gremlin Horn","War Paint","Pen Nib"],"potions_floor_usage":[],"damage_taken":[{"damage":1.0,"enemies":"Jaw Worm","floor":1.0,"turns":4.0},{"damage":5.0,"enemies":"Small Slimes","floor":2.0,"turns":3.0},{"damage":2.0,"enemies":"2 Louse","floor":3.0,"turns":3.0},{"damage":41.0,"enemies":"Lagavulin","floor":6.0,"turns":9.0},{"damage":1.0,"enemies":"Large Slime","floor":7.0,"turns":5.0},{"damage":4.0,"enemies":"3 Sentries","floor":13.0,"turns":4.0},{"damage":7.0,"enemies":"3 Louse","floor":14.0,"turns":3.0},{"damage":26.0,"enemies":"Hexaghost","floor":16.0,"turns":9.0}],"seed_played":"-4369948023940601372","potions_obtained":[{"floor":2.0,"key":"PowerPotion"},{"floor":6.0,"key":"SkillPotion"},{"floor":12.0,"key":"Fruit Juice"},{"floor":12.0,"key":"EntropicBrew"},{"floor":12.0,"key":"AttackPotion"},{"floor":13.0,"key":"Swift Potion"},{"floor":14.0,"key":"Strength Potion"},{"floor":16.0,"key":"Dexterity Potion"}],"is_trial":true,"path_per_floor":["M","M","M","?","?","E","M","R","T","$","R","?","E","M","R","B"],"character_chosen":"DEFECT","items_purchased":["Self Repair"],"campfire_rested":1,"item_purchase_floors":[10],"current_hp_per_floor":[74,69,67,52,52,11,10,32,32,32,32,32,70,63,63,47,47],"gold":186,"neow_bonus":"","is_prod":false,"is_daily":false,"chose_seed":false,"campfire_upgraded":2,"win_rate":0,"timestamp":1537539915,"path_taken":["M","M","M","?","?","E","M","R","T","$","R","?","E","M","R","BOSS"],"build_version":"2018-09-20","purchased_purges":1,"victory":false,"max_hp_per_floor":[75,75,75,75,75,75,75,75,75,75,75,75,80,80,80,80,80],"card_choices":[{"not_picked":["Gash","Reinforced Body"],"picked":"Capacitor","floor":1.0},{"not_picked":["Beam Cell","Turbo"],"picked":"Ball Lightning","floor":2.0},{"not_picked":["Sweeping Beam","Beam Cell"],"picked":"Leap","floor":3.0},{"not_picked":["Auto Shields","Turbo"],"picked":"Darkness","floor":6.0},{"not_picked":["Reprogram","Barrage"],"picked":"Compile Driver","floor":7.0},{"not_picked":["Beam Cell","Self Repair","Aggregate"],"picked":"SKIP","floor":13.0},{"not_picked":["Melter","Sweeping Beam","Leap"],"picked":"SKIP","floor":14.0},{"not_picked":["Thunder Strike","Rainbow"],"picked":"Reboot","floor":16.0}],"player_experience":434878,"relics_obtained":[{"floor":6.0,"key":"Gremlin Horn"},{"floor":9.0,"key":"War Paint"},{"floor":13.0,"key":"Pen Nib"}],"event_choices":[{"event_name":"Shining Light","player_choice":"Entered Light","floor":4.0,"damage_taken":0.0},{"event_name":"The Cleric","player_choice":"Card Removal","floor":5.0,"damage_taken":0.0},{"event_name":"The Lab","player_choice":"Got Potions","floor":12.0,"damage_taken":0.0}],"is_beta":false,"boss_relics":[],"items_purged_floors":[10],"is_endless":true,"potions_floor_spawned":[2,6,13,14,16],"ascension_level":0}