{"gold_per_floor":[117,131,148,98,108,108,143,143,143,68,68,68,84,119,119,194,194,206,206,223,233,250,250,265,265],"floor_reached":25,"playtime":816,"items_purged":["Strike_R"],"score":366,"play_id":"d044c32d-765e-44e1-a9d7-07cb3614dc96","local_time":"20181015114937","is_ascension_mode":true,"campfire_choices":[{"data":"Disarm","floor":6,"key":"SMITH"},{"data":"Clothesline","floor":8,"key":"SMITH"},{"data":"Limit Break","floor":11,"key":"SMITH"},{"data":"Inflame","floor":15,"key":"SMITH"},{"data":"Armaments","floor":23,"key":"SMITH"}],"neow_cost":"NONE","seed_source_timestamp":431221247271297,"circlet_count":0,"master_deck":["Strike_R","Defend_R","Defend_R","Defend_R","Bash","AscendersBane","Limit Break+1","Heavy Blade","Disarm+1","Reckless Charge","Clothesline+1","Thunderclap","Inflame+1","Headbutt","Limit Break","Blood for Blood+1","Flex+1","Rage+1","Dropkick","Decay","Sword Boomerang","Armaments+1","Power Through"],"relics":["Burning Blood","Paper Frog","Meat on the Bone","Potion Belt","Astrolabe"],"potions_floor_usage":[3,7,20,24],"damage_taken":[{"damage":6,"enemies":"Cultist","floor":1,"turns":4},{"damage":8,"enemies":"2 Louse","floor":2,"turns":3},{"damage":19,"enemies":"Jaw Worm","floor":3,"turns":5},{"damage":1,"enemies":"2 Fungi Beasts","floor":5,"turns":5},{"damage":30,"enemies":"Lagavulin","floor":7,"turns":11},{"damage":1,"enemies":"Looter","floor":13,"turns":3},{"damage":29,"enemies":"Gremlin Nob","floor":14,"turns":5},{"damage":10,"enemies":"Hexaghost","floor":16,"turns":8},{"damage":21,"enemies":"Chosen","floor":18,"turns":6},{"damage":21,"enemies":"2 Thieves","floor":20,"turns":4},{"damage":18,"enemies":"Snake Plant","floor":21,"turns":3},{"damage":28,"enemies":"Cultist and Chosen","floor":22,"turns":6},{"damage":35,"enemies":"3 Cultists","floor":24,"turns":5},{"damage":45,"enemies":"Masked Bandits","floor":25,"turns":3}],"seed_played":"-5483949173038738869","potions_obtained":[{"floor":2,"key":"Fruit Juice"},{"floor":5,"key":"Weak Potion"},{"floor":16,"key":"Fire Potion"},{"floor":18,"key":"Energy Potion"}],"is_trial":false,"path_per_floor":["M","M","M","?","M","R","E","R","T","$","R","$","M","E","R","B",null,"M","?","M","M","M","R","M"],"character_chosen":"IRONCLAD","items_purchased":[],"campfire_rested":0,"item_purchase_floors":[],"current_hp_per_floor":[68,66,58,58,63,63,39,39,39,39,39,39,56,45,45,53,73,58,58,55,55,45,45,28,0],"gold":265,"neow_bonus":"ONE_RANDOM_RARE_CARD","is_prod":false,"is_daily":false,"chose_seed":false,"campfire_upgraded":5,"win_rate":0,"timestamp":1539596977,"path_taken":["M","M","M","?","M","R","E","R","T","?","R","$","?","E","R","BOSS","M","?","M","M","M","R","M","?"],"build_version":"2018-10-11","purchased_purges":1,"victory":false,"max_hp_per_floor":[75,75,80,80,80,80,80,80,80,80,80,80,80,80,80,80,80,80,80,80,80,80,80,80,80],"card_choices":[{"not_picked":["Cleave","Flex"],"picked":"Heavy Blade","floor":1},{"not_picked":["Cleave","Pommel Strike"],"picked":"Disarm","floor":2},{"not_picked":["Cleave","Rampage"],"picked":"Reckless Charge","floor":3},{"not_picked":["Hemokinesis","Clash"],"picked":"Clothesline","floor":5},{"not_picked":["Rupture","Hemokinesis"],"picked":"Thunderclap","floor":7},{"not_picked":["Sever Soul","Second Wind"],"picked":"Inflame","floor":13},{"not_picked":["Anger","Twin Strike"],"picked":"Headbutt","floor":14},{"not_picked":["Demon Form","Exhume"],"picked":"Limit Break","floor":16},{"not_picked":["Pommel Strike","Anger"],"picked":"Dropkick","floor":18},{"not_picked":["Carnage+1","Warcry"],"picked":"Sword Boomerang","floor":20},{"not_picked":["Fire Breathing","Twin Strike"],"picked":"Armaments","floor":21},{"not_picked":["Warcry","Armaments","Havoc"],"picked":"SKIP","floor":22},{"not_picked":["Combust+1","Flex"],"picked":"Power Through","floor":24}],"player_experience":517600,"relics_obtained":[{"floor":7,"key":"Paper Frog"},{"floor":9,"key":"Meat on the Bone"},{"floor":14,"key":"Potion Belt"}],"event_choices":[{"event_name":"The Cleric","player_choice":"Card Removal","floor":4,"damage_taken":0},{"event_name":"Forgotten Altar","player_choice":"Smashed Altar","floor":19,"damage_taken":0},{"event_name":"Masked Bandits","player_choice":"Fought Bandits","floor":25,"damage_taken":0}],"is_beta":false,"boss_relics":[{"not_picked":["Eternal Feather","Runic Dome"],"picked":"Astrolabe"}],"items_purged_floors":[10],"is_endless":false,"potions_floor_spawned":[2,5,16,18],"killed_by":"Masked Bandits","ascension_level":14}