{"gold_per_floor":[117,131,131,56,71,71,87,121,121,121,21,41,41,51,51,125,125,139,149,149,149,149,149,24,51,78,112,123,123,123,176,176,176],"floor_reached":33,"playtime":2174,"items_purged":["Strike_R","Strike_R","Strike_R"],"score":509,"play_id":"f0e6c2b9-d286-4da8-b789-8c175900b905","local_time":"20190131134932","is_ascension_mode":true,"campfire_choices":[{"data":"Flex","floor":6.0,"key":"SMITH"},{"data":"Heavy Blade","floor":10.0,"key":"SMITH"},{"data":"Bash","floor":13.0,"key":"SMITH"},{"data":"Inflame","floor":15.0,"key":"SMITH"},{"floor":23.0,"key":"REST"},{"data":"Bloodletting","floor":30.0,"key":"SMITH"},{"floor":32.0,"key":"REST"}],"neow_cost":"NONE","seed_source_timestamp":83224987897867,"circlet_count":0,"master_deck":["AscendersBane","Defend_R","Defend_R","Defend_R+1","Defend_R+1","Bash+1","Flex+1","Inflame+1","Twin Strike","Heavy Blade+1","Impervious","Warcry+1","Bloodletting+1"],"special_seed":0,"relics":["Burning Blood","War Paint","Juzu Bracelet","White Beast Statue","Nilry\u0027s Codex","Pear","Mummified Hand","Bag of Preparation","Pocketwatch","Smiling Mask"],"potions_floor_usage":[33,33],"damage_taken":[{"damage":9.0,"enemies":"Small Slimes","floor":1.0,"turns":6.0},{"damage":1.0,"enemies":"Cultist","floor":2.0,"turns":3.0},{"damage":6.0,"enemies":"2 Louse","floor":5.0,"turns":3.0},{"damage":6.0,"enemies":"Blue Slaver","floor":7.0,"turns":4.0},{"damage":18.0,"enemies":"Gremlin Nob","floor":8.0,"turns":3.0},{"damage":6.0,"enemies":"Looter","floor":12.0,"turns":3.0},{"damage":0.0,"enemies":"Exordium Wildlife","floor":14.0,"turns":3.0},{"damage":32.0,"enemies":"The Guardian","floor":16.0,"turns":9.0},{"damage":7.0,"enemies":"Shell Parasite","floor":18.0,"turns":4.0},{"damage":10.0,"enemies":"3 Byrds","floor":19.0,"turns":8.0},{"damage":46.0,"enemies":"Book of Stabbing","floor":25.0,"turns":5.0},{"damage":5.0,"enemies":"Slavers","floor":27.0,"turns":6.0},{"damage":6.0,"enemies":"Snake Plant","floor":28.0,"turns":2.0},{"damage":79,"enemies":"Automaton","floor":33,"turns":12}],"seed_played":"-2569632674431995734","potions_obtained":[{"floor":0.0,"key":"Swift Potion"},{"floor":0.0,"key":"Regen Potion"},{"floor":12.0,"key":"Poison Potion"},{"floor":18.0,"key":"FearPotion"},{"floor":19.0,"key":"BloodPotion"},{"floor":25.0,"key":"Strength Potion"},{"floor":27.0,"key":"Block Potion"},{"floor":28.0,"key":"AttackPotion"}],"is_trial":false,"path_per_floor":["?","?","?","T","$","?","T"],"character_chosen":"IRONCLAD","items_purchased":[],"campfire_rested":2,"item_purchase_floors":[],"current_hp_per_floor":[65,70,70,70,70,70,70,58,58,58,58,58,58,64,64,38,66,65,61,40,40,50,75,75,44,44,53,53,53,53,53,78,0],"gold":176,"neow_bonus":"THREE_SMALL_POTIONS","is_prod":false,"is_daily":false,"chose_seed":false,"campfire_upgraded":5,"win_rate":0,"timestamp":1548913772,"path_taken":["M","M","?","$","M","R","M","E","T","R","$","M","R","M","R","BOSS","M","M","?","?","?","R","?","E","T","E","M","?","R","?","R","BOSS"],"build_version":"2019-01-23","purchased_purges":3,"victory":false,"max_hp_per_floor":[75,75,75,75,75,75,75,75,75,75,75,75,75,75,75,75,75,75,75,75,75,85,85,85,85,85,85,85,85,85,85,85,85],"card_choices":[{"not_picked":["Combust","Flame Barrier"],"picked":"Flex","floor":1.0},{"not_picked":["Pommel Strike","Cleave"],"picked":"Inflame","floor":2.0},{"not_picked":["Bludgeon","Perfected Strike"],"picked":"Twin Strike","floor":5.0},{"not_picked":["Havoc","Anger"],"picked":"Heavy Blade","floor":7.0},{"not_picked":["True Grit","Entrench","Iron Wave"],"picked":"SKIP","floor":8.0},{"not_picked":["Shrug It Off","Wild Strike","Iron Wave"],"picked":"SKIP","floor":12.0},{"not_picked":["Perfected Strike","Twin Strike","Uppercut"],"picked":"SKIP","floor":14.0},{"not_picked":["Barricade","Brutality"],"picked":"Impervious","floor":16.0},{"not_picked":["Rage","Wild Strike","Anger"],"picked":"SKIP","floor":18.0},{"not_picked":["Burning Pact","Flex"],"picked":"Warcry+1","floor":19.0},{"not_picked":["Clash","Headbutt"],"picked":"Bloodletting","floor":25.0},{"not_picked":["Reckless Charge","Berserk","Anger"],"picked":"SKIP","floor":27.0},{"not_picked":["Reckless Charge","Thunderclap","Clash"],"picked":"SKIP","floor":28.0}],"player_experience":179585,"relics_obtained":[{"floor":8.0,"key":"War Paint"},{"floor":9.0,"key":"Juzu Bracelet"},{"floor":20.0,"key":"Nilry\u0027s Codex"},{"floor":22.0,"key":"Pear"},{"floor":25.0,"key":"Mummified Hand"},{"floor":26.0,"key":"Bag of Preparation"},{"floor":27.0,"key":"Pocketwatch"},{"floor":31.0,"key":"Smiling Mask"}],"event_choices":[{"cards_removed":["Strike_R"],"damage_healed":0.0,"max_hp_gain":0.0,"max_hp_loss":0.0,"gold_gain":0.0,"event_name":"Bonfire Elementals","player_choice":"Offered Basic","floor":3.0,"gold_loss":0.0,"damage_taken":0.0},{"damage_healed":0.0,"max_hp_gain":0.0,"max_hp_loss":0.0,"gold_gain":0.0,"event_name":"Cursed Tome","player_choice":"Obtained Book","floor":20.0,"gold_loss":0.0,"damage_taken":21.0},{"cards_removed":["Strike_R"],"damage_healed":0.0,"max_hp_gain":0.0,"max_hp_loss":0.0,"gold_gain":0.0,"event_name":"Back to Basics","player_choice":"Elegance","floor":21.0,"gold_loss":0.0,"damage_taken":0.0},{"damage_healed":0.0,"max_hp_gain":0.0,"max_hp_loss":0.0,"gold_gain":0.0,"event_name":"Lab","player_choice":"Got Potions","floor":29.0,"gold_loss":0.0,"damage_taken":0.0}],"is_beta":false,"boss_relics":[{"not_picked":["Runic Cube","Calling Bell"],"picked":"White Beast Statue"}],"items_purged_floors":[4,11,24],"is_endless":false,"potions_floor_spawned":[1,5,12,14,18,19,25,27,28],"killed_by":"Automaton","ascension_level":16}