{"gold_per_floor":[111,38,53,53,53,53,67,67,90,15,15,15,34,69,69,165,165,178,178,194,109,34,34,34],"floor_reached":24,"playtime":1106,"items_purged":["Strike_B"],"score":336,"play_id":"18e8c428-93b1-43ca-b28a-fa06682b4c15","local_time":"20190226220250","is_ascension_mode":true,"campfire_choices":[{"data":"Zap","floor":6,"key":"SMITH"},{"data":"White Noise","floor":8,"key":"SMITH"},{"data":"Fission","floor":12,"key":"SMITH"},{"data":"Chaos","floor":15,"key":"SMITH"},{"data":"Fusion","floor":23,"key":"SMITH"}],"neow_cost":"CURSE","seed_source_timestamp":892266720694934,"circlet_count":0,"master_deck":["AscendersBane","Strike_B","Strike_B","Strike_B","Defend_B","Defend_B","Defend_B","Defend_B","Zap+1","Dualcast","Chaos+1","Fission+1","Glacier","White Noise+1","Seek","BootSequence","Meteor Strike","Fusion+1","Barrage"],"relics":["Cracked Core","Golden Idol","Anchor","Letter Opener","Dodecahedron","White Beast Statue","Sundial","Regal Pillow"],"potions_floor_usage":[14],"damage_taken":[{"damage":1,"enemies":"2 Louse","floor":1,"turns":3},{"damage":1,"enemies":"Small Slimes","floor":3,"turns":5},{"damage":0,"enemies":"Jaw Worm","floor":7,"turns":4},{"damage":5,"enemies":"Lots of Slimes","floor":13,"turns":3},{"damage":6,"enemies":"Gremlin Nob","floor":14,"turns":4},{"damage":47,"enemies":"The Guardian","floor":16,"turns":18},{"damage":0,"enemies":"Chosen","floor":18,"turns":6},{"damage":6,"enemies":"Spheric Guardian","floor":20,"turns":3},{"damage":59,"enemies":"Gremlin Leader","floor":24,"turns":5}],"seed_played":"-711207911303570097","potions_obtained":[{"floor":1,"key":"LiquidBronze"},{"floor":13,"key":"SteroidPotion"},{"floor":16,"key":"FearPotion"},{"floor":18,"key":"Weak Potion"},{"floor":20,"key":"Dexterity Potion"}],"is_trial":false,"path_per_floor":["M","$","M","$","?","R","M","R","T","?","T","R","M","E","R","B",null,"M","?","M","?","$","R","E"],"character_chosen":"DEFECT","items_purchased":["Fission"],"campfire_rested":0,"item_purchase_floors":[2],"current_hp_per_floor":[77,77,76,76,76,76,76,76,76,76,76,76,71,65,65,18,62,62,62,56,56,56,56,0],"gold":34,"neow_bonus":"TWENTY_PERCENT_HP_BONUS","is_prod":false,"is_daily":false,"chose_seed":false,"campfire_upgraded":5,"win_rate":0,"timestamp":1551214970,"path_taken":["M","$","M","$","?","R","M","R","T","?","?","R","?","E","R","BOSS","M","?","?","?","$","R","E"],"build_version":"2019-01-23","purchased_purges":1,"victory":false,"max_hp_per_floor":[85,85,85,85,77,77,77,77,77,77,77,77,77,77,77,77,77,77,77,77,77,77,77,77],"card_choices":[{"not_picked":["Streamline","Go for the Eyes"],"picked":"Chaos","floor":1},{"not_picked":["Gash","Leap"],"picked":"Glacier","floor":3},{"not_picked":["Heatsinks","Genetic Algorithm"],"picked":"White Noise","floor":7},{"not_picked":["Streamline","Conserve Battery"],"picked":"Seek","floor":13},{"not_picked":["Melter","Redo"],"picked":"BootSequence","floor":14},{"not_picked":["Machine Learning","Reboot"],"picked":"Meteor Strike","floor":16},{"not_picked":["Sweeping Beam","Sunder"],"picked":"Fusion","floor":18},{"not_picked":["Beam Cell","Chill"],"picked":"Barrage","floor":20}],"player_experience":472228,"relics_obtained":[{"floor":9,"key":"Anchor"},{"floor":11,"key":"Letter Opener"},{"floor":14,"key":"Dodecahedron"}],"event_choices":[{"damage_healed":0,"gold_gain":0,"player_choice":"Lose Max HP","damage_taken":0,"relics_obtained":["Golden Idol"],"max_hp_gain":0,"max_hp_loss":8,"event_name":"Golden Idol","floor":5,"gold_loss":0},{"cards_removed":["Injury"],"damage_healed":0,"gold_gain":0,"player_choice":"Card Removal","damage_taken":0,"max_hp_gain":0,"max_hp_loss":0,"event_name":"The Cleric","floor":10,"gold_loss":75},{"damage_healed":0,"gold_gain":0,"player_choice":"Gave Potion","damage_taken":0,"relics_obtained":["Sundial"],"max_hp_gain":0,"max_hp_loss":0,"event_name":"WeMeetAgain","floor":19,"gold_loss":0},{"damage_healed":0,"gold_gain":0,"player_choice":"Obtained Relic","damage_taken":0,"relics_obtained":["Regal Pillow"],"max_hp_gain":0,"max_hp_loss":0,"event_name":"Addict","floor":21,"gold_loss":85}],"is_beta":false,"boss_relics":[{"not_picked":["Runic Dome","Ectoplasm"],"picked":"White Beast Statue"}],"items_purged_floors":[22],"is_endless":false,"potions_floor_spawned":[1,13,16,18,20],"killed_by":"Gremlin Leader","ascension_level":15}