{"gold_per_floor":[110,110,128,142,217,247,247,257,257,61,94,94,121,132,132,204,204,219,269,269,287,287,287,306,306,306,321,321],"floor_reached":28,"playtime":1710,"items_purged":[],"score":417,"play_id":"446398d6-5f4b-4c3a-b55e-8237ce9d6182","local_time":"20190113193908","is_ascension_mode":true,"campfire_choices":[{"floor":7,"key":"REST"},{"floor":15,"key":"REST"},{"floor":23,"key":"REST"},{"data":"Madness","floor":25,"key":"SMITH"}],"neow_cost":"NONE","seed_source_timestamp":297896081935893,"circlet_count":0,"master_deck":["AscendersBane","Strike_R","Strike_R","Strike_R+1","Defend_R","Defend_R","Defend_R","Bash","Madness+1","Searing Blow+1","Iron Wave","Clothesline","Pummel+1","Anger+1","Mayhem","Carnage+1","Juggernaut","Dark Embrace","Uppercut+1","Sentinel","Battle Trance","Pummel+1","Dual Wield","Flex"],"relics":["Burning Blood","Molten Egg 2","Mummified Hand","Letter Opener","Torii","Whetstone","White Beast Statue","Gambling Chip"],"potions_floor_usage":[6,11,11,18,24,24,27,28],"damage_taken":[{"damage":12,"enemies":"Jaw Worm","floor":1,"turns":3},{"damage":1,"enemies":"Cultist","floor":3,"turns":4},{"damage":1,"enemies":"Small Slimes","floor":4,"turns":3},{"damage":40,"enemies":"3 Sentries","floor":6,"turns":9},{"damage":5,"enemies":"Blue Slaver","floor":8,"turns":4},{"damage":2,"enemies":"Lagavulin","floor":11,"turns":7},{"damage":25,"enemies":"Gremlin Nob","floor":13,"turns":4},{"damage":7,"enemies":"2 Fungi Beasts","floor":14,"turns":3},{"damage":35,"enemies":"Slime Boss","floor":16,"turns":8},{"damage":11,"enemies":"3 Byrds","floor":18,"turns":4},{"damage":25,"enemies":"Spheric Guardian","floor":21,"turns":4},{"damage":16,"enemies":"3 Cultists","floor":24,"turns":5},{"damage":44,"enemies":"Snake Plant","floor":27,"turns":5},{"damage":26,"enemies":"Chosen and Byrds","floor":28,"turns":4}],"seed_played":"4401164889712851688","potions_obtained":[{"floor":1,"key":"Explosive Potion"},{"floor":3,"key":"Dexterity Potion"},{"floor":6,"key":"Strength Potion"},{"floor":16,"key":"Fire Potion"},{"floor":18,"key":"Weak Potion"},{"floor":21,"key":"Fire Potion"},{"floor":24,"key":"Regen Potion"},{"floor":27,"key":"PowerPotion"}],"is_trial":false,"path_per_floor":["M","?","M","M","?","E","R","M","T","$","E","?","E","M","R","B",null,"M","?","?","M","?","R","M","R","T","M","M"],"character_chosen":"IRONCLAD","items_purchased":["Mayhem"],"campfire_rested":3,"item_purchase_floors":[10],"current_hp_per_floor":[62,62,67,72,61,27,49,50,50,50,54,43,24,23,45,16,60,55,55,55,36,36,58,48,48,48,24,0],"gold":321,"neow_bonus":"RANDOM_COLORLESS","is_prod":false,"is_daily":false,"chose_seed":false,"campfire_upgraded":1,"win_rate":0,"timestamp":1547437148,"path_taken":["M","?","M","?","?","E","R","M","T","?","E","?","E","M","R","BOSS","M","?","?","M","?","R","M","R","T","M","?"],"build_version":"2019-01-10","purchased_purges":0,"victory":false,"max_hp_per_floor":[75,75,75,75,75,75,75,75,75,75,75,75,75,75,75,75,75,75,75,75,75,75,75,75,75,75,75,75],"card_choices":[{"not_picked":["Rage","Perfected Strike"],"picked":"Searing Blow","floor":1},{"not_picked":["Anger","Body Slam"],"picked":"Clothesline","floor":3},{"not_picked":["Shockwave","Metallicize"],"picked":"Pummel","floor":6},{"not_picked":["Pommel Strike+1","Twin Strike+1"],"picked":"Anger+1","floor":8},{"not_picked":["Havoc","Iron Wave+1"],"picked":"Carnage+1","floor":11},{"not_picked":["Clash+1","Armaments"],"picked":"Juggernaut","floor":13},{"not_picked":["Thunderclap+1","Rage"],"picked":"Perfected Strike+1","floor":14},{"not_picked":["Fiend Fire+1","Reaper+1"],"picked":"Dark Embrace","floor":16},{"not_picked":["Thunderclap+1","Flex"],"picked":"Uppercut+1","floor":18},{"not_picked":["Cleave+1","Flex"],"picked":"Pummel+1","floor":21},{"not_picked":["Heavy Blade+1","Wild Strike+1"],"picked":"Dual Wield","floor":24},{"not_picked":["Havoc","Sentinel+1"],"picked":"Flex","floor":27}],"player_experience":480918,"relics_obtained":[{"floor":6,"key":"Molten Egg 2"},{"floor":9,"key":"Mummified Hand"},{"floor":11,"key":"Letter Opener"},{"floor":13,"key":"Whetstone"},{"floor":26,"key":"Gambling Chip"}],"event_choices":[{"damage_healed":0,"gold_gain":0,"cards_transformed":["Strike_R"],"player_choice":"Transformed","damage_taken":0,"max_hp_gain":0,"max_hp_loss":0,"event_name":"Transmorgrifier","floor":2,"gold_loss":0,"cards_obtained":["Iron Wave"]},{"damage_healed":0,"gold_gain":75,"player_choice":"Gather Gold","damage_taken":11,"max_hp_gain":0,"max_hp_loss":0,"event_name":"World of Goop","floor":5,"gold_loss":0},{"damage_healed":0,"gold_gain":0,"player_choice":"Success","damage_taken":11,"relics_obtained":["Torii"],"max_hp_gain":0,"max_hp_loss":0,"event_name":"Scrap Ooze","floor":12,"gold_loss":0},{"damage_healed":0,"gold_gain":50,"player_choice":"Stole From Cult","damage_taken":0,"max_hp_gain":0,"max_hp_loss":0,"event_name":"Nest","floor":19,"gold_loss":0},{"damage_healed":0,"gold_gain":0,"cards_transformed":["Defend_R","Strike_R"],"player_choice":"Became Test Subject","damage_taken":0,"max_hp_gain":0,"max_hp_loss":0,"event_name":"Drug Dealer","floor":20,"gold_loss":0,"cards_obtained":["Sentinel","Battle Trance"]},{"cards_removed":["Perfected Strike"],"damage_healed":0,"gold_gain":0,"player_choice":"Elegance","damage_taken":0,"max_hp_gain":0,"max_hp_loss":0,"event_name":"Back to Basics","floor":22,"gold_loss":0}],"is_beta":false,"boss_relics":[{"not_picked":["Pandora\u0027s Box","Fusion Hammer"],"picked":"White Beast Statue"}],"items_purged_floors":[],"is_endless":false,"potions_floor_spawned":[1,3,6,16,18,21,24,27],"killed_by":"Chosen and Byrds","ascension_level":15}