{"gold_per_floor":[116,129,129,149,149,189,189,214,241,264,264,299,319,338,338,459,459,475,34,34,49,61,61,95,95,95,130,130,130,30,40,40,40],"floor_reached":33,"playtime":2992,"items_purged":["Strike_R","Strike_R"],"score":356,"play_id":"0865d200-a118-4bb6-9650-e1d989fcc4cb","local_time":"20180915151407","is_ascension_mode":true,"campfire_choices":[{"floor":7,"key":"REST"},{"data":"Havoc","floor":11,"key":"SMITH"},{"data":"Evolve","floor":15,"key":"SMITH"},{"floor":23,"key":"REST"},{"floor":25,"key":"REST"},{"floor":32,"key":"REST"}],"neow_cost":"TEN_PERCENT_HP_LOSS","seed_source_timestamp":265198320638015,"circlet_count":0,"master_deck":["Strike_R","Strike_R","Strike_R","Defend_R","Defend_R","Defend_R+1","Defend_R","Bash+1","Fiend Fire","Flex","Spot Weakness","Injury","Havoc+1","Shrug It Off","Cleave","Headbutt","Evolve+1","Feel No Pain","Immolate","Warcry","Battle Trance","True Grit+1","Corruption+1","Body Slam+1","Reckless Charge+1"],"relics":["Burning Blood","Bloody Idol","Regal Pillow","Orichalcum","Boot","Mark of Pain","Frozen Eye","Bottled Lightning","Molten Egg 2","Nloth\u0027s Gift","CultistMask"],"potions_floor_usage":[6,12,12,16,24,24,24,33],"damage_taken":[{"damage":7,"enemies":"Jaw Worm","floor":1,"turns":6},{"damage":1,"enemies":"2 Louse","floor":2,"turns":2},{"damage":8,"enemies":"Small Slimes","floor":4,"turns":3},{"damage":39,"enemies":"Gremlin Nob","floor":6,"turns":5},{"damage":6,"enemies":"3 Louse","floor":8,"turns":4},{"damage":5,"enemies":"Red Slaver","floor":10,"turns":4},{"damage":4,"enemies":"3 Sentries","floor":12,"turns":3},{"damage":1,"enemies":"2 Fungi Beasts","floor":13,"turns":3},{"damage":12,"enemies":"Large Slime","floor":14,"turns":4},{"damage":28,"enemies":"Slime Boss","floor":16,"turns":9},{"damage":28,"enemies":"3 Byrds","floor":18,"turns":4},{"damage":7,"enemies":"Shell Parasite","floor":21,"turns":2},{"damage":9,"enemies":"Cultist and Chosen","floor":22,"turns":6},{"damage":62,"enemies":"Gremlin Leader","floor":24,"turns":7},{"damage":33,"enemies":"Slavers","floor":27,"turns":3},{"damage":16,"enemies":"Centurion and Healer","floor":31,"turns":5},{"damage":69,"enemies":"Champ","floor":33,"turns":7}],"seed_played":"-7142259440366887026","potions_obtained":[{"floor":1,"key":"FairyPotion"},{"floor":4,"key":"PowerPotion"},{"floor":8,"key":"AttackPotion"},{"floor":10,"key":"LiquidBronze"},{"floor":13,"key":"SpeedPotion"},{"floor":22,"key":"Weak Potion"},{"floor":27,"key":"Ancient Potion"}],"is_trial":false,"path_per_floor":["M","M","?","M","?","E","R","M","T","M","R","E","M","M","R","B",null,"M","$","?","M","M","R","E","R","T","E","?","?","$","M","R"],"character_chosen":"IRONCLAD","items_purchased":["Frozen Eye","Battle Trance","Block Potion","AttackPotion"],"campfire_rested":4,"item_purchase_floors":[19,19,19,19],"current_hp_per_floor":[71,72,72,70,56,23,59,59,59,60,60,62,67,61,61,39,72,50,50,50,54,56,72,21,57,57,35,35,35,35,30,66,0],"gold":40,"neow_bonus":"THREE_RARE_CARDS","is_prod":false,"is_daily":false,"chose_seed":false,"campfire_upgraded":2,"win_rate":0,"timestamp":1537042447,"path_taken":["M","M","?","M","?","E","R","M","T","?","R","E","M","M","R","BOSS","M","$","?","?","M","R","E","R","T","E","?","?","$","M","R","BOSS"],"build_version":"2018-09-06","purchased_purges":2,"victory":false,"max_hp_per_floor":[72,72,72,72,72,72,72,72,72,72,72,72,72,72,72,72,72,72,72,72,72,72,72,72,72,72,72,72,72,72,72,72,72],"card_choices":[{"not_picked":["Offering","Berserk"],"picked":"Fiend Fire","floor":0},{"not_picked":["Spot Weakness","Body Slam"],"picked":"Flex","floor":1},{"not_picked":["Carnage","Cleave"],"picked":"Spot Weakness","floor":2},{"not_picked":["Iron Wave","Twin Strike"],"picked":"Havoc","floor":4},{"not_picked":["Clothesline","Pommel Strike"],"picked":"Shrug It Off","floor":6},{"not_picked":["Iron Wave","Dual Wield"],"picked":"Cleave","floor":8},{"not_picked":["Anger","Body Slam"],"picked":"Headbutt","floor":10},{"not_picked":["Headbutt","Shockwave"],"picked":"Evolve","floor":12},{"not_picked":["Whirlwind","Flex"],"picked":"Feel No Pain","floor":13},{"not_picked":["Heavy Blade","Shrug It Off","Perfected Strike"],"picked":"SKIP","floor":14},{"not_picked":["Bludgeon","Juggernaut"],"picked":"Immolate","floor":16},{"not_picked":["Hemokinesis","Rage"],"picked":"Warcry","floor":18},{"not_picked":["Iron Wave","Headbutt","Metallicize"],"picked":"SKIP","floor":21},{"not_picked":["Heavy Blade","Feel No Pain"],"picked":"True Grit+1","floor":22},{"not_picked":["Fire Breathing","Wild Strike"],"picked":"Corruption+1","floor":24},{"not_picked":["Intimidate","Iron Wave"],"picked":"Body Slam","floor":27},{"not_picked":["Body Slam+1","Offering"],"picked":"Reckless Charge+1","floor":31}],"player_experience":259600,"relics_obtained":[{"floor":6,"key":"Regal Pillow"},{"floor":9,"key":"Orichalcum"},{"floor":12,"key":"Boot"},{"floor":24,"key":"Bottled Lightning"},{"floor":26,"key":"Gremlin Horn"},{"floor":27,"key":"Molten Egg 2"}],"event_choices":[{"event_name":"Golden Idol","player_choice":"Take Wound","floor":3,"damage_taken":0},{"event_name":"Shining Light","player_choice":"Entered Light","floor":5,"damage_taken":0},{"event_name":"Forgotten Altar","player_choice":"Gave Idol","floor":20,"damage_taken":0},{"event_name":"N\u0027loth","player_choice":"Traded a Gremlin Horn","floor":28,"damage_taken":0},{"event_name":"FaceTrader","player_choice":"Trade","floor":29,"damage_taken":0}],"is_beta":false,"boss_relics":[{"not_picked":["Tiny House","Velvet Choker"],"picked":"Mark of Pain"}],"items_purged_floors":[19,30],"is_endless":false,"potions_floor_spawned":[1,4,8,10,13,22,27],"killed_by":"Champ","ascension_level":4}