{"gold_per_floor":[113,72,4,4,23,55,55,72,124,124,153,168,168,168,168,247,247,202,202,117,42,42,42,42,42,42,42,42,42,42,42,42,42],"floor_reached":33,"playtime":1678,"items_purged":[],"score":580,"play_id":"6221ee4e-14a1-4044-a377-acc126dd1737","local_time":"20190225173720","is_ascension_mode":true,"campfire_choices":[{"data":"Footwork","floor":10.0,"key":"SMITH"},{"data":"Malaise","floor":15.0,"key":"SMITH"},{"floor":23.0,"key":"REST"},{"data":"Cloak And Dagger","floor":25.0,"key":"SMITH"},{"data":"Corpse Explosion","floor":32,"key":"SMITH"}],"neow_cost":"NONE","seed_source_timestamp":359237539642154,"circlet_count":0,"master_deck":["AscendersBane","Defend_G+1","Defend_G+1","Defend_G+1","Defend_G+1","Strike_G+1","Strike_G+1","Strike_G+1","Strike_G+1","Survivor","Neutralize","Footwork+1","Escape Plan","Cloak And Dagger+1","Corpse Explosion+1","Dagger Throw+1","Footwork+1","Malaise+1","Glass Knife+1","Dagger Spray+1","RitualDagger+1","Acrobatics","Dagger Throw+1","Cloak And Dagger","Tools of the Trade+1","Dodge and Roll","Backstab+1"],"special_seed":0,"relics":["Ring of the Snake","NeowsBlessing","Strawberry","Molten Egg 2","Frozen Egg 2","Regal Pillow","Juzu Bracelet","Ectoplasm","Art of War","Bottled Flame","Matryoshka","Pantograph"],"potions_floor_usage":[29,33],"damage_taken":[{"damage":0.0,"enemies":"2 Louse","floor":1.0,"turns":1.0},{"damage":0.0,"enemies":"Cultist","floor":5.0,"turns":1.0},{"damage":0.0,"enemies":"3 Sentries","floor":6.0,"turns":1.0},{"damage":5.0,"enemies":"Small Slimes","floor":8.0,"turns":4.0},{"damage":0.0,"enemies":"Lagavulin","floor":11.0,"turns":8.0},{"damage":6.0,"enemies":"2 Fungi Beasts","floor":12.0,"turns":3.0},{"damage":25.0,"enemies":"The Guardian","floor":16.0,"turns":14.0},{"damage":2.0,"enemies":"2 Thieves","floor":18.0,"turns":3.0},{"damage":16.0,"enemies":"Spheric Guardian","floor":22.0,"turns":4.0},{"damage":23.0,"enemies":"Slavers","floor":24.0,"turns":4.0},{"damage":5.0,"enemies":"Book of Stabbing","floor":27.0,"turns":7.0},{"damage":4.0,"enemies":"3 Cultists","floor":28.0,"turns":4.0},{"damage":1,"enemies":"Snecko","floor":29,"turns":7},{"damage":65,"enemies":"Champ","floor":33,"turns":16}],"seed_played":"-3186271201521957029","potions_obtained":[{"floor":5.0,"key":"Ancient Potion"},{"floor":6.0,"key":"FearPotion"},{"floor":12.0,"key":"Strength Potion"},{"floor":14.0,"key":"LiquidBronze"},{"floor":27.0,"key":"Ancient Potion"},{"floor":29,"key":"GhostInAJar"}],"is_trial":false,"path_per_floor":["M","$","?","$","M","E","?","M","T","R","E","M","?","?","R","B",null,"M","?","?","?","M","R","E","R","T","E","M","M","?","?","R","B"],"character_chosen":"THE_SILENT","items_purchased":["Escape Plan"],"campfire_rested":1,"item_purchase_floors":[2],"current_hp_per_floor":[59,59,66,66,66,66,59,54,54,54,54,48,48,48,48,23,61,59,53,53,53,37,73,50,50,50,45,41,40,40,40,40,0],"gold":42,"neow_bonus":"THREE_ENEMY_KILL","is_prod":false,"is_daily":false,"chose_seed":false,"campfire_upgraded":4,"win_rate":0,"timestamp":1551112640,"path_taken":["M","$","?","?","M","E","?","M","T","R","E","M","?","?","R","BOSS","M","?","?","?","M","R","E","R","T","E","M","M","?","?","R","BOSS"],"build_version":"2019-01-23","purchased_purges":0,"victory":false,"max_hp_per_floor":[66,66,73,73,73,73,73,73,73,73,73,73,73,73,73,73,73,73,73,73,73,73,73,73,73,73,73,73,73,73,73,73,73],"card_choices":[{"not_picked":["Dodge and Roll","Acrobatics"],"picked":"Footwork","floor":1.0},{"not_picked":["Outmaneuver","Slice"],"picked":"Cloak And Dagger","floor":5.0},{"not_picked":["Deflect","Quick Slash"],"picked":"Corpse Explosion","floor":6.0},{"not_picked":["Accuracy+1","Tactician"],"picked":"Dagger Throw+1","floor":8.0},{"not_picked":["Cloak And Dagger","Acrobatics"],"picked":"Footwork+1","floor":11.0},{"not_picked":["PiercingWail","Blade Dance"],"picked":"Malaise","floor":12.0},{"not_picked":["Unload+1","Grand Finale+1"],"picked":"Glass Knife+1","floor":16.0},{"not_picked":["Dagger Throw+1","Flying Knee+1"],"picked":"Dagger Spray+1","floor":18.0},{"not_picked":["Bane+1","Finisher+1"],"picked":"Acrobatics","floor":22.0},{"not_picked":["Prepared+1","Acrobatics"],"picked":"Dagger Throw+1","floor":24.0},{"not_picked":["Poisoned Stab+1","PiercingWail"],"picked":"Cloak And Dagger","floor":27.0},{"not_picked":["Tactician","Outmaneuver"],"picked":"Tools of the Trade+1","floor":28.0},{"not_picked":["Bouncing Flask","Flying Knee+1"],"picked":"Dodge and Roll","floor":29}],"player_experience":2325030,"relics_obtained":[{"floor":6.0,"key":"Molten Egg 2"},{"floor":9.0,"key":"Regal Pillow"},{"floor":11.0,"key":"Juzu Bracelet"},{"floor":24.0,"key":"Bottled Flame"},{"floor":26.0,"key":"Matryoshka"},{"floor":27.0,"key":"Pantograph"}],"event_choices":[{"damage_healed":0.0,"max_hp_gain":0.0,"max_hp_loss":0.0,"gold_gain":0.0,"event_name":"WeMeetAgain","player_choice":"Paid Gold","floor":3.0,"gold_loss":68.0,"damage_taken":0.0,"relics_obtained":["Strawberry"]},{"damage_healed":0.0,"max_hp_gain":0.0,"max_hp_loss":0.0,"gold_gain":0.0,"event_name":"Scrap Ooze","player_choice":"Success","floor":7.0,"gold_loss":0.0,"damage_taken":7.0,"relics_obtained":["Frozen Egg 2"]},{"cards_removed":["Defend_G"],"damage_healed":0.0,"max_hp_gain":0.0,"max_hp_loss":0.0,"gold_gain":0.0,"event_name":"Wheel of Change","player_choice":"Card Removal","floor":13.0,"gold_loss":0.0,"damage_taken":0.0},{"damage_healed":0.0,"max_hp_gain":0.0,"max_hp_loss":0.0,"gold_gain":0.0,"event_name":"Lab","player_choice":"Got Potions","floor":14.0,"gold_loss":0.0,"damage_taken":0.0},{"damage_healed":0.0,"max_hp_gain":0.0,"max_hp_loss":0.0,"gold_gain":0.0,"event_name":"Nest","player_choice":"Joined the Cult","floor":19.0,"gold_loss":0.0,"damage_taken":6.0,"cards_obtained":["RitualDagger"]},{"damage_healed":0.0,"max_hp_gain":0.0,"max_hp_loss":0.0,"gold_gain":0.0,"event_name":"Addict","player_choice":"Obtained Relic","floor":20.0,"gold_loss":85.0,"damage_taken":0.0,"relics_obtained":["Art of War"]},{"cards_removed":["Strike_G"],"damage_healed":0.0,"max_hp_gain":0.0,"max_hp_loss":0.0,"gold_gain":0.0,"event_name":"Beggar","player_choice":"Gave Gold","floor":21.0,"gold_loss":75.0,"damage_taken":0.0},{"damage_healed":0,"gold_gain":0,"player_choice":"Read","damage_taken":0,"max_hp_gain":0,"max_hp_loss":0,"event_name":"The Library","floor":30,"gold_loss":0,"cards_obtained":["Backstab"]},{"damage_healed":0,"gold_gain":0,"player_choice":"Simplicity","damage_taken":0,"max_hp_gain":0,"max_hp_loss":0,"event_name":"Back to Basics","floor":31,"gold_loss":0,"cards_upgraded":["Defend_G","Defend_G","Defend_G","Defend_G","Strike_G","Strike_G","Strike_G","Strike_G"]}],"is_beta":false,"boss_relics":[{"not_picked":["Orrery","Runic Dome"],"picked":"Ectoplasm"}],"items_purged_floors":[],"is_endless":false,"potions_floor_spawned":[5,6,12,27,29],"killed_by":"Champ","ascension_level":14}