{"gold_per_floor":[119,136,61,76,91,91,124,124,178,178,8,22,49,49,49,123,123,139,153,6,19,30,30,30,30,30,30,42,77,96,96,96,170,170,183,194,211,90,105,105,138,138,138,150,150,150,169,0,0,0],"floor_reached":50,"playtime":2934,"items_purged":["Strike_R"],"score":932,"play_id":"b1d80b59-b513-4913-9347-c974d8cc9c88","local_time":"20181206133621","is_ascension_mode":true,"campfire_choices":[{"data":"Whirlwind","floor":6,"key":"SMITH"},{"data":"Bash","floor":8,"key":"SMITH"},{"data":"Iron Wave","floor":10,"key":"SMITH"},{"data":"True Grit","floor":15,"key":"SMITH"},{"data":"Seeing Red","floor":23,"key":"SMITH"},{"data":"Shockwave","floor":25,"key":"SMITH"},{"data":"Body Slam","floor":32,"key":"SMITH"},{"floor":40,"key":"REST"},{"floor":42,"key":"DIG"},{"floor":45,"key":"DIG"},{"floor":49,"key":"REST"}],"neow_cost":"NONE","seed_source_timestamp":68587868381341,"circlet_count":0,"master_deck":["AscendersBane","Strike_R","Strike_R+1","Defend_R","Defend_R","Defend_R","Bash+1","Dramatic Entrance+1","Iron Wave+1","Whirlwind+1","Shrug It Off","Shockwave+1","True Grit+1","Ghostly Armor","Spot Weakness","Flex","Anger","Seeing Red+1","Body Slam+1","Second Wind","Evolve","Clash+1","Offering","Shrug It Off","Cleave+1","True Grit+1"],"relics":["Burning Blood","The Courier","Happy Flower","Bag of Preparation","Whetstone","Shovel","Runic Pyramid","Anchor","Molten Egg 2","Busted Crown","Blue Candle","Oddly Smooth Stone","Ancient Tea Set","Red Mask"],"potions_floor_usage":[7,16,29,37,37,50,50],"damage_taken":[{"damage":9,"enemies":"2 Louse","floor":1,"turns":3},{"damage":1,"enemies":"Cultist","floor":2,"turns":3},{"damage":4,"enemies":"Jaw Worm","floor":4,"turns":5},{"damage":0,"enemies":"2 Fungi Beasts","floor":5,"turns":2},{"damage":12,"enemies":"Gremlin Nob","floor":7,"turns":3},{"damage":5,"enemies":"3 Louse","floor":12,"turns":2},{"damage":12,"enemies":"Lagavulin","floor":13,"turns":7},{"damage":5,"enemies":"Slime Boss","floor":16,"turns":8},{"damage":3,"enemies":"Chosen","floor":18,"turns":6},{"damage":18,"enemies":"2 Thieves","floor":19,"turns":4},{"damage":31,"enemies":"Cultist and Chosen","floor":21,"turns":6},{"damage":4,"enemies":"3 Cultists","floor":22,"turns":5},{"damage":0,"enemies":"Chosen and Byrds","floor":28,"turns":5},{"damage":2,"enemies":"Book of Stabbing","floor":29,"turns":5},{"damage":10,"enemies":"Snecko","floor":30,"turns":5},{"damage":34,"enemies":"Automaton","floor":33,"turns":9},{"damage":0,"enemies":"3 Darklings","floor":35,"turns":3},{"damage":15,"enemies":"Orb Walker","floor":36,"turns":4},{"damage":26,"enemies":"4 Shapes","floor":37,"turns":2},{"damage":16,"enemies":"Maw","floor":39,"turns":7},{"damage":11,"enemies":"Reptomancer","floor":41,"turns":4},{"damage":0,"enemies":"Sphere and 2 Shapes","floor":44,"turns":2},{"damage":22,"enemies":"Transient","floor":47,"turns":6},{"damage":68,"enemies":"Awakened One","floor":50,"turns":12}],"seed_played":"274540385770947588","potions_obtained":[{"floor":5,"key":"AttackPotion"},{"floor":7,"key":"FairyPotion"},{"floor":13,"key":"SteroidPotion"},{"floor":19,"key":"EssenceOfSteel"},{"floor":33,"key":"FearPotion"},{"floor":36,"key":"SkillPotion"},{"floor":41,"key":"Swift Potion"},{"floor":44,"key":"BloodPotion"}],"is_trial":false,"path_per_floor":["M","M","?","M","M","R","E","R","T","R","$","M","E","?","R","B",null,"M","M","$","M","M","R","?","R","T","?","M","E","M","?","R","B",null,"M","M","M","$","M","R","E","R","T","M","R","?","M","?","R","B"],"character_chosen":"IRONCLAD","items_purchased":["Bag of Preparation","Shockwave","Spot Weakness","Flex","Anger","Shrug It Off","Cleave+1"],"campfire_rested":2,"item_purchase_floors":[11,11,20,20,20,38,38],"current_hp_per_floor":[65,70,70,72,75,75,69,69,69,69,69,70,64,64,64,65,73,75,63,63,38,40,40,40,40,40,55,61,65,61,61,61,33,65,71,62,42,42,32,54,49,49,49,55,55,55,39,39,61,0],"gold":0,"neow_bonus":"RANDOM_COLORLESS","is_prod":false,"is_daily":false,"chose_seed":false,"campfire_upgraded":7,"win_rate":0,"timestamp":1544099781,"path_taken":["M","M","?","M","M","R","E","R","T","R","$","M","E","?","R","BOSS","M","M","$","M","M","R","?","R","T","?","M","E","M","?","R","BOSS","M","M","M","$","M","R","E","R","T","M","R","?","M","?","R","BOSS"],"build_version":"2018-11-15","purchased_purges":1,"victory":false,"max_hp_per_floor":[75,75,75,75,75,75,75,75,75,75,75,75,75,75,75,75,75,75,75,75,75,75,75,75,75,75,75,75,75,75,75,75,75,75,75,75,75,75,75,75,75,75,75,75,75,75,75,75,75,75],"card_choices":[{"not_picked":["Hemokinesis","Cleave"],"picked":"Iron Wave","floor":1},{"not_picked":["Carnage","Searing Blow"],"picked":"Whirlwind","floor":2},{"not_picked":["Seeing Red","Twin Strike"],"picked":"Shrug It Off","floor":4},{"not_picked":["Clash","Perfected Strike","Body Slam"],"picked":"SKIP","floor":5},{"not_picked":["Sword Boomerang","Perfected Strike","Cleave"],"picked":"SKIP","floor":7},{"not_picked":["Body Slam","Whirlwind"],"picked":"Feel No Pain","floor":12},{"not_picked":["Combust","Warcry"],"picked":"True Grit","floor":13},{"not_picked":["Clothesline","Heavy Blade"],"picked":"Ghostly Armor","floor":18},{"not_picked":["Cleave","Flame Barrier","Feel No Pain"],"picked":"SKIP","floor":19},{"not_picked":["Feed","Anger+1"],"picked":"Seeing Red","floor":21},{"not_picked":["Searing Blow","Carnage","Heavy Blade"],"picked":"SKIP","floor":22},{"not_picked":["Wild Strike","Ghostly Armor"],"picked":"Body Slam","floor":28},{"not_picked":["Combust","Cleave","Thunderclap+1"],"picked":"SKIP","floor":29},{"not_picked":["Perfected Strike+1","Sword Boomerang+1"],"picked":"Second Wind","floor":30},{"not_picked":["Bludgeon+1","Exhume"],"picked":"Offering","floor":33},{"not_picked":["Iron Wave+1"],"picked":"SKIP","floor":35},{"not_picked":["Armaments"],"picked":"SKIP","floor":36},{"not_picked":["Havoc+1"],"picked":"SKIP","floor":37},{"not_picked":["Clash+1"],"picked":"SKIP","floor":39},{"not_picked":["True Grit"],"picked":"SKIP","floor":41},{"not_picked":[],"picked":"True Grit+1","floor":44},{"not_picked":["Thunderclap+1"],"picked":"SKIP","floor":47}],"player_experience":718665,"relics_obtained":[{"floor":7,"key":"The Courier"},{"floor":9,"key":"Happy Flower"},{"floor":13,"key":"Whetstone"},{"floor":14,"key":"Shovel"},{"floor":26,"key":"Anchor"},{"floor":29,"key":"Molten Egg 2"},{"floor":41,"key":"Blue Candle"},{"floor":42,"key":"Oddly Smooth Stone"},{"floor":45,"key":"Ancient Tea Set"}],"event_choices":[{"cards_removed":["Strike_R"],"damage_healed":0,"gold_gain":0,"player_choice":"Card Removal","damage_taken":0,"max_hp_gain":0,"max_hp_loss":0,"event_name":"The Cleric","floor":3,"gold_loss":75},{"damage_healed":0,"gold_gain":0,"player_choice":"Relic","damage_taken":0,"max_hp_gain":0,"max_hp_loss":0,"event_name":"Wheel of Change","floor":14,"gold_loss":0},{"damage_healed":0,"gold_gain":0,"player_choice":"Ignored","damage_taken":0,"max_hp_gain":0,"max_hp_loss":0,"event_name":"Vampires","floor":24,"gold_loss":0},{"damage_healed":15,"gold_gain":0,"player_choice":"Heal","damage_taken":0,"max_hp_gain":0,"max_hp_loss":0,"event_name":"The Library","floor":27,"gold_loss":0},{"damage_healed":0,"gold_gain":0,"cards_transformed":["Strike_R","Defend_R"],"player_choice":"Became Test Subject","damage_taken":0,"max_hp_gain":0,"max_hp_loss":0,"event_name":"Drug Dealer","floor":31,"gold_loss":0,"cards_obtained":["Evolve","Clash"]},{"cards_removed":["Feel No Pain"],"damage_healed":0,"gold_gain":0,"player_choice":"Removed Power","damage_taken":0,"max_hp_gain":0,"max_hp_loss":0,"event_name":"Falling","floor":46,"gold_loss":0},{"damage_healed":0,"gold_gain":0,"player_choice":"Paid","damage_taken":0,"relics_obtained":["Red Mask"],"max_hp_gain":0,"max_hp_loss":0,"event_name":"Tomb of Lord Red Mask","floor":48,"gold_loss":169}],"is_beta":false,"boss_relics":[{"not_picked":["Runic Cube","Black Star"],"picked":"Runic Pyramid"},{"not_picked":["Empty Cage","Orrery"],"picked":"Busted Crown"}],"items_purged_floors":[38],"is_endless":false,"potions_floor_spawned":[5,7,13,19,28,33,36,41,44,47],"killed_by":"Awakened One","ascension_level":17}