{"gold_per_floor":[112,112,132,146,161,161,191,191,191,203,222,222,222,53,53,126,126],"floor_reached":17,"playtime":976,"items_purged":["Strike_R"],"score":283,"play_id":"b476724c-e584-4fad-8dfe-4cfabd729f37","local_time":"20181021150426","is_ascension_mode":true,"campfire_choices":[{"data":"Armaments","floor":6,"key":"SMITH"},{"data":"Battle Trance","floor":8,"key":"SMITH"},{"data":"Clothesline","floor":15,"key":"SMITH"}],"neow_cost":"PERCENT_DAMAGE","seed_source_timestamp":92981330876078,"circlet_count":0,"master_deck":["Strike_R","Strike_R","Strike_R","Defend_R","Defend_R","Defend_R","Defend_R","Bash","AscendersBane","Double Tap","Battle Trance+1","Armaments+1","Seeing Red","Clothesline+1","Ghostly Armor","Cleave","Demon Form"],"relics":["Burning Blood","Blood Vial","Art of War"],"potions_floor_usage":[7,7,16],"damage_taken":[{"damage":1,"enemies":"2 Louse","floor":1,"turns":4},{"damage":7,"enemies":"Small Slimes","floor":3,"turns":3},{"damage":1,"enemies":"Cultist","floor":4,"turns":3},{"damage":14,"enemies":"3 Louse","floor":5,"turns":6},{"damage":18,"enemies":"Gremlin Nob","floor":7,"turns":3},{"damage":30,"enemies":"Gremlin Gang","floor":10,"turns":5},{"damage":6,"enemies":"Looter","floor":11,"turns":3},{"damage":18,"enemies":"Hexaghost","floor":16,"turns":14}],"seed_played":"6971697190283296663","potions_obtained":[{"floor":1,"key":"SpeedPotion"},{"floor":3,"key":"Strength Potion"},{"floor":11,"key":"AttackPotion"}],"is_trial":false,"path_per_floor":["M","?","M","M","M","R","E","R","T","M","M","?","?","$","R","B"],"character_chosen":"IRONCLAD","items_purchased":["Ghostly Armor","Cleave"],"campfire_rested":0,"item_purchase_floors":[14,14],"current_hp_per_floor":[55,55,54,59,51,51,39,39,39,17,19,19,19,19,19,9,9],"gold":126,"neow_bonus":"THREE_RARE_CARDS","is_prod":false,"is_daily":false,"chose_seed":false,"campfire_upgraded":3,"win_rate":0,"timestamp":1540127066,"path_taken":["M","?","M","M","M","R","E","R","T","?","M","?","?","$","R","BOSS"],"build_version":"2018-10-18","purchased_purges":1,"victory":false,"max_hp_per_floor":[75,75,75,75,75,75,75,75,75,75,75,75,75,75,75,75,75],"card_choices":[{"not_picked":["Brutality","Reaper"],"picked":"Double Tap","floor":0},{"not_picked":["Warcry","Flex"],"picked":"Battle Trance","floor":1},{"not_picked":["Twin Strike","Dark Embrace","Anger"],"picked":"SKIP","floor":3},{"not_picked":["Reckless Charge","Twin Strike"],"picked":"Armaments","floor":4},{"not_picked":["Battle Trance","Flex"],"picked":"Seeing Red","floor":5},{"not_picked":["Hemokinesis","Rampage"],"picked":"Clothesline","floor":7},{"not_picked":["Anger","Pommel Strike","Pummel"],"picked":"SKIP","floor":10},{"not_picked":["Perfected Strike","Sword Boomerang","Iron Wave"],"picked":"SKIP","floor":11},{"not_picked":["Dark Embrace","Reaper"],"picked":"Demon Form","floor":16}],"player_experience":552753,"relics_obtained":[{"floor":7,"key":"Blood Vial"},{"floor":9,"key":"Art of War"}],"event_choices":[{"cards_removed":["Strike_R"],"damage_healed":0,"gold_gain":0,"player_choice":"Forget","damage_taken":0,"max_hp_gain":0,"max_hp_loss":0,"event_name":"Living Wall","floor":2,"gold_loss":0},{"damage_healed":0,"gold_gain":0,"player_choice":"Searched \u00271\u0027 times","damage_taken":0,"max_hp_gain":0,"max_hp_loss":0,"event_name":"Dead Adventurer","floor":12,"gold_loss":0},{"damage_healed":0,"gold_gain":0,"player_choice":"Ignored","damage_taken":0,"max_hp_gain":0,"max_hp_loss":0,"event_name":"Shining Light","floor":13,"gold_loss":0}],"is_beta":false,"boss_relics":[],"items_purged_floors":[14],"is_endless":false,"potions_floor_spawned":[1,3,11],"ascension_level":16}