{"gold_per_floor":[115,132,145,145,158,158,172,172,172,189,189,207,226,326,326,425,425,440,61,77,77,87,87,137,168,168,33,33,44,44,57,57,153,153,163,176,227,244,25,25,45,45,114,128,228,228,258,0,0,0],"floor_reached":51,"playtime":5916,"items_purged":["Defend_B","Strike_B","Strike_B"],"score":866,"play_id":"31e2e7a0-5c37-42ff-820f-989d616c9491","local_time":"20190212014952","is_ascension_mode":true,"campfire_choices":[{"data":"Zap","floor":6,"key":"SMITH"},{"data":"Hologram","floor":8,"key":"SMITH"},{"data":"Go for the Eyes","floor":11,"key":"SMITH"},{"data":"Coolheaded","floor":15,"key":"SMITH"},{"data":"FTL","floor":23,"key":"SMITH"},{"data":"Blizzard","floor":28,"key":"SMITH"},{"data":"Gash","floor":30,"key":"SMITH"},{"floor":32,"key":"RECALL"},{"floor":40,"key":"REST"},{"floor":42,"key":"REST"},{"floor":46,"key":"REST"},{"floor":49,"key":"REST"}],"neow_cost":"NONE","seed_source_timestamp":875152540581784,"circlet_count":0,"master_deck":["Strike_B","Strike_B","Defend_B","Defend_B","Defend_B+1","Zap+1","Dualcast+1","Hologram+1","Coolheaded+1","Conserve Battery","Leap","Go for the Eyes+1","Conserve Battery","Compile Driver","Core Surge","Ball Lightning","Coolheaded","FTL+1","Chill","Leap+1","Cold Snap","Blizzard+1","Gash+1","Glacier","Reboot","Cold Snap","Sunder+1","Barrage+1","Ball Lightning+1","Seek","Capacitor+1","Barrage+1","Hologram+1"],"relics":["Cracked Core","Anchor","Kunai","Lizard Tail","HandDrill","The Courier","Turnip","Runic Pyramid","WingedGreaves","Happy Flower","Blue Candle","Prayer Wheel","Vajra","Red Mask"],"potions_floor_usage":[16,20,33,33,33,37,37,50,50],"damage_taken":[{"damage":0,"enemies":"Small Slimes","floor":1,"turns":3},{"damage":0,"enemies":"2 Louse","floor":2,"turns":1},{"damage":0,"enemies":"Cultist","floor":3,"turns":3},{"damage":6,"enemies":"Looter","floor":5,"turns":3},{"damage":0,"enemies":"Lots of Slimes","floor":7,"turns":5},{"damage":0,"enemies":"Blue Slaver","floor":10,"turns":3},{"damage":0,"enemies":"Exordium Thugs","floor":12,"turns":4},{"damage":0,"enemies":"Large Slime","floor":13,"turns":5},{"damage":6,"enemies":"Slime Boss","floor":16,"turns":8},{"damage":0,"enemies":"Shell Parasite","floor":18,"turns":8},{"damage":6,"enemies":"3 Byrds","floor":20,"turns":5},{"damage":20,"enemies":"Snake Plant","floor":22,"turns":4},{"damage":0,"enemies":"Book of Stabbing","floor":25,"turns":7},{"damage":4,"enemies":"Sentry and Sphere","floor":29,"turns":7},{"damage":5,"enemies":"Centurion and Healer","floor":31,"turns":6},{"damage":23,"enemies":"Collector","floor":33,"turns":12},{"damage":0,"enemies":"Orb Walker","floor":35,"turns":4},{"damage":0,"enemies":"3 Shapes","floor":36,"turns":6},{"damage":48,"enemies":"2 Orb Walkers","floor":37,"turns":8},{"damage":10,"enemies":"Spire Growth","floor":38,"turns":8},{"damage":3,"enemies":"Writhing Mass","floor":41,"turns":7},{"damage":3,"enemies":"Maw","floor":44,"turns":9},{"damage":0,"enemies":"Mind Bloom Boss Battle","floor":45,"turns":8},{"damage":16,"enemies":"Reptomancer","floor":47,"turns":7},{"damage":80,"enemies":"Time Eater","floor":50,"turns":18}],"seed_played":"-6641159084253552269","potions_obtained":[{"floor":3,"key":"Weak Potion"},{"floor":7,"key":"AttackPotion"},{"floor":10,"key":"FearPotion"},{"floor":16,"key":"Energy Potion"},{"floor":25,"key":"Block Potion"},{"floor":29,"key":"Strength Potion"},{"floor":33,"key":"SpeedPotion"},{"floor":35,"key":"SkillPotion"},{"floor":44,"key":"Weak Potion"},{"floor":47,"key":"Block Potion"}],"is_trial":false,"path_per_floor":["M","M","M","?","M","R","M","R","T","M","R","M","M","?","R","B",null,"M","$","M","?","M","R","?","E","T","$","R","M","R","M","R","B",null,"M","M","?","M","$","R","M","R","T","M","?","R","E","?","R","B",null],"character_chosen":"DEFECT","items_purchased":["Coolheaded","FTL","HandDrill","Blizzard","Happy Flower"],"campfire_rested":4,"item_purchase_floors":[19,19,19,27,39],"current_hp_per_floor":[68,68,68,53,47,47,47,47,47,47,47,47,47,47,47,41,67,67,67,61,61,41,41,41,41,41,41,41,37,37,32,32,9,59,59,59,11,1,1,23,20,42,42,39,39,61,45,45,67,37],"gold":0,"neow_bonus":"RANDOM_COMMON_RELIC","is_prod":false,"is_daily":false,"chose_seed":false,"campfire_upgraded":7,"win_rate":0,"timestamp":1549932592,"path_taken":["M","M","M","?","M","R","M","R","T","M","R","M","M","?","R","BOSS","M","$","?","?","?","R","?","E","T","?","R","M","R","M","R","BOSS","M","M","?","M","$","R","M","R","T","M","?","R","E","?","R","BOSS"],"build_version":"2019-01-23","purchased_purges":3,"victory":true,"max_hp_per_floor":[75,75,75,75,75,75,75,75,75,75,75,75,75,75,75,75,75,75,75,75,75,75,75,75,75,75,75,75,75,75,75,75,75,75,75,75,75,75,75,75,75,75,75,75,75,75,75,75,75,75],"card_choices":[{"not_picked":["Conserve Battery","Undo"],"picked":"Hologram","floor":1},{"not_picked":["Heatsinks","Streamline","Turbo"],"picked":"SKIP","floor":2},{"not_picked":["Cold Snap","Go for the Eyes"],"picked":"Coolheaded","floor":3},{"not_picked":["Streamline","Hologram"],"picked":"Conserve Battery","floor":5},{"not_picked":["Beam Cell","Darkness"],"picked":"Leap","floor":7},{"not_picked":["Rebound","Turbo"],"picked":"Go for the Eyes","floor":10},{"not_picked":["Aggregate","Go for the Eyes"],"picked":"Conserve Battery","floor":12},{"not_picked":["Gash","Leap"],"picked":"Compile Driver","floor":13},{"not_picked":["Thunder Strike","Creative AI"],"picked":"Core Surge","floor":16},{"not_picked":["Lockon","Turbo+1"],"picked":"Ball Lightning","floor":18},{"not_picked":["Chaos","Melter+1"],"picked":"Chill","floor":20},{"not_picked":["Streamline","Reprogram"],"picked":"Leap+1","floor":22},{"not_picked":["Ball Lightning","Auto Shields"],"picked":"Cold Snap","floor":25},{"not_picked":["Cold Snap","Hyperbeam"],"picked":"Gash","floor":29},{"not_picked":["Stack","Tempest"],"picked":"Glacier","floor":31},{"not_picked":["Multi-Cast","Creative AI"],"picked":"Reboot","floor":33},{"not_picked":["Doom and Gloom+1","Blizzard+1"],"picked":"Cold Snap","floor":35},{"not_picked":["Heatsinks","Undo+1"],"picked":"Sunder+1","floor":36},{"not_picked":["Rebound+1","Coolheaded"],"picked":"Barrage+1","floor":37},{"not_picked":["Aggregate+1","Sunder+1"],"picked":"Ball Lightning+1","floor":38},{"not_picked":["Cold Snap+1","Redo"],"picked":"Seek","floor":41},{"not_picked":["Glacier","Barrage"],"picked":"Capacitor+1","floor":44},{"not_picked":["Sweeping Beam+1","Streamline"],"picked":"Barrage+1","floor":45},{"not_picked":["Tempest","Recycle"],"picked":"Hologram+1","floor":47}],"player_experience":368337,"relics_obtained":[{"floor":9,"key":"Kunai"},{"floor":25,"key":"Turnip"},{"floor":37,"key":"WingedGreaves"},{"floor":43,"key":"Blue Candle"},{"floor":45,"key":"Prayer Wheel"},{"floor":47,"key":"Vajra"}],"event_choices":[{"damage_healed":0,"gold_gain":0,"player_choice":"Entered Light","damage_taken":15,"max_hp_gain":0,"max_hp_loss":0,"event_name":"Shining Light","floor":4,"gold_loss":0,"cards_upgraded":["Dualcast","Defend_B"]},{"damage_healed":0,"gold_gain":100,"player_choice":"Pray","damage_taken":0,"max_hp_gain":0,"max_hp_loss":0,"event_name":"Golden Shrine","floor":14,"gold_loss":0},{"damage_healed":0,"gold_gain":0,"player_choice":"Gave Potion","damage_taken":0,"relics_obtained":["The Courier"],"max_hp_gain":0,"max_hp_loss":0,"event_name":"WeMeetAgain","floor":21,"gold_loss":0},{"damage_healed":0,"gold_gain":100,"player_choice":"Bet on Murderer","damage_taken":0,"max_hp_gain":0,"max_hp_loss":0,"event_name":"The Joust","floor":24,"gold_loss":50},{"damage_healed":0,"gold_gain":0,"player_choice":"Fight","damage_taken":0,"max_hp_gain":0,"max_hp_loss":0,"event_name":"Mysterious Sphere","floor":37,"gold_loss":0},{"damage_healed":0,"gold_gain":0,"player_choice":"Fight","damage_taken":0,"max_hp_gain":0,"max_hp_loss":0,"event_name":"MindBloom","floor":45,"gold_loss":0},{"damage_healed":0,"gold_gain":0,"player_choice":"Paid","damage_taken":0,"relics_obtained":["Red Mask"],"max_hp_gain":0,"max_hp_loss":0,"event_name":"Tomb of Lord Red Mask","floor":48,"gold_loss":258}],"is_beta":false,"boss_relics":[{"not_picked":["White Beast Statue","FrozenCore"],"picked":"Lizard Tail"},{"not_picked":["Eternal Feather","Cursed Key"],"picked":"Runic Pyramid"}],"items_purged_floors":[19,27,39],"is_endless":false,"potions_floor_spawned":[3,7,10,16,25,29,33,35,44,47],"ascension_level":6}