{"gold_per_floor":[116,130,80,5,23,23,56,71,98,27,27,38,38,49,49,49],"floor_reached":16,"playtime":994,"items_purged":["Strike_R"],"score":163,"play_id":"88509324-183c-49cd-bd7f-cda3ba7afe9f","local_time":"20181011230518","is_ascension_mode":true,"campfire_choices":[{"data":"Armaments","floor":6,"key":"SMITH"},{"floor":13,"key":"REST"},{"data":"Uppercut","floor":15,"key":"SMITH"}],"neow_cost":"PERCENT_DAMAGE","seed_source_timestamp":125966481740553,"circlet_count":0,"master_deck":["Strike_R","Defend_R","Defend_R","Defend_R","Defend_R","Bash","AscendersBane","Heavy Blade","Uppercut+1","Armaments+1","Spot Weakness","Dropkick","Power Through","Spot Weakness"],"relics":["Burning Blood","Pen Nib","Bag of Marbles"],"potions_floor_usage":[7,8,16],"damage_taken":[{"damage":7,"enemies":"Small Slimes","floor":1,"turns":3},{"damage":7,"enemies":"Jaw Worm","floor":2,"turns":5},{"damage":2,"enemies":"2 Louse","floor":5,"turns":5},{"damage":39,"enemies":"3 Sentries","floor":7,"turns":11},{"damage":21,"enemies":"Exordium Wildlife","floor":8,"turns":6},{"damage":0,"enemies":"3 Louse","floor":12,"turns":3},{"damage":0,"enemies":"Looter","floor":14,"turns":2},{"damage":56,"enemies":"Slime Boss","floor":16,"turns":10}],"seed_played":"4832570804607761637","potions_obtained":[{"floor":5,"key":"Dexterity Potion"},{"floor":7,"key":"Regen Potion"},{"floor":14,"key":"Swift Potion"}],"is_trial":false,"path_per_floor":["M","M","?","$","M","R","E","M","T","$","?","M","R","M","R"],"character_chosen":"IRONCLAD","items_purchased":["Power Through"],"campfire_rested":1,"item_purchase_floors":[10],"current_hp_per_floor":[50,49,49,49,53,53,20,20,20,20,20,26,50,56,56,0],"gold":49,"neow_bonus":"TRANSFORM_TWO_CARDS","is_prod":false,"is_daily":false,"chose_seed":false,"campfire_upgraded":2,"win_rate":0,"timestamp":1539291918,"path_taken":["M","M","?","$","M","R","E","M","T","$","?","M","R","M","R","BOSS"],"build_version":"2018-10-04v2","purchased_purges":1,"victory":false,"max_hp_per_floor":[80,80,80,80,80,80,80,80,80,80,80,80,80,80,80,80],"card_choices":[{"not_picked":["Pommel Strike","Wild Strike","Headbutt"],"picked":"SKIP","floor":1},{"not_picked":["Iron Wave","Clash"],"picked":"Armaments","floor":2},{"not_picked":["Thunderclap","Entrench"],"picked":"Spot Weakness","floor":5},{"not_picked":["Corruption","Armaments","Anger"],"picked":"SKIP","floor":7},{"not_picked":["Fire Breathing","Wild Strike"],"picked":"Dropkick","floor":8},{"not_picked":["Headbutt","Armaments"],"picked":"Spot Weakness","floor":12},{"not_picked":["Headbutt","Feed","Thunderclap"],"picked":"SKIP","floor":14}],"player_experience":505860,"relics_obtained":[{"floor":7,"key":"Pen Nib"},{"floor":9,"key":"Bag of Marbles"}],"event_choices":[{"event_name":"The Cleric","player_choice":"Card Removal","floor":3,"damage_taken":0},{"event_name":"Liars Game","player_choice":"disagreed","floor":11,"damage_taken":0}],"is_beta":false,"boss_relics":[],"items_purged_floors":[4],"is_endless":false,"potions_floor_spawned":[5,7,14],"killed_by":"Slime Boss","ascension_level":12}