{"gold_per_floor":[110,126,126,126,51,77,77,77,128,140,163,201,232,260,272,358,370,399,422,434,446,458,470,482],"floor_reached":24,"playtime":980,"items_purged":[],"score":460,"play_id":"ea927ed7-d9ed-49ea-ad81-86a417ff32da","local_time":"20190131224027","is_ascension_mode":true,"campfire_choices":[{"data":"Bash","floor":8.0,"key":"SMITH"},{"data":"Battle Trance","floor":10.0,"key":"SMITH"},{"data":"Twin Strike","floor":15.0,"key":"SMITH"},{"data":"Defend_R","floor":23.0,"key":"SMITH"}],"neow_cost":"NONE","seed_source_timestamp":1903690302763,"circlet_count":0,"master_deck":["AscendersBane","Defend_R","Defend_R","Defend_R","Defend_R+1","Bash+1","Battle Trance+1","Twin Strike+1","Flex+1","Havoc+1","Flex+1","Flex+1","Armaments+1","Impervious+1","Spot Weakness+1","Evolve+1","Blood for Blood+1","Shrug It Off+1","Flex+1"],"special_seed":0,"relics":["Burning Blood","NeowsBlessing","Toxic Egg 2","Dodecahedron","Strawberry","MawBank","Self Forming Clay","Astrolabe"],"potions_floor_usage":[24],"damage_taken":[{"damage":0.0,"enemies":"Small Slimes","floor":1.0,"turns":1.0},{"damage":0.0,"enemies":"Jaw Worm","floor":2.0,"turns":1.0},{"damage":0.0,"enemies":"Lagavulin","floor":6.0,"turns":1.0},{"damage":0.0,"enemies":"2 Louse","floor":11.0,"turns":2.0},{"damage":8.0,"enemies":"Gremlin Nob","floor":12.0,"turns":3.0},{"damage":5.0,"enemies":"Gremlin Gang","floor":13.0,"turns":3.0},{"damage":15.0,"enemies":"Exordium Wildlife","floor":14.0,"turns":2.0},{"damage":24.0,"enemies":"Hexaghost","floor":16.0,"turns":9.0},{"damage":9.0,"enemies":"Shell Parasite","floor":18.0,"turns":4.0},{"damage":4.0,"enemies":"3 Byrds","floor":19.0,"turns":7.0},{"damage":91,"enemies":"Gremlin Leader","floor":24,"turns":8}],"seed_played":"-5815665577944830286","potions_obtained":[{"floor":11.0,"key":"Weak Potion"},{"floor":12.0,"key":"EssenceOfSteel"},{"floor":14.0,"key":"Fire Potion"},{"floor":16.0,"key":"Explosive Potion"},{"floor":18.0,"key":"Explosive Potion"},{"floor":19.0,"key":"Swift Potion"},{"floor":22.0,"key":"Strength Potion"}],"is_trial":false,"path_per_floor":["?","T","?","?","M","?","?","?"],"character_chosen":"IRONCLAD","items_purchased":[],"campfire_rested":0,"item_purchase_floors":[],"current_hp_per_floor":[74,75,80,80,80,80,76,76,76,76,82,80,81,72,72,54,79,76,78,78,78,78,78,0],"gold":482,"neow_bonus":"THREE_ENEMY_KILL","is_prod":false,"is_daily":false,"chose_seed":false,"campfire_upgraded":4,"win_rate":0,"timestamp":1548945627,"path_taken":["M","M","?","?","?","E","?","R","T","R","M","E","?","M","R","BOSS","M","M","?","?","?","R","E"],"build_version":"2019-01-23","purchased_purges":0,"victory":false,"max_hp_per_floor":[75,75,80,80,80,80,87,87,87,87,87,87,87,87,87,87,87,87,87,87,87,87,87,87],"card_choices":[{"not_picked":["Clash","Heavy Blade"],"picked":"Battle Trance","floor":1.0},{"not_picked":["Power Through","Bloodletting"],"picked":"Twin Strike","floor":2.0},{"not_picked":["Hemokinesis","Rampage"],"picked":"Flex+1","floor":6.0},{"not_picked":["Sentinel+1","Rampage"],"picked":"Havoc+1","floor":11.0},{"not_picked":["Thunderclap","Wild Strike"],"picked":"Flex+1","floor":12.0},{"not_picked":["Pummel","Rage+1"],"picked":"Flex+1","floor":13.0},{"not_picked":["Dropkick","Clothesline"],"picked":"Armaments+1","floor":14.0},{"not_picked":["Barricade","Dark Embrace"],"picked":"Impervious+1","floor":16.0},{"not_picked":["True Grit+1","Sword Boomerang"],"picked":"Shrug It Off+1","floor":18.0},{"not_picked":["Sword Boomerang","Wild Strike"],"picked":"Flex+1","floor":19.0}],"player_experience":199845,"relics_obtained":[{"floor":4.0,"key":"Toxic Egg 2"},{"floor":6.0,"key":"Dodecahedron"},{"floor":9.0,"key":"MawBank"},{"floor":12.0,"key":"Self Forming Clay"}],"event_choices":[{"damage_healed":0.0,"max_hp_gain":5.0,"max_hp_loss":0.0,"gold_gain":0.0,"event_name":"Big Fish","player_choice":"Donut","floor":3.0,"gold_loss":0.0,"damage_taken":0.0},{"cards_removed":["Strike_R"],"damage_healed":0.0,"max_hp_gain":0.0,"max_hp_loss":0.0,"gold_gain":0.0,"event_name":"The Cleric","player_choice":"Card Removal","floor":5.0,"gold_loss":75.0,"damage_taken":0.0},{"damage_healed":0.0,"max_hp_gain":0.0,"max_hp_loss":0.0,"gold_gain":0.0,"event_name":"Scrap Ooze","player_choice":"Success","floor":7.0,"gold_loss":0.0,"damage_taken":11.0,"relics_obtained":["Strawberry"]},{"damage_healed":0.0,"max_hp_gain":0.0,"max_hp_loss":0.0,"gold_gain":0.0,"event_name":"The Mausoleum","player_choice":"Ignored","floor":20.0,"gold_loss":0.0,"damage_taken":0.0},{"cards_removed":["Strike_R"],"damage_healed":0.0,"max_hp_gain":0.0,"max_hp_loss":0.0,"gold_gain":0.0,"event_name":"Back to Basics","player_choice":"Elegance","floor":21.0,"gold_loss":0.0,"damage_taken":0.0},{"damage_healed":0.0,"max_hp_gain":0.0,"max_hp_loss":0.0,"gold_gain":0.0,"event_name":"Lab","player_choice":"Got Potions","floor":22.0,"gold_loss":0.0,"damage_taken":0.0}],"is_beta":false,"boss_relics":[{"not_picked":["Runic Cube","Coffee Dripper"],"picked":"Astrolabe"}],"items_purged_floors":[],"is_endless":false,"potions_floor_spawned":[11,12,14,16,18,19],"killed_by":"Gremlin Leader","ascension_level":18}