{"gold_per_floor":[119,119,136,62,74,74,109,109,109,109,126,45,63,75,75,148,148,165,215,215,233,233,233],"floor_reached":23,"playtime":690,"items_purged":[],"score":334,"play_id":"a8dc4ffc-d631-4e61-99f5-985b4d47925b","local_time":"20190214143846","is_ascension_mode":true,"campfire_choices":[{"data":"Bash","floor":6,"key":"SMITH"},{"data":"Rupture","floor":8,"key":"SMITH"},{"floor":15,"key":"REST"}],"neow_cost":"NONE","seed_source_timestamp":145420873068331,"circlet_count":0,"master_deck":["AscendersBane","Strike_R","Strike_R","Defend_R","Defend_R","Defend_R","Bash+1","Immolate","Rupture+1","Sentinel","Thunderclap","Burning Pact","Pommel Strike","Dropkick","Battle Trance","Discovery","Second Wind","Infernal Blade","Feed","Uppercut+1","Brutality+1","Feed+1","Feel No Pain+1","Pain","Iron Wave+1","J.A.X."],"relics":["Burning Blood","Bottled Lightning","Frozen Egg 2","Shovel","Astrolabe","WarpedTongs"],"potions_floor_usage":[16,18],"damage_taken":[{"damage":7,"enemies":"Small Slimes","floor":1,"turns":2},{"damage":6,"enemies":"Cultist","floor":3,"turns":4},{"damage":7,"enemies":"Jaw Worm","floor":5,"turns":3},{"damage":20,"enemies":"Gremlin Nob","floor":7,"turns":4},{"damage":8,"enemies":"Blue Slaver","floor":11,"turns":3},{"damage":25,"enemies":"Large Slime","floor":13,"turns":4},{"damage":4,"enemies":"3 Louse","floor":14,"turns":2},{"damage":7,"enemies":"Slime Boss","floor":16,"turns":8},{"damage":13,"enemies":"Spheric Guardian","floor":18,"turns":3},{"damage":56,"enemies":"2 Thieves","floor":21,"turns":4},{"damage":22,"enemies":"Snake Plant","floor":23,"turns":3}],"seed_played":"2752046473045952979","potions_obtained":[{"floor":3,"key":"AttackPotion"},{"floor":5,"key":"Poison Potion"},{"floor":16,"key":"Energy Potion"},{"floor":21,"key":"Weak Potion"}],"is_trial":false,"path_per_floor":["M","?","M","$","M","R","E","R","T","?","M","$","M","M","R","B",null,"M","?","?","M","?","M"],"character_chosen":"IRONCLAD","items_purchased":["Burning Pact","Discovery"],"campfire_rested":1,"item_purchase_floors":[4,12],"current_hp_per_floor":[67,67,67,67,66,66,52,52,52,52,50,50,31,33,55,54,70,67,67,67,20,20,0],"gold":233,"neow_bonus":"ONE_RANDOM_RARE_CARD","is_prod":false,"is_daily":false,"chose_seed":false,"campfire_upgraded":2,"win_rate":0,"timestamp":1550173126,"path_taken":["M","?","M","?","M","R","E","R","T","?","M","$","?","M","R","BOSS","M","?","?","?","?","M"],"build_version":"2019-02-06","purchased_purges":0,"victory":false,"max_hp_per_floor":[75,75,75,75,75,75,75,75,75,75,75,75,75,75,75,75,75,79,79,79,82,82,82],"card_choices":[{"not_picked":["Iron Wave","Wild Strike"],"picked":"Rupture","floor":1},{"not_picked":["Shrug It Off","Flex"],"picked":"Thunderclap","floor":3},{"not_picked":["Heavy Blade","Thunderclap"],"picked":"Pommel Strike","floor":5},{"not_picked":["Rampage","Evolve"],"picked":"Dropkick","floor":7},{"not_picked":["Twin Strike","Thunderclap"],"picked":"Battle Trance","floor":11},{"not_picked":["Exhume","Entrench"],"picked":"Second Wind","floor":13},{"not_picked":["Sever Soul","Cleave"],"picked":"Infernal Blade","floor":14},{"not_picked":["Barricade+1","Limit Break"],"picked":"Feed","floor":16},{"not_picked":["Sword Boomerang","True Grit"],"picked":"Feel No Pain+1","floor":18},{"not_picked":["Warcry","Shrug It Off"],"picked":"Iron Wave+1","floor":21}],"player_experience":600204,"relics_obtained":[{"floor":7,"key":"Bottled Lightning"},{"floor":9,"key":"Frozen Egg 2"}],"event_choices":[{"damage_healed":0,"gold_gain":0,"cards_transformed":["Strike_R"],"player_choice":"Transformed","damage_taken":0,"max_hp_gain":0,"max_hp_loss":0,"event_name":"Transmorgrifier","floor":2,"gold_loss":0,"cards_obtained":["Sentinel"]},{"damage_healed":0,"gold_gain":0,"player_choice":"Searched \u00271\u0027 times","damage_taken":0,"relics_obtained":["Shovel"],"max_hp_gain":0,"max_hp_loss":0,"event_name":"Dead Adventurer","floor":10,"gold_loss":0},{"damage_healed":0,"gold_gain":50,"player_choice":"Stole From Cult","damage_taken":0,"max_hp_gain":0,"max_hp_loss":0,"event_name":"Nest","floor":19,"gold_loss":0},{"damage_healed":0,"gold_gain":0,"player_choice":"Rummage","damage_taken":0,"relics_obtained":["WarpedTongs"],"max_hp_gain":0,"max_hp_loss":0,"event_name":"Accursed Blacksmith","floor":20,"gold_loss":0,"cards_obtained":["Pain"]},{"damage_healed":0,"gold_gain":0,"player_choice":"Obtain J.A.X.","damage_taken":0,"max_hp_gain":0,"max_hp_loss":0,"event_name":"Drug Dealer","floor":22,"gold_loss":0,"cards_obtained":["J.A.X."]}],"is_beta":true,"boss_relics":[{"not_picked":["Coffee Dripper","White Beast Statue"],"picked":"Astrolabe"}],"items_purged_floors":[],"is_endless":false,"potions_floor_spawned":[3,5,16,21],"killed_by":"Snake Plant","ascension_level":15}