{"gold_per_floor":[118,132,132,85,98,128,128,128,128,128,147,174,189,205,205,205],"floor_reached":16,"playtime":552,"items_purged":[],"score":151,"play_id":"58b3b718-2109-4314-955d-021cffdffb0d","local_time":"20180911195135","is_ascension_mode":true,"campfire_choices":[{"data":"Fusion","floor":7,"key":"SMITH"},{"floor":10,"key":"REST"},{"floor":15,"key":"REST"}],"neow_cost":"NONE","seed_source_timestamp":374943062787573,"circlet_count":0,"master_deck":["Strike_B","Strike_B","Strike_B","Defend_B","Defend_B","Defend_B","Defend_B","Zap+1","Dualcast","FTL","Doom and Gloom","Conserve Battery","Sunder","Fusion+1","Decay","Ball Lightning","Core Surge","Glacier"],"relics":["Cracked Core","Bottled Lightning","Bottled Flame","Ornamental Fan"],"potions_floor_usage":[14,16,16,16],"damage_taken":[{"damage":4,"enemies":"Small Slimes","floor":1,"turns":3},{"damage":0,"enemies":"Cultist","floor":2,"turns":3},{"damage":0,"enemies":"2 Louse","floor":5,"turns":1},{"damage":28,"enemies":"Gremlin Nob","floor":6,"turns":4},{"damage":1,"enemies":"Blue Slaver","floor":11,"turns":4},{"damage":25,"enemies":"3 Sentries","floor":12,"turns":4},{"damage":16,"enemies":"Large Slime","floor":13,"turns":4},{"damage":0,"enemies":"Gremlin Gang","floor":14,"turns":2},{"damage":51,"enemies":"Hexaghost","floor":16,"turns":7}],"seed_played":"-5109873312406104016","potions_obtained":[{"floor":5,"key":"FocusPotion"},{"floor":11,"key":"Regen Potion"},{"floor":13,"key":"Block Potion"},{"floor":14,"key":"PowerPotion"}],"is_trial":false,"path_per_floor":["M","M","?","$","M","E","R","?","T","R","M","E","M","M","R"],"character_chosen":"DEFECT","items_purchased":["Conserve Battery"],"campfire_rested":2,"item_purchase_floors":[4],"current_hp_per_floor":[64,64,57,57,57,29,29,29,29,51,50,25,9,9,31,0],"gold":205,"neow_bonus":"UPGRADE_CARD","is_prod":false,"is_daily":false,"chose_seed":false,"campfire_upgraded":1,"win_rate":0,"timestamp":1536688295,"path_taken":["M","M","?","$","M","E","R","?","T","R","M","E","M","M","R","BOSS"],"build_version":"2018-09-06","purchased_purges":0,"victory":false,"max_hp_per_floor":[75,75,75,75,75,75,75,75,75,75,75,75,75,75,75,75],"card_choices":[{"not_picked":["Beam Cell","Consume"],"picked":"FTL","floor":1},{"not_picked":["Static Discharge","Stack"],"picked":"Doom and Gloom","floor":2},{"not_picked":["FTL","Chaos"],"picked":"Sunder","floor":5},{"not_picked":["Scrape","Stack"],"picked":"Fusion","floor":6},{"not_picked":["Sweeping Beam","Hologram"],"picked":"Ball Lightning","floor":11},{"not_picked":["Chill","Auto Shields"],"picked":"Core Surge","floor":12},{"not_picked":["Streamline","Stack","Sweeping Beam"],"picked":"SKIP","floor":13},{"not_picked":["Compile Driver","Aggregate"],"picked":"Glacier","floor":14}],"player_experience":408874,"relics_obtained":[{"floor":6,"key":"Bottled Lightning"},{"floor":9,"key":"Bottled Flame"},{"floor":12,"key":"Ornamental Fan"}],"event_choices":[{"event_name":"Golden Wing","player_choice":"Card Removal","floor":3,"damage_taken":0},{"event_name":"Wheel of Change","player_choice":"Curse","floor":8,"damage_taken":0}],"is_beta":false,"boss_relics":[],"items_purged_floors":[],"is_endless":false,"potions_floor_spawned":[5,11,13,14],"killed_by":"Hexaghost","ascension_level":7}