{"gold_per_floor":[113,131,147,47,47,47,81,81,107,127,127,145,145,176,176,274,274,288,305,323,323,248,248,281,281,281,281,313,313,52,52,52,151,151,165,179,189,201,201,201,23,23,23,23,34,45,73,73,73,73],"floor_reached":51,"playtime":3435,"items_purged":["Strike_G","Defend_G"],"score":943,"play_id":"98cb4a95-64bb-49f0-b99c-eda2178ed2bc","local_time":"20190215131514","is_ascension_mode":true,"campfire_choices":[{"data":"Dagger Spray","floor":6.0,"key":"SMITH"},{"data":"Burst","floor":11.0,"key":"SMITH"},{"data":"Tools of the Trade","floor":13.0,"key":"SMITH"},{"data":"Neutralize","floor":15.0,"key":"SMITH"},{"data":"Well Laid Plans","floor":23.0,"key":"SMITH"},{"data":"Adrenaline","floor":27.0,"key":"SMITH"},{"data":"Acrobatics","floor":29.0,"key":"SMITH"},{"data":"Footwork","floor":32.0,"key":"SMITH"},{"data":"Reflex","floor":40.0,"key":"SMITH"},{"data":"Tactician","floor":42.0,"key":"SMITH"},{"data":"Outmaneuver","floor":44.0,"key":"SMITH"},{"floor":49.0,"key":"REST"}],"neow_cost":"NONE","seed_source_timestamp":0,"circlet_count":0,"master_deck":["Defend_G","Defend_G+1","Survivor","Neutralize+1","Dagger Throw","Outmaneuver+1","Blur+1","Dagger Spray+1","Burst+1","Tools of the Trade+1","Underhanded Strike","Deadly Poison","Acrobatics+1","Adrenaline+1","Bouncing Flask+1","Well Laid Plans+1","PiercingWail","Heel Hook","Footwork+1","Reflex+1","After Image+1","Predator+1","Catalyst+1","Poisoned Stab+1","Tactician+1","Backflip+1","Madness","Madness"],"special_seed":0,"relics":["Ring of the Snake","Bag of Marbles","War Paint","Anchor","Pen Nib","Runic Dome","Bottled Lightning","Gremlin Horn","Incense Burner","Mummified Hand","Oddly Smooth Stone","Empty Cage","Tingsha","Darkstone Periapt"],"potions_floor_usage":[50],"damage_taken":[{"damage":1.0,"enemies":"Cultist","floor":1.0,"turns":4.0},{"damage":0.0,"enemies":"2 Louse","floor":2.0,"turns":1.0},{"damage":0.0,"enemies":"Jaw Worm","floor":3.0,"turns":5.0},{"damage":22.0,"enemies":"Gremlin Nob","floor":7.0,"turns":4.0},{"damage":0.0,"enemies":"Large Slime","floor":10.0,"turns":7.0},{"damage":0.0,"enemies":"Blue Slaver","floor":12.0,"turns":3.0},{"damage":0.0,"enemies":"3 Sentries","floor":14.0,"turns":6.0},{"damage":42.0,"enemies":"Slime Boss","floor":16.0,"turns":12.0},{"damage":0.0,"enemies":"Spheric Guardian","floor":18.0,"turns":4.0},{"damage":0.0,"enemies":"Chosen","floor":19.0,"turns":2.0},{"damage":3.0,"enemies":"Snake Plant","floor":20.0,"turns":2.0},{"damage":3.0,"enemies":"Gremlin Leader","floor":24.0,"turns":6.0},{"damage":19.0,"enemies":"Slavers","floor":28.0,"turns":4.0},{"damage":25.0,"enemies":"Champ","floor":33.0,"turns":8.0},{"damage":0.0,"enemies":"3 Shapes","floor":35.0,"turns":4.0},{"damage":4.0,"enemies":"3 Darklings","floor":36.0,"turns":3.0},{"damage":0.0,"enemies":"Transient","floor":37.0,"turns":5.0},{"damage":10.0,"enemies":"Spire Growth","floor":38.0,"turns":4.0},{"damage":0.0,"enemies":"3 Darklings","floor":45.0,"turns":3.0},{"damage":0.0,"enemies":"Jaw Worm Horde","floor":46.0,"turns":3.0},{"damage":0.0,"enemies":"Reptomancer","floor":47.0,"turns":3.0},{"damage":0,"enemies":"Awakened One","floor":50,"turns":7}],"seed_played":"-5017836469937898623","potions_obtained":[{"floor":1.0,"key":"Swift Potion"},{"floor":3.0,"key":"Explosive Potion"},{"floor":12.0,"key":"LiquidBronze"},{"floor":18.0,"key":"SpeedPotion"},{"floor":20.0,"key":"Weak Potion"},{"floor":28.0,"key":"SpeedPotion"}],"is_trial":false,"path_per_floor":["M","M","M","$","?","R","E","?","T","M","R","M","R","E","R","B",null,"M","M","M","T","?","R","E","?","T","R","E","R","$","?","R","B",null,"M","M","M","M","?","R","$","R","T","R","M","M","E","?","R","B",null],"character_chosen":"THE_SILENT","items_purchased":["Dagger Spray","Footwork","Oddly Smooth Stone","Reflex","Tactician"],"campfire_rested":1,"item_purchase_floors":[4,30,30,30,41],"current_hp_per_floor":[69,69,69,69,69,69,47,47,47,47,47,47,47,47,47,5,70,70,70,67,67,67,67,64,64,64,64,45,45,45,45,45,20,70,70,66,66,56,56,56,56,56,56,56,56,56,56,47,68,68],"gold":73,"neow_bonus":"RANDOM_COMMON_RELIC","is_prod":false,"is_daily":false,"chose_seed":false,"campfire_upgraded":11,"win_rate":1,"timestamp":1550232914,"path_taken":["M","M","M","$","?","R","E","?","T","M","R","M","R","E","R","BOSS","M","M","M","?","?","R","E","?","T","R","E","R","$","?","R","BOSS","M","M","M","M","?","R","$","R","T","R","M","M","E","?","R","BOSS"],"build_version":"2019-02-06","purchased_purges":2,"victory":true,"max_hp_per_floor":[70,70,70,70,70,70,70,70,70,70,70,70,70,70,70,70,70,70,70,70,70,70,70,70,70,70,70,70,70,70,70,70,70,70,70,70,70,70,70,70,70,70,70,70,70,70,70,70,70,70],"card_choices":[{"not_picked":["Flechettes","Bane"],"picked":"Dagger Throw","floor":1.0},{"not_picked":["Quick Slash","Prepared"],"picked":"Outmaneuver","floor":2.0},{"not_picked":["Underhanded Strike","Endless Agony"],"picked":"Blur","floor":3.0},{"not_picked":["Heel Hook","Flying Knee"],"picked":"Burst","floor":7.0},{"not_picked":["Flechettes","Sucker Punch"],"picked":"Underhanded Strike","floor":10.0},{"not_picked":["Outmaneuver","Dagger Throw"],"picked":"Deadly Poison","floor":12.0},{"not_picked":["Finisher","Phantasmal Killer"],"picked":"Acrobatics","floor":14.0},{"not_picked":["Burst","Venomology"],"picked":"Adrenaline","floor":16.0},{"not_picked":["Dodge and Roll","Deflect"],"picked":"Bouncing Flask+1","floor":18.0},{"not_picked":["Deflect","Underhanded Strike+1"],"picked":"Well Laid Plans","floor":19.0},{"not_picked":["Dagger Throw","All Out Attack"],"picked":"PiercingWail","floor":20.0},{"not_picked":["Prepared","Acrobatics","Sucker Punch"],"picked":"SKIP","floor":24.0},{"not_picked":["Choke+1","All Out Attack+1","Underhanded Strike"],"picked":"SKIP","floor":28.0},{"not_picked":["Wraith Form v2","Venomology"],"picked":"After Image","floor":33.0},{"not_picked":["Eviscerate+1","Sucker Punch"],"picked":"Predator+1","floor":35.0},{"not_picked":["Blade Dance+1","Outmaneuver"],"picked":"Catalyst+1","floor":36.0},{"not_picked":["Prepared","Bane+1","Acrobatics"],"picked":"SKIP","floor":37.0},{"not_picked":["Sucker Punch","PiercingWail+1"],"picked":"Poisoned Stab+1","floor":38.0},{"not_picked":["Riddle With Holes","Infinite Blades+1","Finisher+1"],"picked":"SKIP","floor":45.0},{"not_picked":["Endless Agony+1","Leg Sweep"],"picked":"Backflip+1","floor":46.0},{"not_picked":["Bullet Time","Die Die Die","All Out Attack"],"picked":"SKIP","floor":47.0}],"player_experience":42655,"relics_obtained":[{"floor":7.0,"key":"War Paint"},{"floor":9.0,"key":"Anchor"},{"floor":14.0,"key":"Pen Nib"},{"floor":21.0,"key":"Bottled Lightning"},{"floor":24.0,"key":"Gremlin Horn"},{"floor":26.0,"key":"Incense Burner"},{"floor":28.0,"key":"Mummified Hand"},{"floor":43.0,"key":"Tingsha"},{"floor":47.0,"key":"Darkstone Periapt"}],"event_choices":[{"cards_removed":["Strike_G"],"damage_healed":0.0,"max_hp_gain":0.0,"max_hp_loss":0.0,"gold_gain":0.0,"event_name":"Living Wall","player_choice":"Forget","floor":5.0,"gold_loss":0.0,"damage_taken":0.0},{"damage_healed":0.0,"max_hp_gain":0.0,"max_hp_loss":0.0,"gold_gain":0.0,"cards_transformed":["Strike_G"],"event_name":"Transmorgrifier","player_choice":"Transformed","floor":8.0,"gold_loss":0.0,"damage_taken":0.0,"cards_obtained":["Tools of the Trade"]},{"cards_removed":["Strike_G"],"damage_healed":0.0,"max_hp_gain":0.0,"max_hp_loss":0.0,"gold_gain":0.0,"event_name":"Beggar","player_choice":"Gave Gold","floor":22.0,"gold_loss":75.0,"damage_taken":0.0},{"damage_healed":0.0,"max_hp_gain":0.0,"max_hp_loss":0.0,"gold_gain":0.0,"cards_transformed":["Strike_G","Defend_G"],"event_name":"Drug Dealer","player_choice":"Became Test Subject","floor":25.0,"gold_loss":0.0,"damage_taken":0.0,"cards_obtained":["Heel Hook","Finisher"]},{"damage_healed":0.0,"max_hp_gain":0.0,"max_hp_loss":0.0,"gold_gain":0.0,"event_name":"Vampires","player_choice":"Ignored","floor":31.0,"gold_loss":0.0,"damage_taken":0.0},{"damage_healed":0.0,"max_hp_gain":0.0,"max_hp_loss":0.0,"gold_gain":0.0,"event_name":"Accursed Blacksmith","player_choice":"Forge","floor":39.0,"gold_loss":0.0,"damage_taken":0.0,"cards_upgraded":["After Image"]},{"damage_healed":0.0,"max_hp_gain":0.0,"max_hp_loss":0.0,"gold_gain":0.0,"event_name":"Winding Halls","player_choice":"Embrace Madness","floor":48.0,"gold_loss":0.0,"damage_taken":9.0,"cards_obtained":["Madness","Madness"]}],"is_beta":true,"boss_relics":[{"not_picked":["Snecko Eye","Eternal Feather"],"picked":"Runic Dome"},{"not_picked":["Velvet Choker","Orrery"],"picked":"Empty Cage"}],"items_purged_floors":[4,41],"is_endless":false,"potions_floor_spawned":[1,3,12,16,18,20,28,33,36,45,46],"ascension_level":3}