{"gold_per_floor":[112,131,131,150,75,109,128,144,144,144,178,178,78,98,98,98],"floor_reached":16,"playtime":589,"items_purged":["Strike_R","Strike_R"],"score":118,"play_id":"c9c1d0d9-34dc-4f99-8f80-5de14b74ca05","local_time":"20190226155052","is_ascension_mode":true,"campfire_choices":[{"floor":10,"key":"REST"},{"floor":12,"key":"REST"},{"floor":15,"key":"REST"}],"neow_cost":"NONE","seed_source_timestamp":356100429450548,"circlet_count":0,"master_deck":["Strike_R","Strike_R","Strike_R","Defend_R","Defend_R","Defend_R","Bash","Pommel Strike","Dual Wield"],"relics":["Sozu","Mercury Hourglass","Toxic Egg 2","Lantern"],"potions_floor_usage":[],"damage_taken":[{"damage":1,"enemies":"Cultist","floor":1,"turns":3},{"damage":0,"enemies":"Small Slimes","floor":2,"turns":3},{"damage":1,"enemies":"Jaw Worm","floor":4,"turns":3},{"damage":11,"enemies":"Gremlin Nob","floor":6,"turns":3},{"damage":7,"enemies":"3 Louse","floor":7,"turns":3},{"damage":9,"enemies":"Blue Slaver","floor":8,"turns":3},{"damage":36,"enemies":"Lagavulin","floor":11,"turns":4},{"damage":6,"enemies":"Exordium Wildlife","floor":14,"turns":3},{"damage":83,"enemies":"Hexaghost","floor":16,"turns":10}],"seed_played":"-9204413491721696740","potions_obtained":[],"is_trial":false,"path_per_floor":["M","M","?","M","$","E","M","M","T","R","E","R","$","M","R","B"],"character_chosen":"IRONCLAD","items_purchased":[],"campfire_rested":3,"item_purchase_floors":[],"current_hp_per_floor":[79,79,79,78,78,67,60,51,51,75,39,63,63,57,80,0],"gold":98,"neow_bonus":"BOSS_RELIC","is_prod":false,"is_daily":false,"chose_seed":false,"campfire_upgraded":0,"win_rate":0,"timestamp":1551167452,"path_taken":["M","?","?","M","$","E","M","M","T","R","E","R","$","M","R","BOSS"],"build_version":"2019-01-23","purchased_purges":2,"victory":false,"max_hp_per_floor":[80,80,80,80,80,80,80,80,80,80,80,80,80,80,80,80],"card_choices":[{"not_picked":["Searing Blow","Sever Soul"],"picked":"Pommel Strike","floor":1},{"not_picked":["Shrug It Off","Sentinel","Iron Wave"],"picked":"SKIP","floor":2},{"not_picked":["Heavy Blade","Uppercut"],"picked":"Dual Wield","floor":4},{"not_picked":["Ghostly Armor","Pommel Strike","Fire Breathing"],"picked":"SKIP","floor":6},{"not_picked":["Warcry","Clothesline","Sever Soul"],"picked":"SKIP","floor":7},{"not_picked":["Reckless Charge","Intimidate","Searing Blow"],"picked":"SKIP","floor":8},{"not_picked":["Armaments+1","Clash","Warcry+1"],"picked":"SKIP","floor":11},{"not_picked":["Sentinel+1","Armaments+1","Bloodletting+1"],"picked":"SKIP","floor":14}],"player_experience":86051,"relics_obtained":[{"floor":6,"key":"Mercury Hourglass"},{"floor":9,"key":"Toxic Egg 2"},{"floor":11,"key":"Lantern"}],"event_choices":[{"cards_removed":["Defend_R"],"damage_healed":0,"gold_gain":0,"player_choice":"Forget","damage_taken":0,"max_hp_gain":0,"max_hp_loss":0,"event_name":"Living Wall","floor":3,"gold_loss":0}],"is_beta":false,"boss_relics":[],"items_purged_floors":[5,13],"is_endless":false,"potions_floor_spawned":[1,6,8,11],"killed_by":"Hexaghost","ascension_level":1}