{"gold_per_floor":[16,16,16,34,109,109,124,157,233,87,87,87,87,107,107,107],"floor_reached":16,"playtime":512,"items_purged":["Strike_B"],"score":157,"play_id":"7f4ac89d-7fb4-4f30-9fce-e4beb9ae273d","local_time":"20180925153918","is_ascension_mode":true,"campfire_choices":[{"data":"Zap","floor":6,"key":"SMITH"},{"data":"Redo","floor":13,"key":"SMITH"},{"floor":15,"key":"REST"}],"neow_cost":"NO_GOLD","seed_source_timestamp":862777635840249,"circlet_count":0,"master_deck":["Strike_B","Defend_B","Defend_B","Defend_B","Zap+1","Dualcast","AscendersBane","Reprogram","Rainbow","Redo+1","Coolheaded","Barrage","Consume","Steam Power"],"relics":["Cracked Core","Oddly Smooth Stone","Meat on the Bone","Golden Idol"],"potions_floor_usage":[],"damage_taken":[{"damage":5,"enemies":"Jaw Worm","floor":1,"turns":3},{"damage":4,"enemies":"Small Slimes","floor":4,"turns":3},{"damage":0,"enemies":"Cultist","floor":7,"turns":3},{"damage":18,"enemies":"Lagavulin","floor":8,"turns":5},{"damage":20,"enemies":"Gremlin Gang","floor":14,"turns":6},{"damage":42,"enemies":"The Guardian","floor":16,"turns":11}],"seed_played":"-7534567264537099719","potions_obtained":[{"floor":8,"key":"FearPotion"}],"is_trial":false,"path_per_floor":["M","$","?","M","?","R","M","E","T","$","?","?","R","M","R"],"character_chosen":"DEFECT","items_purchased":["Consume"],"campfire_rested":1,"item_purchase_floors":[10],"current_hp_per_floor":[63,63,63,59,48,48,48,30,30,30,30,30,30,22,42,0],"gold":107,"neow_bonus":"TRANSFORM_TWO_CARDS","is_prod":false,"is_daily":false,"chose_seed":false,"campfire_upgraded":2,"win_rate":0,"timestamp":1537882758,"path_taken":["M","$","?","?","?","R","M","E","T","$","?","?","R","?","R","BOSS"],"build_version":"2018-09-20","purchased_purges":1,"victory":false,"max_hp_per_floor":[75,75,75,75,75,75,75,75,75,75,69,69,69,69,69,69],"card_choices":[{"not_picked":["Cold Snap","Turbo"],"picked":"Redo","floor":1},{"not_picked":["Static Discharge","FTL"],"picked":"Coolheaded","floor":4},{"not_picked":["Sunder","Gash"],"picked":"Barrage","floor":7},{"not_picked":["Cold Snap","Stack","Redo"],"picked":"SKIP","floor":8},{"not_picked":["Barrage","Sweeping Beam"],"picked":"Steam Power","floor":14}],"player_experience":440975,"relics_obtained":[{"floor":8,"key":"Oddly Smooth Stone"},{"floor":9,"key":"Meat on the Bone"}],"event_choices":[{"event_name":"The Cleric","player_choice":"Leave","floor":3,"damage_taken":0},{"event_name":"World of Goop","player_choice":"Gather Gold","floor":5,"damage_taken":0},{"event_name":"Golden Idol","player_choice":"Lose Max HP","floor":11,"damage_taken":0},{"event_name":"Living Wall","player_choice":"Forget","floor":12,"damage_taken":0}],"is_beta":false,"boss_relics":[],"items_purged_floors":[10],"is_endless":false,"potions_floor_spawned":[8],"killed_by":"The Guardian","ascension_level":12}