{"gold_per_floor":[365,365,376,396,396,396,427,54,54,64,95,111,111,130,130,204,204,214,214],"floor_reached":19,"playtime":834,"items_purged":["Strike_G"],"score":331,"play_id":"9bc51955-48df-4ced-bf6d-ed405ae09c55","local_time":"20190109213751","is_ascension_mode":true,"campfire_choices":[{"data":"Masterful Stab","floor":6,"key":"SMITH"},{"data":"Noxious Fumes","floor":13,"key":"SMITH"},{"data":"Well Laid Plans","floor":15,"key":"SMITH"}],"neow_cost":"TEN_PERCENT_HP_LOSS","seed_source_timestamp":1673902008828567,"circlet_count":0,"master_deck":["AscendersBane","Defend_G","Defend_G","Defend_G","Defend_G","Defend_G","Strike_G","Strike_G","Strike_G","Strike_G","Survivor","Neutralize","Masterful Stab+1","Well Laid Plans+1","Backstab","PiercingWail","Choke","Blade Dance","Noxious Fumes+1","Deflect","Quick Slash","Dash","Blur","Backflip","Phantasmal Killer"],"relics":["Ring of the Snake","Mercury Hourglass","Dream Catcher","Strawberry","Centennial Puzzle","WristBlade"],"potions_floor_usage":[7,16,19,19],"damage_taken":[{"damage":0,"enemies":"Jaw Worm","floor":1,"turns":5},{"damage":0,"enemies":"Small Slimes","floor":3,"turns":3},{"damage":1,"enemies":"Cultist","floor":4,"turns":4},{"damage":12,"enemies":"Lagavulin","floor":7,"turns":7},{"damage":6,"enemies":"Blue Slaver","floor":10,"turns":4},{"damage":6,"enemies":"3 Sentries","floor":11,"turns":7},{"damage":0,"enemies":"3 Louse","floor":12,"turns":1},{"damage":1,"enemies":"2 Fungi Beasts","floor":14,"turns":2},{"damage":12,"enemies":"Hexaghost","floor":16,"turns":11},{"damage":10,"enemies":"Shell Parasite","floor":18,"turns":6},{"damage":4,"enemies":"Colosseum Slavers","floor":19,"turns":4},{"damage":58,"enemies":"Colosseum Nobs","floor":19,"turns":4}],"seed_played":"-9149448067675459292","potions_obtained":[{"floor":1,"key":"Dexterity Potion"},{"floor":3,"key":"Poison Potion"},{"floor":11,"key":"AttackPotion"},{"floor":14,"key":"FearPotion"},{"floor":18,"key":"Fire Potion"}],"is_trial":false,"path_per_floor":["M","?","M","M","?","R","E","$","T","M","E","M","R","M","R","B",null,"M","?"],"character_chosen":"THE_SILENT","items_purchased":["Choke","Blade Dance","Noxious Fumes","Deflect","Quick Slash"],"campfire_rested":0,"item_purchase_floors":[8,8,8,8,8],"current_hp_per_floor":[59,64,64,63,63,63,51,51,58,52,46,46,46,45,45,33,62,52,0],"gold":214,"neow_bonus":"TWO_FIFTY_GOLD","is_prod":false,"is_daily":false,"chose_seed":false,"campfire_upgraded":3,"win_rate":0,"timestamp":1547066271,"path_taken":["M","?","M","M","?","R","E","$","T","?","E","M","R","M","R","BOSS","M","?"],"build_version":"2019-01-03v4","purchased_purges":1,"victory":false,"max_hp_per_floor":[60,65,65,65,65,65,65,65,72,72,72,72,72,72,72,72,72,72,72],"card_choices":[{"not_picked":["Slice","Accuracy"],"picked":"Masterful Stab","floor":1},{"not_picked":["Cloak And Dagger","PiercingWail"],"picked":"Well Laid Plans","floor":3},{"not_picked":["Slice","Accuracy"],"picked":"Backstab","floor":4},{"not_picked":["Cloak And Dagger","Well Laid Plans"],"picked":"PiercingWail","floor":7},{"not_picked":["Accuracy","Grand Finale","Quick Slash"],"picked":"SKIP","floor":10},{"not_picked":["Acrobatics","Flechettes"],"picked":"Dash","floor":11},{"not_picked":["Concentrate","Catalyst"],"picked":"Blur","floor":12},{"not_picked":["Acrobatics","Slice"],"picked":"Backflip","floor":14},{"not_picked":["A Thousand Cuts","Burst"],"picked":"Phantasmal Killer","floor":16},{"not_picked":["Dagger Throw","Tactician","Bane"],"picked":"SKIP","floor":18}],"player_experience":842079,"relics_obtained":[{"floor":7,"key":"Dream Catcher"},{"floor":9,"key":"Strawberry"},{"floor":11,"key":"Centennial Puzzle"}],"event_choices":[{"damage_healed":0,"gold_gain":0,"player_choice":"Donut","damage_taken":0,"max_hp_gain":5,"max_hp_loss":0,"event_name":"Big Fish","floor":2,"gold_loss":0},{"damage_healed":0,"gold_gain":0,"player_choice":"Gave Potion","damage_taken":0,"relics_obtained":["Mercury Hourglass"],"max_hp_gain":0,"max_hp_loss":0,"event_name":"WeMeetAgain","floor":5,"gold_loss":0},{"damage_healed":0,"gold_gain":0,"player_choice":"Fight","damage_taken":0,"max_hp_gain":0,"max_hp_loss":0,"event_name":"Colosseum","floor":19,"gold_loss":0},{"damage_healed":0,"gold_gain":0,"player_choice":"Fought Nobs","damage_taken":0,"max_hp_gain":0,"max_hp_loss":0,"event_name":"Colosseum","floor":19,"gold_loss":0}],"is_beta":false,"boss_relics":[{"not_picked":["Busted Crown","Orrery"],"picked":"WristBlade"}],"items_purged_floors":[8],"is_endless":false,"potions_floor_spawned":[1,3,11,14,18,19],"killed_by":"Colosseum Nobs","ascension_level":17}