{"gold_per_floor":[14,14,29,39,49,80,80,101,128,128,144,154,154,174,174,273,273,285,10,10,24,24,24,43,43,70,70,70,89,89,123,123,218,218,230,130,130,141,152,152,152,152,198,224,224,224,224,249,249,249],"floor_reached":50,"playtime":5008,"items_purged":["Strike_R","Defend_R"],"score":679,"play_id":"01ea8264-3880-468a-84df-d38de1b94d90","local_time":"20190209002214","is_ascension_mode":true,"campfire_choices":[{"data":"Infernal Blade","floor":10,"key":"SMITH"},{"data":"Bash","floor":13,"key":"SMITH"},{"data":"Body Slam","floor":15,"key":"SMITH"},{"data":"Heavy Blade","floor":23,"key":"SMITH"},{"data":"Entrench","floor":25,"key":"SMITH"},{"data":"Exhume","floor":32,"key":"SMITH"},{"data":"True Grit","floor":40,"key":"SMITH"},{"data":"Juggernaut","floor":42,"key":"SMITH"},{"data":"Limit Break","floor":46,"key":"SMITH"},{"floor":49,"key":"REST"}],"neow_cost":"NO_GOLD","seed_source_timestamp":611603668902786,"circlet_count":0,"master_deck":["Strike_R","Strike_R","Strike_R","Defend_R","Defend_R","Defend_R","Bash+1","Infernal Blade+1","Spot Weakness","True Grit+1","Iron Wave","Shrug It Off","Intimidate","Shrug It Off","Iron Wave","Body Slam+1","Exhume+1","Entrench+1","Heavy Blade+1","Clothesline+1","Whirlwind+1","Limit Break+1","Juggernaut+1","Writhe","Iron Wave+1","Armaments+1"],"relics":["Black Blood","Gambling Chip","Juzu Bracelet","Odd Mushroom","Bag of Marbles","Brimstone","Red Skull","Ancient Tea Set","Pantograph","Dream Catcher","Busted Crown","Regal Pillow","Smiling Mask","Orichalcum"],"potions_floor_usage":[6,8,16,16,24,31,35,48,50,50],"damage_taken":[{"damage":6,"enemies":"Cultist","floor":1,"turns":3},{"damage":3,"enemies":"Small Slimes","floor":3,"turns":4},{"damage":1,"enemies":"2 Louse","floor":4,"turns":3},{"damage":8,"enemies":"Blue Slaver","floor":5,"turns":6},{"damage":38,"enemies":"Lagavulin","floor":6,"turns":8},{"damage":3,"enemies":"The Mushroom Lair","floor":8,"turns":4},{"damage":0,"enemies":"2 Fungi Beasts","floor":11,"turns":3},{"damage":0,"enemies":"Exordium Wildlife","floor":12,"turns":3},{"damage":1,"enemies":"Large Slime","floor":14,"turns":6},{"damage":85,"enemies":"Slime Boss","floor":16,"turns":19},{"damage":31,"enemies":"Shell Parasite","floor":18,"turns":9},{"damage":13,"enemies":"Spheric Guardian","floor":21,"turns":4},{"damage":3,"enemies":"Snecko","floor":24,"turns":3},{"damage":0,"enemies":"Centurion and Healer","floor":29,"turns":3},{"damage":16,"enemies":"Slavers","floor":31,"turns":4},{"damage":59,"enemies":"Automaton","floor":33,"turns":8},{"damage":5,"enemies":"3 Shapes","floor":35,"turns":4},{"damage":4,"enemies":"Orb Walker","floor":38,"turns":2},{"damage":27,"enemies":"Jaw Worm Horde","floor":39,"turns":4},{"damage":23,"enemies":"Nemesis","floor":44,"turns":5},{"damage":50,"enemies":"Reptomancer","floor":48,"turns":5},{"damage":92,"enemies":"Time Eater","floor":50,"turns":6}],"seed_played":"-8477214398966963772","potions_obtained":[{"floor":2,"key":"FairyPotion"},{"floor":2,"key":"PowerPotion"},{"floor":2,"key":"Ancient Potion"},{"floor":3,"key":"Fire Potion"},{"floor":8,"key":"SteroidPotion"},{"floor":12,"key":"Weak Potion"},{"floor":16,"key":"FearPotion"},{"floor":21,"key":"Block Potion"},{"floor":24,"key":"AttackPotion"},{"floor":31,"key":"Fire Potion"},{"floor":35,"key":"BloodPotion"},{"floor":48,"key":"Swift Potion"}],"is_trial":false,"path_per_floor":["M","?","M","M","M","E","?","?","T","R","M","M","R","M","R","B",null,"M","$","?","M","?","R","M","R","T","T","?","M","?","E","R","B",null,"M","$","?","M","M","R","?","R","T","E","?","R","?","E","R","B"],"character_chosen":"IRONCLAD","items_purchased":["Brimstone"],"campfire_rested":1,"item_purchase_floors":[19],"current_hp_per_floor":[80,80,80,80,78,46,46,49,49,49,55,61,61,66,66,8,62,41,41,41,38,38,38,45,45,45,45,45,55,80,74,74,31,68,73,73,73,79,62,62,62,62,62,49,49,49,69,29,68,0],"gold":249,"neow_bonus":"ONE_RARE_RELIC","is_prod":false,"is_daily":false,"chose_seed":false,"campfire_upgraded":9,"win_rate":0,"timestamp":1549668134,"path_taken":["M","?","M","M","?","E","?","?","T","R","M","M","R","M","R","BOSS","M","$","?","M","?","R","M","R","T","?","?","M","?","E","R","BOSS","M","$","?","M","M","R","?","R","T","E","?","R","?","E","R","BOSS"],"build_version":"2019-01-23","purchased_purges":2,"victory":false,"max_hp_per_floor":[80,80,80,80,80,80,80,80,80,80,80,80,80,80,80,80,80,80,80,80,80,80,80,80,80,80,80,80,80,80,80,80,80,80,80,80,80,80,80,80,80,80,80,80,80,80,80,80,80,80],"card_choices":[{"not_picked":["Headbutt","Twin Strike"],"picked":"Infernal Blade","floor":1},{"not_picked":["Heavy Blade","Second Wind"],"picked":"Spot Weakness","floor":3},{"not_picked":["Thunderclap","Anger"],"picked":"True Grit","floor":4},{"not_picked":["Wild Strike","Heavy Blade"],"picked":"Iron Wave","floor":5},{"not_picked":["Power Through","Seeing Red"],"picked":"Shrug It Off","floor":6},{"not_picked":["Blood for Blood","Armaments"],"picked":"Intimidate","floor":8},{"not_picked":["Searing Blow","Rupture"],"picked":"Shrug It Off","floor":11},{"not_picked":["Second Wind","Armaments"],"picked":"Iron Wave","floor":12},{"not_picked":["True Grit","Dropkick"],"picked":"Body Slam","floor":14},{"not_picked":["Barricade","Fiend Fire"],"picked":"Exhume","floor":16},{"not_picked":["Pommel Strike+1","Twin Strike"],"picked":"Entrench","floor":18},{"not_picked":["Disarm","Iron Wave"],"picked":"Heavy Blade","floor":21},{"not_picked":["Wild Strike","Fire Breathing"],"picked":"Clothesline+1","floor":24},{"not_picked":["Body Slam","Infernal Blade","Iron Wave"],"picked":"SKIP","floor":29},{"not_picked":["Inflame","Cleave"],"picked":"Whirlwind+1","floor":31},{"not_picked":["Barricade","Fiend Fire"],"picked":"Limit Break","floor":33},{"not_picked":["Thunderclap"],"picked":"SKIP","floor":35},{"not_picked":["Clothesline"],"picked":"SKIP","floor":38},{"not_picked":["Warcry"],"picked":"SKIP","floor":39},{"not_picked":["Feed"],"picked":"SKIP","floor":44},{"not_picked":[],"picked":"Iron Wave+1","floor":48},{"not_picked":[],"picked":"Armaments+1","floor":49}],"player_experience":358830,"relics_obtained":[{"floor":6,"key":"Juzu Bracelet"},{"floor":8,"key":"Odd Mushroom"},{"floor":9,"key":"Bag of Marbles"},{"floor":26,"key":"Ancient Tea Set"},{"floor":27,"key":"Pantograph"},{"floor":31,"key":"Dream Catcher"},{"floor":43,"key":"Regal Pillow"},{"floor":44,"key":"Smiling Mask"},{"floor":48,"key":"Orichalcum"}],"event_choices":[{"damage_healed":0,"gold_gain":0,"player_choice":"Got Potions","damage_taken":0,"max_hp_gain":0,"max_hp_loss":0,"event_name":"Lab","floor":2,"gold_loss":0},{"damage_healed":0,"gold_gain":0,"player_choice":"Ignored","damage_taken":0,"max_hp_gain":0,"max_hp_loss":0,"event_name":"Liars Game","floor":7,"gold_loss":0},{"damage_healed":0,"gold_gain":0,"player_choice":"Fought Mushrooms","damage_taken":0,"max_hp_gain":0,"max_hp_loss":0,"event_name":"Mushrooms","floor":8,"gold_loss":0},{"damage_healed":0,"gold_gain":0,"player_choice":"Opened","damage_taken":0,"relics_obtained":["Red Skull"],"max_hp_gain":0,"max_hp_loss":0,"event_name":"The Mausoleum","floor":20,"gold_loss":0},{"damage_healed":0,"gold_gain":0,"player_choice":"Ignored","damage_taken":0,"max_hp_gain":0,"max_hp_loss":0,"event_name":"Vampires","floor":22,"gold_loss":0},{"damage_healed":26,"gold_gain":0,"player_choice":"Heal","damage_taken":0,"max_hp_gain":0,"max_hp_loss":0,"event_name":"The Library","floor":30,"gold_loss":0},{"cards_removed":["Strike_R"],"damage_healed":0,"gold_gain":0,"player_choice":"Removed Attack","damage_taken":0,"max_hp_gain":0,"max_hp_loss":0,"event_name":"Falling","floor":37,"gold_loss":0},{"damage_healed":0,"gold_gain":0,"player_choice":"1 cards matched","damage_taken":0,"max_hp_gain":0,"max_hp_loss":0,"event_name":"Match and Keep!","floor":41,"gold_loss":0,"cards_obtained":["Juggernaut"]},{"damage_healed":0,"gold_gain":0,"player_choice":"Memory 1","damage_taken":0,"max_hp_gain":0,"max_hp_loss":0,"event_name":"SensoryStone","floor":45,"gold_loss":0},{"damage_healed":20,"gold_gain":0,"player_choice":"Writhe","damage_taken":0,"max_hp_gain":0,"max_hp_loss":0,"event_name":"Winding Halls","floor":47,"gold_loss":0,"cards_obtained":["Writhe"]}],"is_beta":false,"boss_relics":[{"not_picked":["Cursed Key","White Beast Statue"],"picked":"Black Blood"},{"not_picked":["Fusion Hammer","Snecko Eye"],"picked":"Busted Crown"}],"items_purged_floors":[19,36],"is_endless":false,"potions_floor_spawned":[3,5,8,12,16,21,24,31,35,48],"killed_by":"Time Eater","ascension_level":5}