{"gold_per_floor":[117,132,142,162,176,176,205,220,220,247,247,260,59,134,134,233,233,248,74,91,91,16,16,16],"floor_reached":24,"playtime":1749,"items_purged":["Strike_R","Strike_R"],"score":250,"play_id":"f2961f2c-55f6-47e6-84fa-07f02f3b0bdb","local_time":"20180915160918","is_ascension_mode":true,"campfire_choices":[{"floor":6,"key":"REST"},{"floor":15,"key":"REST"},{"data":"Barricade","floor":23,"key":"SMITH"}],"neow_cost":"CURSE","seed_source_timestamp":269758645587390,"circlet_count":0,"master_deck":["Defend_R","Defend_R","Defend_R","Defend_R","Bash","Parasite","Juggernaut","Pommel Strike","Shrug It Off","Headbutt","Flex","Barricade+1","Flame Barrier","Spot Weakness","Limit Break","Evolve"],"relics":["Burning Blood","Molten Egg 2","Omamori","Champion Belt","Empty Cage"],"potions_floor_usage":[5,10,10,16,16,20,20,24],"damage_taken":[{"damage":5,"enemies":"2 Louse","floor":1,"turns":3},{"damage":11,"enemies":"Cultist","floor":2,"turns":4},{"damage":7,"enemies":"Small Slimes","floor":3,"turns":4},{"damage":14,"enemies":"Looter","floor":4,"turns":4},{"damage":28,"enemies":"Lots of Slimes","floor":5,"turns":5},{"damage":36,"enemies":"Gremlin Nob","floor":7,"turns":5},{"damage":8,"enemies":"2 Fungi Beasts","floor":8,"turns":4},{"damage":23,"enemies":"Lagavulin","floor":10,"turns":9},{"damage":15,"enemies":"3 Louse","floor":12,"turns":4},{"damage":31,"enemies":"The Guardian","floor":16,"turns":12},{"damage":32,"enemies":"3 Byrds","floor":18,"turns":3},{"damage":17,"enemies":"Shell Parasite","floor":20,"turns":9},{"damage":69,"enemies":"Colosseum Slavers","floor":24,"turns":7}],"seed_played":"-2956049103545785571","potions_obtained":[{"floor":2,"key":"Fruit Juice"},{"floor":5,"key":"Swift Potion"},{"floor":7,"key":"LiquidBronze"},{"floor":8,"key":"SteroidPotion"},{"floor":16,"key":"SpeedPotion"}],"is_trial":false,"path_per_floor":["M","M","M","M","M","R","E","M","T","E","?","M","$","?","R","B",null,"M","$","M","?","?","R"],"character_chosen":"IRONCLAD","items_purchased":["LiquidBronze","AttackPotion","Regen Potion"],"campfire_rested":2,"item_purchase_floors":[13,13,19],"current_hp_per_floor":[80,75,74,66,49,74,44,42,42,25,85,76,76,65,85,60,85,59,59,63,63,63,63,0],"gold":16,"neow_bonus":"THREE_RARE_CARDS","is_prod":false,"is_daily":false,"chose_seed":false,"campfire_upgraded":1,"win_rate":0,"timestamp":1537045758,"path_taken":["M","M","M","M","M","R","E","M","T","E","?","?","$","?","R","BOSS","M","?","?","?","?","R","?"],"build_version":"2018-09-06","purchased_purges":2,"victory":false,"max_hp_per_floor":[80,80,80,80,85,85,85,85,85,85,85,85,85,85,85,85,85,85,85,85,85,85,85,85],"card_choices":[{"not_picked":["Demon Form","Double Tap"],"picked":"Juggernaut","floor":0},{"not_picked":["Cleave","Twin Strike"],"picked":"Pommel Strike","floor":1},{"not_picked":["Havoc","Burning Pact"],"picked":"Shrug It Off","floor":2},{"not_picked":["Armaments","Seeing Red"],"picked":"Headbutt","floor":3},{"not_picked":["Sever Soul","True Grit"],"picked":"Flex","floor":4},{"not_picked":["Clothesline","Inflame","Twin Strike"],"picked":"SKIP","floor":5},{"not_picked":["Headbutt","Clash"],"picked":"Barricade","floor":7},{"not_picked":["Clash+1","Rupture"],"picked":"Flame Barrier","floor":8},{"not_picked":["Dark Embrace","Twin Strike+1","Heavy Blade+1"],"picked":"SKIP","floor":10},{"not_picked":["True Grit","Inflame"],"picked":"Spot Weakness","floor":12},{"not_picked":["Demon Form","Double Tap"],"picked":"Limit Break","floor":16},{"not_picked":["Heavy Blade+1","Perfected Strike+1","Havoc"],"picked":"SKIP","floor":18},{"not_picked":["Intimidate+1","Clothesline+1"],"picked":"Evolve","floor":20}],"player_experience":262592,"relics_obtained":[{"floor":7,"key":"Molten Egg 2"},{"floor":9,"key":"Omamori"},{"floor":10,"key":"Champion Belt"}],"event_choices":[{"event_name":"Wheel of Change","player_choice":"Full Heal","floor":11,"damage_taken":0},{"event_name":"World of Goop","player_choice":"Gather Gold","floor":14,"damage_taken":0},{"event_name":"Vampires","player_choice":"Ignored","floor":21,"damage_taken":0},{"event_name":"Beggar","player_choice":"Gave Gold","floor":22,"damage_taken":0},{"event_name":"Colosseum","player_choice":"Fight","floor":24,"damage_taken":0}],"is_beta":false,"boss_relics":[{"not_picked":["Coffee Dripper","Runic Pyramid"],"picked":"Empty Cage"}],"items_purged_floors":[13,19],"is_endless":false,"potions_floor_spawned":[2,5,7,8,16],"killed_by":"Colosseum Slavers","ascension_level":4}