{"gold_per_floor":[209,209,227,16,36,74,74,108,108,108,121,141,141,160,160,285,348,361,15,36,36,36,36,68,68,68,94,106,6,6,21,21,126,126,139,59,0,0,0,30,30,30,30,40,58,58,58,58,58,58],"floor_reached":51,"playtime":2321,"items_purged":["Strike_R","Injury"],"score":1094,"play_id":"c5efcc13-2a86-48fe-afe8-e6d1c0ebdc7f","local_time":"20190129211223","is_ascension_mode":true,"campfire_choices":[{"data":"Heavy Blade","floor":7.0,"key":"SMITH"},{"floor":10.0,"key":"REST"},{"data":"Whirlwind","floor":13.0,"key":"SMITH"},{"data":"Spot Weakness","floor":15,"key":"SMITH"},{"floor":23,"key":"REST"},{"floor":25,"key":"REST"},{"floor":30,"key":"REST"},{"floor":32,"key":"REST"},{"floor":42,"key":"REST"},{"floor":46,"key":"REST"},{"data":"Sword Boomerang","floor":49,"key":"SMITH"}],"neow_cost":"NONE","seed_source_timestamp":9685083611411,"circlet_count":0,"master_deck":["AscendersBane","Strike_R","Strike_R","Strike_R","Strike_R","Defend_R","Defend_R","Defend_R","Defend_R","Bash","Sword Boomerang+1","True Grit","Spot Weakness+1","Heavy Blade+1","Whirlwind+1","Twin Strike+1","Disarm+1","Limit Break+1","Offering+1","Warcry+1","Spot Weakness+1","Flex+1","Flex+1","Necronomicurse","Seeing Red+1","Thunderclap","Warcry+1","Double Tap+1","Flex+1","Limit Break+1","Madness+1","Reaper"],"special_seed":0,"relics":["Burning Blood","Bag of Preparation","StoneCalendar","Toxic Egg 2","Tiny House","Sling","Necronomicon","Nloth\u0027s Gift","Pen Nib","Gremlin Horn","Boot","Thread and Needle","Lizard Tail","Red Mask","Paper Frog","Blood Vial","Pantograph"],"potions_floor_usage":[14,27,28,33,33,50,50,50],"damage_taken":[{"damage":0.0,"enemies":"2 Louse","floor":1.0,"turns":2.0},{"damage":7.0,"enemies":"Small Slimes","floor":3.0,"turns":3.0},{"damage":0.0,"enemies":"Cultist","floor":5.0,"turns":3.0},{"damage":42.0,"enemies":"Lagavulin","floor":6.0,"turns":10.0},{"damage":32.0,"enemies":"Gremlin Nob","floor":8.0,"turns":4.0},{"damage":5.0,"enemies":"2 Fungi Beasts","floor":11.0,"turns":3.0},{"damage":5.0,"enemies":"Red Slaver","floor":12.0,"turns":4.0},{"damage":0,"enemies":"Large Slime","floor":14,"turns":2},{"damage":36,"enemies":"The Guardian","floor":16,"turns":7},{"damage":6,"enemies":"Spheric Guardian","floor":18,"turns":2},{"damage":18,"enemies":"Chosen","floor":20,"turns":4},{"damage":29,"enemies":"Gremlin Leader","floor":24,"turns":4},{"damage":30,"enemies":"Book of Stabbing","floor":27,"turns":3},{"damage":16,"enemies":"Snecko","floor":28,"turns":3},{"damage":17,"enemies":"Snake Plant","floor":31,"turns":4},{"damage":18,"enemies":"Automaton","floor":33,"turns":3},{"damage":32,"enemies":"3 Darklings","floor":35,"turns":4},{"damage":6,"enemies":"Giant Head","floor":40,"turns":5},{"damage":44,"enemies":"3 Shapes","floor":44,"turns":5},{"damage":48,"enemies":"Maw","floor":45,"turns":5},{"damage":49,"enemies":"Awakened One","floor":50,"turns":6}],"seed_played":"2069025945251094613","potions_obtained":[{"floor":1.0,"key":"Swift Potion"},{"floor":5.0,"key":"PowerPotion"},{"floor":8.0,"key":"Strength Potion"},{"floor":11.0,"key":"EssenceOfSteel"},{"floor":17,"key":"SteroidPotion"},{"floor":18,"key":"Regen Potion"},{"floor":27,"key":"Ancient Potion"},{"floor":31,"key":"Weak Potion"},{"floor":35,"key":"FearPotion"},{"floor":40,"key":"LiquidBronze"},{"floor":44,"key":"SkillPotion"}],"is_trial":false,"path_per_floor":["?","?","?","M","?","$","?","?","T","?"],"character_chosen":"IRONCLAD","items_purchased":["Spot Weakness","Heavy Blade","Flex+1","Sling","Limit Break+1"],"campfire_rested":7,"item_purchase_floors":[4,4,19,19,36],"current_hp_per_floor":[78,78,77,77,80,44,44,18,18,42,43,44,44,50,50,20,70,70,70,58,42,42,67,44,69,69,50,40,40,65,54,79,67,81,55,55,55,55,55,55,55,80,80,85,43,68,68,68,68,68],"gold":58,"neow_bonus":"HUNDRED_GOLD","is_prod":false,"is_daily":false,"chose_seed":false,"campfire_upgraded":4,"win_rate":0,"timestamp":1548767543,"path_taken":["M","?","M","$","M","E","R","E","T","R","M","M","R","M","R","BOSS","M","$","M","?","?","R","E","R","T","E","?","?","R","M","R","BOSS","M","?","?","?","?","E","$","R","T","M","M","R","?","$","R","BOSS"],"build_version":"2019-01-23","purchased_purges":2,"victory":true,"max_hp_per_floor":[80,80,80,80,80,80,80,80,80,80,80,80,80,80,80,80,85,85,85,85,85,85,85,85,85,85,85,85,85,85,85,85,85,85,85,85,85,85,85,85,85,85,85,85,85,85,85,85,85,85],"card_choices":[{"not_picked":["Burning Pact","Flame Barrier"],"picked":"Sword Boomerang","floor":1.0},{"not_picked":["Warcry","Reckless Charge"],"picked":"True Grit","floor":3.0},{"not_picked":["Searing Blow","Wild Strike","Body Slam"],"picked":"SKIP","floor":5.0},{"not_picked":["Searing Blow","Wild Strike","Body Slam"],"picked":"SKIP","floor":5.0},{"not_picked":["Armaments","Clothesline","Warcry"],"picked":"SKIP","floor":6.0},{"not_picked":["Sentinel","Wild Strike"],"picked":"Whirlwind","floor":8.0},{"not_picked":["Rupture","Entrench+1"],"picked":"Twin Strike","floor":11.0},{"not_picked":["Pommel Strike","Twin Strike"],"picked":"Disarm+1","floor":12.0},{"not_picked":["Wild Strike","Seeing Red+1"],"picked":"Limit Break+1","floor":14},{"not_picked":["Fiend Fire","Immolate"],"picked":"Offering+1","floor":16},{"not_picked":["Headbutt","Clash"],"picked":"Warcry+1","floor":17},{"not_picked":["Anger","Rampage"],"picked":"Spot Weakness+1","floor":18},{"not_picked":["Thunderclap+1","Clash"],"picked":"Flex+1","floor":20},{"not_picked":["Feed","Armaments+1","Burning Pact+1"],"picked":"SKIP","floor":24},{"not_picked":["Sword Boomerang","Uppercut"],"picked":"Seeing Red+1","floor":27},{"not_picked":["Burning Pact+1","Reckless Charge"],"picked":"Thunderclap","floor":28},{"not_picked":["Immolate","Reaper"],"picked":"Warcry+1","floor":31},{"not_picked":["Berserk","Demon Form"],"picked":"Double Tap+1","floor":33},{"not_picked":["Perfected Strike+1","Evolve"],"picked":"Flex+1","floor":35},{"not_picked":["Dramatic Entrance","Magnetism"],"picked":"Madness+1","floor":38},{"not_picked":["Heavy Blade+1","True Grit+1"],"picked":"Reaper","floor":40},{"not_picked":["Thunderclap+1","Body Slam","Flex+1"],"picked":"SKIP","floor":44},{"not_picked":["Flex+1","Bludgeon","Searing Blow"],"picked":"SKIP","floor":45}],"player_experience":131818,"relics_obtained":[{"floor":6.0,"key":"Bag of Preparation"},{"floor":8.0,"key":"StoneCalendar"},{"floor":9.0,"key":"Toxic Egg 2"},{"floor":21,"key":"Necronomicon"},{"floor":24,"key":"Pen Nib"},{"floor":26,"key":"Gremlin Horn"},{"floor":27,"key":"Boot"},{"floor":39,"key":"Paper Frog"},{"floor":40,"key":"Blood Vial"},{"floor":43,"key":"Pantograph"}],"event_choices":[{"damage_healed":0.0,"max_hp_gain":0.0,"max_hp_loss":0.0,"gold_gain":0.0,"event_name":"Golden Idol","player_choice":"Take Wound","floor":2.0,"gold_loss":0.0,"damage_taken":0.0,"relics_obtained":["Golden Idol"],"cards_obtained":["Injury"]},{"damage_healed":0,"gold_gain":0,"player_choice":"Obtained Book","damage_taken":16,"max_hp_gain":0,"max_hp_loss":0,"event_name":"Cursed Tome","floor":21,"gold_loss":0},{"damage_healed":0,"gold_gain":0,"player_choice":"Traded Relic","damage_taken":0,"relics_obtained":["Nloth\u0027s Gift"],"max_hp_gain":0,"max_hp_loss":0,"event_name":"N\u0027loth","floor":22,"relics_lost":["Golden Idol"],"gold_loss":0},{"damage_healed":0,"gold_gain":0,"player_choice":"Paid Gold","damage_taken":0,"relics_obtained":["Thread and Needle"],"max_hp_gain":0,"max_hp_loss":0,"event_name":"WeMeetAgain","floor":29,"gold_loss":100},{"damage_healed":0,"gold_gain":0,"player_choice":"Paid","damage_taken":0,"relics_obtained":["Red Mask"],"max_hp_gain":0,"max_hp_loss":0,"event_name":"Tomb of Lord Red Mask","floor":37,"gold_loss":59},{"damage_healed":0,"gold_gain":0,"player_choice":"Memory 1","damage_taken":0,"max_hp_gain":0,"max_hp_loss":0,"event_name":"SensoryStone","floor":38,"gold_loss":0},{"damage_healed":0,"gold_gain":0,"player_choice":"Ignored","damage_taken":0,"max_hp_gain":0,"max_hp_loss":0,"event_name":"Mysterious Sphere","floor":47,"gold_loss":0}],"is_beta":false,"boss_relics":[{"not_picked":["Snecko Eye","Black Star"],"picked":"Tiny House"},{"not_picked":["Runic Dome","Coffee Dripper"],"picked":"Lizard Tail"}],"items_purged_floors":[4,19],"is_endless":false,"potions_floor_spawned":[1,5,8,11,18,27,31,35,40,44],"ascension_level":10}