{"gold_per_floor":[118,118,128,48,65,65,91,105,130,130,130,55,55,75,75,179,179,195,195,110,110,10,10,10,10,10,10,29,29,29,29,29,131,131,144,144,144,160,177,177,177,177,177,177,52,66,66,85,85,85],"floor_reached":51,"playtime":3848,"items_purged":["Strike_R","Strike_R","Parasite"],"score":591,"play_id":"34d2c0e4-5136-4e43-9079-b068d4114f2b","local_time":"20190127062841","is_ascension_mode":false,"campfire_choices":[{"data":"Inflame","floor":6,"key":"SMITH"},{"floor":13,"key":"REST"},{"data":"Uppercut","floor":15,"key":"SMITH"},{"data":"Demon Form","floor":23,"key":"SMITH"},{"data":"Blood for Blood","floor":25,"key":"SMITH"},{"data":"Shockwave","floor":30,"key":"SMITH"},{"data":"Pommel Strike","floor":32,"key":"SMITH"},{"floor":40,"key":"REST"},{"data":"Offering","floor":42,"key":"SMITH"},{"data":"Power Through","floor":44,"key":"SMITH"},{"floor":49,"key":"REST"}],"neow_cost":"CURSE","seed_source_timestamp":1796216819889102,"circlet_count":0,"master_deck":["Strike_R+1","Defend_R+1","Defend_R+1","Defend_R+1","Uppercut+1","Pommel Strike+1","Dropkick","Dual Wield","Inflame+1","Blood for Blood+1","Power Through+1","Iron Wave","Demon Form+1","Rupture+1","Shockwave+1","Seeing Red+1","Offering+1","Anger+1","Madness","Madness","Whirlwind+1","Flex+1","Uppercut+1","Bloodletting+1"],"relics":["Burning Blood","Bronze Scales","Strawberry","Mark of Pain","Juzu Bracelet","Mummified Hand","Pantograph","Black Star","Sundial"],"potions_floor_usage":[16,28,41,48,50,50],"damage_taken":[{"damage":0,"enemies":"Cultist","floor":1,"turns":4},{"damage":2,"enemies":"Small Slimes","floor":3,"turns":4},{"damage":6,"enemies":"2 Louse","floor":5,"turns":3},{"damage":34,"enemies":"3 Sentries","floor":7,"turns":8},{"damage":2,"enemies":"Blue Slaver","floor":8,"turns":4},{"damage":5,"enemies":"2 Fungi Beasts","floor":14,"turns":4},{"damage":22,"enemies":"Hexaghost","floor":16,"turns":8},{"damage":13,"enemies":"3 Byrds","floor":18,"turns":4},{"damage":19,"enemies":"2 Thieves","floor":28,"turns":4},{"damage":81,"enemies":"Collector","floor":33,"turns":13},{"damage":23,"enemies":"Orb Walker","floor":35,"turns":4},{"damage":11,"enemies":"3 Shapes","floor":38,"turns":4},{"damage":19,"enemies":"Writhing Mass","floor":39,"turns":7},{"damage":0,"enemies":"4 Shapes","floor":41,"turns":1},{"damage":20,"enemies":"Sphere and 2 Shapes","floor":46,"turns":4},{"damage":18,"enemies":"3 Darklings","floor":48,"turns":4},{"damage":65,"enemies":"Time Eater","floor":50,"turns":8}],"seed_played":"-2088786982951059180","potions_obtained":[{"floor":3,"key":"SmokeBomb"},{"floor":8,"key":"FearPotion"},{"floor":16,"key":"AttackPotion"},{"floor":18,"key":"Fire Potion"},{"floor":35,"key":"SkillPotion"},{"floor":46,"key":"SteroidPotion"},{"floor":48,"key":"SpeedPotion"}],"is_trial":false,"path_per_floor":["?","?","?","$","?","?","?","$","?","?","?","?"],"character_chosen":"IRONCLAD","items_purchased":["Inflame"],"campfire_rested":3,"item_purchase_floors":[4],"current_hp_per_floor":[80,73,77,77,77,77,49,53,60,60,65,65,92,92,92,76,92,85,85,85,85,85,85,85,85,85,85,72,72,72,72,72,17,92,75,63,63,58,45,72,78,78,78,78,78,64,64,52,78,30],"gold":85,"neow_bonus":"TRANSFORM_TWO_CARDS","is_prod":false,"is_daily":false,"chose_seed":false,"campfire_upgraded":8,"win_rate":0.0,"timestamp":1548541721,"path_taken":["M","?","M","$","M","R","E","M","T","?","?","?","R","M","R","BOSS","M","?","?","?","?","R","$","R","T","?","M","$","R","?","R","BOSS","M","?","$","M","M","R","M","R","T","R","$","M","?","M","R","BOSS"],"build_version":"2019-01-23","purchased_purges":3,"victory":true,"max_hp_per_floor":[80,80,80,80,80,80,80,80,87,87,92,92,92,92,92,92,92,92,92,92,92,92,92,92,92,92,92,92,92,92,92,92,92,92,92,92,92,92,92,92,92,92,92,92,89,89,89,89,89,89],"card_choices":[{"not_picked":["Infernal Blade","Anger"],"picked":"Dropkick","floor":1},{"not_picked":["Anger","Body Slam"],"picked":"Dual Wield","floor":3},{"not_picked":["Armaments","Warcry"],"picked":"Blood for Blood","floor":5},{"not_picked":["Thunderclap","Disarm"],"picked":"Power Through","floor":7},{"not_picked":["Bludgeon","Corruption"],"picked":"Iron Wave","floor":8},{"not_picked":["Perfected Strike","Second Wind","Heavy Blade"],"picked":"SKIP","floor":14},{"not_picked":["Brutality","Berserk"],"picked":"Demon Form","floor":16},{"not_picked":["Thunderclap","Iron Wave"],"picked":"Rupture+1","floor":18},{"not_picked":["Disarm+1","Heavy Blade"],"picked":"Seeing Red+1","floor":28},{"not_picked":["Brutality","Impervious"],"picked":"Offering","floor":33},{"not_picked":["Corruption+1","Thunderclap"],"picked":"Anger+1","floor":35},{"not_picked":["Entrench+1","Sword Boomerang+1"],"picked":"Whirlwind+1","floor":38},{"not_picked":["Armaments+1","Shockwave"],"picked":"Flex+1","floor":39},{"not_picked":["Body Slam+1","Burning Pact+1"],"picked":"Uppercut+1","floor":46},{"not_picked":["Spot Weakness","Shrug It Off"],"picked":"Bloodletting+1","floor":48}],"player_experience":24234,"relics_obtained":[{"floor":7,"key":"Bronze Scales"},{"floor":9,"key":"Strawberry"},{"floor":26,"key":"Pantograph"},{"floor":43,"key":"Sundial"}],"event_choices":[{"cards_removed":["Strike_R"],"damage_healed":0,"gold_gain":0,"player_choice":"Card Removal","damage_taken":7,"max_hp_gain":0,"max_hp_loss":0,"event_name":"Golden Wing","floor":2,"gold_loss":0},{"cards_removed":["Clumsy"],"damage_healed":0,"gold_gain":0,"player_choice":"Forget","damage_taken":0,"max_hp_gain":0,"max_hp_loss":0,"event_name":"Living Wall","floor":10,"gold_loss":0},{"damage_healed":0,"gold_gain":0,"player_choice":"Donut","damage_taken":0,"max_hp_gain":5,"max_hp_loss":0,"event_name":"Big Fish","floor":11,"gold_loss":0},{"damage_healed":0,"gold_gain":0,"player_choice":"Opened","damage_taken":0,"relics_obtained":["Juzu Bracelet"],"max_hp_gain":0,"max_hp_loss":0,"event_name":"The Mausoleum","floor":19,"gold_loss":0},{"damage_healed":0,"gold_gain":0,"player_choice":"Obtained Relic","damage_taken":0,"relics_obtained":["Mummified Hand"],"max_hp_gain":0,"max_hp_loss":0,"event_name":"Addict","floor":20,"gold_loss":85},{"damage_healed":0,"gold_gain":0,"player_choice":"Ignored","damage_taken":0,"max_hp_gain":0,"max_hp_loss":0,"event_name":"Vampires","floor":21,"gold_loss":0},{"damage_healed":0,"gold_gain":0,"player_choice":"Read","damage_taken":0,"max_hp_gain":0,"max_hp_loss":0,"event_name":"The Library","floor":27,"gold_loss":0,"cards_obtained":["Shockwave"]},{"damage_healed":0,"gold_gain":0,"player_choice":"Simplicity","damage_taken":0,"max_hp_gain":0,"max_hp_loss":0,"event_name":"Back to Basics","floor":31,"gold_loss":0,"cards_upgraded":["Strike_R","Defend_R","Defend_R","Defend_R","Defend_R"]},{"damage_healed":0,"gold_gain":0,"player_choice":"Embrace Madness","damage_taken":12,"max_hp_gain":0,"max_hp_loss":0,"event_name":"Winding Halls","floor":36,"gold_loss":0,"cards_obtained":["Madness","Madness"]},{"cards_removed":["Defend_R"],"damage_healed":0,"gold_gain":0,"player_choice":"Removed Skill","damage_taken":0,"max_hp_gain":0,"max_hp_loss":0,"event_name":"Falling","floor":47,"gold_loss":0}],"is_beta":false,"boss_relics":[{"not_picked":["Astrolabe","Eternal Feather"],"picked":"Mark of Pain"},{"not_picked":["Tiny House","Runic Pyramid"],"picked":"Black Star"}],"items_purged_floors":[12,22,45],"is_endless":false,"potions_floor_spawned":[3,8,16,18,35,46,48],"ascension_level":0}