{"gold_per_floor":[17,17,17,30,43,43,63,91,114,133,159,172,191,201,201,277,277,288,316,316,316,335,335,350,350,350,350,167,167,201,217,217,288,288,299,23,36,36,36,61,61,93,118,118,118,118,145,162,162,162],"floor_reached":50,"playtime":2355,"items_purged":[],"score":1107,"play_id":"93e52598-2313-4514-8d38-8e6d809cc74a","local_time":"20190107183338","is_ascension_mode":true,"campfire_choices":[{"data":"Deadly Poison","floor":6,"key":"SMITH"},{"data":"Malaise","floor":15,"key":"SMITH"},{"floor":23,"key":"REST"},{"floor":25,"key":"REST"},{"data":"A Thousand Cuts","floor":27,"key":"SMITH"},{"floor":29,"key":"REST"},{"floor":32,"key":"REST"},{"floor":41,"key":"REST"},{"floor":46,"key":"REST"},{"floor":49,"key":"REST"}],"neow_cost":"NO_GOLD","seed_source_timestamp":1488520838789307,"circlet_count":0,"master_deck":["AscendersBane","Defend_G+1","Defend_G+1","Defend_G+1","Defend_G+1","Strike_G+1","Strike_G+1","Strike_G+1","Strike_G+1","Survivor","Neutralize","Adrenaline","Cloak And Dagger","Deadly Poison+1","A Thousand Cuts+1","Cloak And Dagger","PiercingWail","Slice","Malaise+1","Backflip","A Thousand Cuts","Escape Plan","Deadly Poison+1","Apotheosis","Bouncing Flask","Wraith Form v2","Backflip","Well Laid Plans","Master of Strategy","Backflip","Backflip","Malaise","PiercingWail+1"],"relics":["Ring of the Snake","Omamori","Pen Nib","Bag of Marbles","Turnip","Sozu","Red Mask","StoneCalendar","Nunchaku","Fusion Hammer","Calipers","Dead Branch","Boot","Bottled Lightning"],"potions_floor_usage":[8,11,19,37],"damage_taken":[{"damage":0,"enemies":"Cultist","floor":1,"turns":4},{"damage":10,"enemies":"Small Slimes","floor":4,"turns":5},{"damage":2,"enemies":"Jaw Worm","floor":5,"turns":3},{"damage":0,"enemies":"2 Fungi Beasts","floor":7,"turns":4},{"damage":7,"enemies":"3 Sentries","floor":8,"turns":6},{"damage":0,"enemies":"Red Slaver","floor":10,"turns":4},{"damage":2,"enemies":"Lagavulin","floor":11,"turns":5},{"damage":0,"enemies":"Lots of Slimes","floor":12,"turns":5},{"damage":0,"enemies":"2 Fungi Beasts","floor":13,"turns":3},{"damage":2,"enemies":"Blue Slaver","floor":14,"turns":4},{"damage":17,"enemies":"Hexaghost","floor":16,"turns":13},{"damage":1,"enemies":"3 Byrds","floor":18,"turns":5},{"damage":21,"enemies":"Masked Bandits","floor":19,"turns":5},{"damage":7,"enemies":"Spheric Guardian","floor":22,"turns":5},{"damage":25,"enemies":"Chosen and Byrds","floor":24,"turns":6},{"damage":8,"enemies":"Book of Stabbing","floor":30,"turns":7},{"damage":13,"enemies":"Cultist and Chosen","floor":31,"turns":7},{"damage":33,"enemies":"Collector","floor":33,"turns":7},{"damage":45,"enemies":"3 Darklings","floor":35,"turns":6},{"damage":2,"enemies":"Orb Walker","floor":37,"turns":3},{"damage":17,"enemies":"Giant Head","floor":40,"turns":9},{"damage":0,"enemies":"Nemesis","floor":42,"turns":9},{"damage":10,"enemies":"Reptomancer","floor":47,"turns":5},{"damage":11,"enemies":"Writhing Mass","floor":48,"turns":6},{"damage":45,"enemies":"Time Eater","floor":50,"turns":14}],"seed_played":"2190873521395666120","potions_obtained":[{"floor":4,"key":"Strength Potion"},{"floor":7,"key":"SkillPotion"},{"floor":10,"key":"LiquidBronze"},{"floor":11,"key":"SkillPotion"},{"floor":14,"key":"Weak Potion"},{"floor":16,"key":"FearPotion"}],"is_trial":false,"path_per_floor":["M","?","?","M","M","R","M","E","T","M","E","M","M","M","R","B",null,"M","?","?","?","M","R","M","R","T","R","$","R","E","M","R","B",null,"M","$","M","?","?","E","R","E","T","$","?","R","E","M","R","B"],"character_chosen":"THE_SILENT","items_purchased":["Apotheosis","Well Laid Plans","Master of Strategy"],"campfire_rested":7,"item_purchase_floors":[28,36,36],"current_hp_per_floor":[59,52,52,42,40,40,40,33,33,33,31,31,31,29,29,12,53,52,31,31,27,20,39,14,33,33,33,33,52,44,31,50,17,54,9,9,7,54,51,34,49,49,49,49,49,51,41,30,45,0],"gold":162,"neow_bonus":"THREE_RARE_CARDS","is_prod":false,"is_daily":false,"chose_seed":false,"campfire_upgraded":3,"win_rate":0,"timestamp":1546882418,"path_taken":["M","?","?","M","M","R","M","E","T","M","E","?","M","M","R","BOSS","M","?","?","?","M","R","M","R","T","R","$","R","E","M","R","BOSS","M","?","?","?","?","E","R","E","T","$","?","R","E","?","R","BOSS"],"build_version":"2019-01-03v4","purchased_purges":0,"victory":false,"max_hp_per_floor":[66,66,66,66,66,66,66,66,66,66,66,66,66,66,66,66,66,66,66,66,66,66,66,66,66,66,66,66,66,66,66,66,66,66,66,66,66,54,51,51,51,51,51,51,51,51,51,51,51,51],"card_choices":[{"not_picked":["Unload","Doppelganger"],"picked":"Adrenaline","floor":0},{"not_picked":["Outmaneuver","Deflect"],"picked":"Backflip","floor":1},{"not_picked":["Blade Dance","Reflex"],"picked":"Cloak And Dagger","floor":4},{"not_picked":["Concentrate","Acrobatics"],"picked":"Deadly Poison","floor":5},{"not_picked":["Deflect","Cloak And Dagger"],"picked":"A Thousand Cuts","floor":7},{"not_picked":["Dagger Throw","Backflip"],"picked":"Cloak And Dagger","floor":8},{"not_picked":["Slice","Sucker Punch","Outmaneuver"],"picked":"SKIP","floor":10},{"not_picked":["Setup","Underhanded Strike"],"picked":"PiercingWail","floor":11},{"not_picked":["Backflip","Catalyst"],"picked":"Slice","floor":12},{"not_picked":["Sucker Punch","Cloak And Dagger"],"picked":"Malaise","floor":13},{"not_picked":["Bouncing Flask","Poisoned Stab"],"picked":"Backflip","floor":14},{"not_picked":["Storm of Steel","Unload"],"picked":"A Thousand Cuts","floor":16},{"not_picked":["Backflip","Prepared"],"picked":"Escape Plan","floor":18},{"not_picked":["PiercingWail","Venomology"],"picked":"Deadly Poison+1","floor":19},{"not_picked":["Underhanded Strike","Bane","Poisoned Stab"],"picked":"SKIP","floor":22},{"not_picked":["Prepared+1","Poisoned Stab","Blade Dance"],"picked":"SKIP","floor":24},{"not_picked":["Bouncing Flask","Dagger Spray","Bane"],"picked":"SKIP","floor":30},{"not_picked":["Dagger Spray","Bane"],"picked":"Bouncing Flask","floor":30},{"not_picked":["Backflip","Outmaneuver","Flying Knee"],"picked":"SKIP","floor":31},{"not_picked":["Glass Knife","Bullet Time"],"picked":"Wraith Form v2","floor":33},{"not_picked":["Infinite Blades","Prepared"],"picked":"Backflip","floor":35},{"not_picked":["Infinite Blades+1","Blade Dance","Backflip"],"picked":"SKIP","floor":37},{"not_picked":["Infinite Blades+1","Blade Dance"],"picked":"Backflip","floor":37},{"not_picked":["Expertise","Flying Knee"],"picked":"Backflip","floor":40},{"not_picked":["Acrobatics","PiercingWail+1"],"picked":"Malaise","floor":42},{"not_picked":["Choke","Well Laid Plans","Distraction"],"picked":"SKIP","floor":47},{"not_picked":["Underhanded Strike","Deflect+1"],"picked":"PiercingWail+1","floor":48}],"player_experience":833742,"relics_obtained":[{"floor":8,"key":"Pen Nib"},{"floor":9,"key":"Bag of Marbles"},{"floor":11,"key":"Turnip"},{"floor":19,"key":"Red Mask"},{"floor":26,"key":"StoneCalendar"},{"floor":30,"key":"Nunchaku"},{"floor":40,"key":"Calipers"},{"floor":42,"key":"Dead Branch"},{"floor":43,"key":"Boot"},{"floor":47,"key":"Bottled Lightning"}],"event_choices":[{"cards_removed":["Defend_G"],"damage_healed":0,"gold_gain":0,"player_choice":"Card Removal","damage_taken":7,"max_hp_gain":0,"max_hp_loss":0,"event_name":"Golden Wing","floor":2,"gold_loss":0},{"cards_removed":["Backflip"],"damage_healed":0,"gold_gain":0,"player_choice":"Gave Card","damage_taken":0,"relics_obtained":["Omamori"],"max_hp_gain":0,"max_hp_loss":0,"event_name":"WeMeetAgain","floor":3,"gold_loss":0},{"damage_healed":0,"gold_gain":0,"player_choice":"Fought Bandits","damage_taken":0,"max_hp_gain":0,"max_hp_loss":0,"event_name":"Masked Bandits","floor":19,"gold_loss":0},{"damage_healed":0,"gold_gain":0,"player_choice":"Simplicity","damage_taken":0,"max_hp_gain":0,"max_hp_loss":0,"event_name":"Back to Basics","floor":20,"gold_loss":0,"cards_upgraded":["Defend_G","Defend_G","Defend_G","Defend_G","Strike_G","Strike_G","Strike_G","Strike_G","Strike_G"]},{"damage_healed":0,"gold_gain":0,"player_choice":"Bought 0 Potions","damage_taken":0,"max_hp_gain":0,"max_hp_loss":0,"event_name":"The Woman in Blue","floor":21,"gold_loss":0},{"damage_healed":54,"gold_gain":0,"player_choice":"Heal","damage_taken":0,"max_hp_gain":0,"max_hp_loss":12,"event_name":"The Moai Head","floor":38,"gold_loss":0},{"damage_healed":0,"gold_gain":0,"player_choice":"Max HP","damage_taken":0,"max_hp_gain":0,"max_hp_loss":3,"event_name":"Winding Halls","floor":39,"gold_loss":0},{"cards_removed":["Strike_G"],"damage_healed":0,"gold_gain":0,"player_choice":"Offered Basic","damage_taken":0,"max_hp_gain":0,"max_hp_loss":0,"event_name":"Bonfire Elementals","floor":45,"gold_loss":0}],"is_beta":false,"boss_relics":[{"not_picked":["HoveringKite","Busted Crown"],"picked":"Sozu"},{"not_picked":["Runic Dome","Astrolabe"],"picked":"Fusion Hammer"}],"items_purged_floors":[],"is_endless":false,"potions_floor_spawned":[4,7,10,11,14,16,18,19,31,47],"killed_by":"Time Eater","ascension_level":17}