{"gold_per_floor":[116,116,129,148,164,191,191,41,120,150,11,11],"floor_reached":12,"playtime":2549,"items_purged":["Strike_G"],"score":163,"play_id":"84860200-ad96-43ff-afd5-f94c85913610","local_time":"20190111000247","is_ascension_mode":true,"campfire_choices":[{"data":"Skewer","floor":7,"key":"SMITH"}],"neow_cost":"NONE","seed_source_timestamp":1767267845000877,"circlet_count":0,"master_deck":["AscendersBane","Defend_G","Defend_G","Defend_G","Defend_G","Defend_G","Strike_G","Strike_G","Strike_G","Survivor","Neutralize","Venomology","Quick Slash","Slice","Blade Dance","Endless Agony","Skewer+1","Terror","Footwork","Dagger Spray","Well Laid Plans"],"special_seed":0,"relics":["Ring of the Snake","Gambling Chip","Singing Bowl","Potion Belt"],"potions_floor_usage":[3,5,6,10,12,12],"damage_taken":[{"damage":0.0,"enemies":"Jaw Worm","floor":1.0,"turns":7.0},{"damage":1,"enemies":"Cultist","floor":3,"turns":5},{"damage":0,"enemies":"2 Louse","floor":4,"turns":2},{"damage":0,"enemies":"Looter","floor":5,"turns":1},{"damage":53,"enemies":"Gremlin Nob","floor":6,"turns":5},{"damage":22,"enemies":"Lagavulin","floor":10,"turns":5},{"damage":7,"enemies":"3 Sentries","floor":12,"turns":2}],"seed_played":"5824567115821118682","potions_obtained":[{"floor":1.0,"key":"EssenceOfSteel"},{"floor":5,"key":"FairyPotion"},{"floor":10,"key":"Poison Potion"}],"is_trial":false,"path_per_floor":["M","?","M","M","M","E","R","$","T","E","$","E"],"character_chosen":"THE_SILENT","items_purchased":["Terror","Dagger Spray","Well Laid Plans"],"campfire_rested":0,"item_purchase_floors":[8,11,11],"current_hp_per_floor":[59,59,58,58,58,5,5,5,5,6,6,0],"gold":11,"neow_bonus":"ONE_RANDOM_RARE_CARD","is_prod":false,"is_daily":false,"chose_seed":false,"campfire_upgraded":1,"win_rate":0,"timestamp":1547161367,"path_taken":["M","?","M","M","?","E","R","$","T","E","?","E"],"build_version":"2019-01-03v4","purchased_purges":1,"victory":false,"max_hp_per_floor":[66,66,66,66,66,66,66,66,66,66,66,66],"card_choices":[{"not_picked":["Blade Dance","Concentrate"],"picked":"Quick Slash","floor":1.0},{"not_picked":["Cloak And Dagger","Dodge and Roll"],"picked":"Slice","floor":3},{"not_picked":["Poisoned Stab","Tactician"],"picked":"Blade Dance","floor":4},{"not_picked":["Bouncing Flask","Quick Slash"],"picked":"Endless Agony","floor":5},{"not_picked":["Accuracy","Bouncing Flask"],"picked":"Skewer","floor":6},{"not_picked":["Quick Slash","A Thousand Cuts"],"picked":"Footwork","floor":10}],"player_experience":848408,"relics_obtained":[{"floor":6,"key":"Gambling Chip"},{"floor":9,"key":"Singing Bowl"},{"floor":10,"key":"Potion Belt"}],"event_choices":[{"cards_removed":["Strike_G"],"damage_healed":0.0,"max_hp_gain":0.0,"max_hp_loss":0.0,"gold_gain":0.0,"event_name":"Bonfire Elementals","player_choice":"Offered Basic","floor":2.0,"gold_loss":0.0,"damage_taken":0.0}],"is_beta":false,"boss_relics":[],"items_purged_floors":[8],"is_endless":false,"potions_floor_spawned":[1,5,6,10],"killed_by":"3 Sentries","ascension_level":17}