{"gold_per_floor":[109,127,55,65,80,80,93,74,74,107,35,35,35,110,110,214,214,233,158,168,83,93,93,93,93,93,93,18,18,28,28,28,28],"floor_reached":33,"playtime":2720,"items_purged":["Defend_R"],"score":383,"play_id":"e2077fcf-0d69-4523-8193-0c6b9db53c05","local_time":"20181003170353","is_ascension_mode":true,"campfire_choices":[{"data":"Whirlwind","floor":6,"key":"SMITH"},{"data":"Armaments","floor":13,"key":"SMITH"},{"floor":15,"key":"REST"},{"floor":23,"key":"REST"},{"floor":25,"key":"REST"},{"data":"Juggernaut","floor":32,"key":"SMITH"}],"neow_cost":"PERCENT_DAMAGE","seed_source_timestamp":19933926872101,"circlet_count":0,"master_deck":["Strike_R","Strike_R","Strike_R","Defend_R","Bash","AscendersBane","Rage","Dark Embrace","Shrug It Off","True Grit","Whirlwind+1","Thunderclap","Feel No Pain","Havoc","Armaments+1","Brutality","Metallicize","Juggernaut+1","Pummel+1","Sentinel","Immolate"],"relics":["Burning Blood","Centennial Puzzle","Juzu Bracelet","Mark of Pain","Red Skull","Du-Vu Doll"],"potions_floor_usage":[7,10,16,18,29],"damage_taken":[{"damage":3,"enemies":"Cultist","floor":1,"turns":5},{"damage":10,"enemies":"Jaw Worm","floor":2,"turns":6},{"damage":0,"enemies":"Small Slimes","floor":4,"turns":5},{"damage":12,"enemies":"3 Louse","floor":5,"turns":3},{"damage":4,"enemies":"Blue Slaver","floor":7,"turns":4},{"damage":10,"enemies":"Exordium Thugs","floor":8,"turns":4},{"damage":40,"enemies":"Lagavulin","floor":10,"turns":13},{"damage":39,"enemies":"Slime Boss","floor":16,"turns":11},{"damage":16,"enemies":"Spheric Guardian","floor":18,"turns":4},{"damage":29,"enemies":"3 Byrds","floor":20,"turns":5},{"damage":21,"enemies":"Shelled Parasite and Fungi","floor":22,"turns":5},{"damage":0,"enemies":"Cultist and Chosen","floor":29,"turns":1},{"damage":16,"enemies":"Chosen and Byrds","floor":30,"turns":7},{"damage":57,"enemies":"Champ","floor":33,"turns":9}],"seed_played":"3462819720678770136","potions_obtained":[{"floor":4,"key":"Weak Potion"},{"floor":8,"key":"AttackPotion"},{"floor":10,"key":"PowerPotion"},{"floor":16,"key":"Fire Potion"},{"floor":22,"key":"SmokeBomb"}],"is_trial":false,"path_per_floor":["M","M","$","M","M","R","M","M","T","E","$","?","R","?","R","B",null,"M","$","M","?","M","R","$","R","T","?","?","M","M","?","R"],"character_chosen":"IRONCLAD","items_purchased":["Whirlwind","Metallicize"],"campfire_rested":3,"item_purchase_floors":[3,11],"current_hp_per_floor":[54,50,50,56,50,50,52,48,48,14,14,40,40,29,53,20,65,55,55,32,32,17,41,41,65,65,65,65,71,61,61,61,4],"gold":28,"neow_bonus":"TRANSFORM_TWO_CARDS","is_prod":false,"is_daily":false,"chose_seed":false,"campfire_upgraded":3,"win_rate":0,"timestamp":1538579033,"path_taken":["M","M","$","M","M","R","M","M","T","E","$","?","R","?","R","BOSS","M","$","M","?","M","R","$","R","T","?","?","M","M","?","R","BOSS"],"build_version":"2018-09-27","purchased_purges":1,"victory":false,"max_hp_per_floor":[80,80,80,80,80,80,80,80,80,80,80,80,80,80,80,80,80,80,80,80,80,80,80,80,80,80,80,80,80,80,80,80,80],"card_choices":[{"not_picked":["Rage","Rampage"],"picked":"Shrug It Off","floor":1},{"not_picked":["Wild Strike","Shrug It Off"],"picked":"True Grit","floor":2},{"not_picked":["Burning Pact","Disarm"],"picked":"Thunderclap","floor":4},{"not_picked":["Wild Strike","Impervious"],"picked":"Feel No Pain","floor":5},{"not_picked":["Perfected Strike","Iron Wave"],"picked":"Havoc","floor":7},{"not_picked":["Reckless Charge","Flex"],"picked":"Armaments","floor":8},{"not_picked":["Wild Strike","Perfected Strike"],"picked":"Brutality","floor":10},{"not_picked":["Double Tap","Dark Embrace"],"picked":"Juggernaut","floor":16},{"not_picked":["Heavy Blade+1","Fire Breathing","Entrench"],"picked":"SKIP","floor":18},{"not_picked":["Rage","Anger","Heavy Blade"],"picked":"SKIP","floor":20},{"not_picked":["Havoc+1","Cleave"],"picked":"Pummel+1","floor":22},{"not_picked":["Infernal Blade+1","Rupture"],"picked":"Immolate","floor":30}],"player_experience":483244,"relics_obtained":[{"floor":9,"key":"Centennial Puzzle"},{"floor":10,"key":"Juzu Bracelet"},{"floor":26,"key":"Du-Vu Doll"}],"event_choices":[{"event_name":"Big Fish","player_choice":"Banana","floor":12,"damage_taken":0},{"event_name":"World of Goop","player_choice":"Gather Gold","floor":14,"damage_taken":0},{"event_name":"Addict","player_choice":"Obtained Relic","floor":21,"damage_taken":0},{"event_name":"The Library","player_choice":"Read","floor":27,"damage_taken":0},{"event_name":"Beggar","player_choice":"Gave Gold","floor":28,"damage_taken":0},{"event_name":"Bonfire Elementals","player_choice":"BASIC","floor":31,"damage_taken":0}],"is_beta":false,"boss_relics":[{"not_picked":["Philosopher\u0027s Stone","Tiny House"],"picked":"Mark of Pain"}],"items_purged_floors":[19],"is_endless":false,"potions_floor_spawned":[4,8,10,16,22],"killed_by":"Champ","ascension_level":11}