{"gold_per_floor":[367,442,10,10,29,29,58,58,58,106,119,84,118,22,22,117,117,117,117,37,37,37,37,37,37,37,37,37,37,37,37,37,37,37,37,37,37,37,37,37,37,37,37,37,37,37,11,11,11,11],"floor_reached":51,"playtime":2939,"items_purged":["Regret"],"score":1067,"play_id":"19d39b4e-f62d-43d9-b918-fb0467215b11","local_time":"20190222004535","is_ascension_mode":true,"campfire_choices":[{"data":"Blade Dance","floor":6,"key":"SMITH"},{"data":"Blade Dance","floor":15,"key":"SMITH"},{"data":"Envenom","floor":23,"key":"SMITH"},{"floor":29,"key":"REST"},{"floor":32,"key":"REST"},{"data":"Accuracy","floor":40,"key":"SMITH"},{"data":"Blade Dance","floor":42,"key":"SMITH"},{"data":"Blade Dance","floor":49,"key":"SMITH"}],"neow_cost":"CURSE","seed_source_timestamp":468176927062738,"circlet_count":0,"master_deck":["Defend_G","Defend_G","Defend_G","Defend_G","Defend_G","Strike_G","Strike_G","Strike_G","Strike_G","Strike_G","Survivor","Neutralize+1","Escape Plan","Infinite Blades","Blade Dance+1","Footwork","Infinite Blades","Blade Dance+1","Endless Agony","Envenom+1","Blade Dance+1","Accuracy+1","Cloak And Dagger+1","Blade Dance+1","Blade Dance+1","Blade Dance+1","Dodge and Roll+1","Blur+1","Backflip+1","Venomology+1","Backflip+1","Riddle With Holes+1","Cloak And Dagger+1","Acrobatics+1","Cloak And Dagger+1","Thinking Ahead+1","Backstab","Venomology+1","Acrobatics+1"],"relics":["Ring of the Snake","Ornamental Fan","Gremlin Horn","Shuriken","Dream Catcher","Art of War","Ectoplasm","Pear","Toxic Egg 2","Omamori","Eternal Feather","Ginger","Pen Nib","Dead Branch","Du-Vu Doll"],"potions_floor_usage":[18,31,31,37,38,39,39,44,45,48,50,50,50,50],"damage_taken":[{"damage":6,"enemies":"Small Slimes","floor":1,"turns":4},{"damage":0,"enemies":"2 Louse","floor":5,"turns":3},{"damage":17,"enemies":"3 Sentries","floor":7,"turns":10},{"damage":0,"enemies":"Jaw Worm","floor":11,"turns":2},{"damage":0,"enemies":"Lagavulin","floor":13,"turns":6},{"damage":31,"enemies":"The Guardian","floor":16,"turns":8},{"damage":14,"enemies":"Spheric Guardian","floor":18,"turns":4},{"damage":8,"enemies":"Shell Parasite","floor":22,"turns":4},{"damage":42,"enemies":"Slavers","floor":24,"turns":5},{"damage":12,"enemies":"Snecko","floor":25,"turns":4},{"damage":11,"enemies":"Centurion and Healer","floor":28,"turns":4},{"damage":0,"enemies":"Chosen and Byrds","floor":30,"turns":3},{"damage":0,"enemies":"Shelled Parasite and Fungi","floor":31,"turns":3},{"damage":17,"enemies":"Collector","floor":33,"turns":6},{"damage":0,"enemies":"Orb Walker","floor":35,"turns":3},{"damage":0,"enemies":"3 Darklings","floor":36,"turns":6},{"damage":2,"enemies":"Jaw Worm Horde","floor":37,"turns":4},{"damage":0,"enemies":"4 Shapes","floor":38,"turns":9},{"damage":36,"enemies":"Writhing Mass","floor":39,"turns":7},{"damage":7,"enemies":"Nemesis","floor":44,"turns":9},{"damage":14,"enemies":"2 Orb Walkers","floor":45,"turns":5},{"damage":0,"enemies":"Reptomancer","floor":46,"turns":4},{"damage":0,"enemies":"Sphere and 2 Shapes","floor":48,"turns":2},{"damage":27,"enemies":"Awakened One","floor":50,"turns":9}],"seed_played":"-7027691438676221294","potions_obtained":[{"floor":7,"key":"Weak Potion"},{"floor":16,"key":"Poison Potion"},{"floor":24,"key":"Poison Potion"},{"floor":25,"key":"Strength Potion"},{"floor":28,"key":"SneckoOil"},{"floor":33,"key":"SpeedPotion"},{"floor":37,"key":"Weak Potion"},{"floor":39,"key":"Ancient Potion"},{"floor":45,"key":"GhostInAJar"},{"floor":48,"key":"GamblersBrew"}],"is_trial":false,"path_per_floor":["M","?","$","?","M","R","E","?","T","T","M","?","E","$","R","B",null,"M","?","$","?","M","R","E","M","T","?","M","R","M","M","R","B",null,"M","M","M","M","M","R","?","R","T","E","?","E","$","M","R","B",null],"character_chosen":"THE_SILENT","items_purchased":["Ornamental Fan","Escape Plan","Infinite Blades","Blade Dance","Endless Agony","Accuracy","Acrobatics+1"],"campfire_rested":2,"item_purchase_floors":[3,3,3,14,14,20,47],"current_hp_per_floor":[57,46,46,46,46,46,29,29,29,29,29,46,46,46,46,15,56,42,42,42,65,57,57,25,13,13,13,2,26,26,26,50,33,68,68,68,66,66,30,51,51,72,72,65,51,51,51,51,72,45],"gold":11,"neow_bonus":"TWO_FIFTY_GOLD","is_prod":false,"is_daily":false,"chose_seed":false,"campfire_upgraded":6,"win_rate":0,"timestamp":1550792735,"path_taken":["M","?","$","?","M","R","E","?","T","?","M","?","E","?","R","BOSS","M","?","?","?","M","R","E","M","T","?","M","R","M","M","R","BOSS","M","M","M","M","M","R","?","R","T","E","?","E","$","M","R","BOSS"],"build_version":"2019-01-23","purchased_purges":1,"victory":true,"max_hp_per_floor":[70,70,70,70,70,70,70,70,70,70,70,70,70,70,70,70,70,70,70,70,70,70,70,80,80,80,80,80,80,80,80,80,80,80,80,80,80,80,80,80,80,80,80,80,80,80,80,80,80,80],"card_choices":[{"not_picked":["Expertise","Outmaneuver","Dagger Spray"],"picked":"SKIP","floor":1},{"not_picked":["Dodge and Roll","Acrobatics"],"picked":"Blade Dance","floor":5},{"not_picked":["Doppelganger","Backflip"],"picked":"Footwork","floor":7},{"not_picked":["Expertise","Concentrate","Outmaneuver"],"picked":"SKIP","floor":11},{"not_picked":["Leg Sweep","Reflex"],"picked":"Infinite Blades","floor":13},{"not_picked":["Wraith Form v2","Unload"],"picked":"Envenom","floor":16},{"not_picked":["Outmaneuver+1","Escape Plan+1"],"picked":"Blade Dance+1","floor":18},{"not_picked":["Noxious Fumes+1","Bouncing Flask"],"picked":"Cloak And Dagger+1","floor":22},{"not_picked":["Dash","All Out Attack"],"picked":"Blade Dance","floor":24},{"not_picked":["Noxious Fumes+1","All Out Attack"],"picked":"Blade Dance","floor":25},{"not_picked":["Concentrate+1","All Out Attack","Masterful Stab"],"picked":"SKIP","floor":28},{"not_picked":["Acrobatics+1","Sucker Punch"],"picked":"Blade Dance+1","floor":29},{"not_picked":["Calculated Gamble+1","Sucker Punch"],"picked":"Dodge and Roll+1","floor":30},{"not_picked":["Noxious Fumes","Heel Hook"],"picked":"Blur+1","floor":31},{"not_picked":["Blade Dance+1","A Thousand Cuts"],"picked":"Backflip+1","floor":32},{"not_picked":["Unload","Glass Knife"],"picked":"Venomology+1","floor":33},{"not_picked":["Slice","Acrobatics+1"],"picked":"Backflip+1","floor":35},{"not_picked":["Dagger Throw","Concentrate+1"],"picked":"Riddle With Holes+1","floor":36},{"not_picked":["Infinite Blades+1","Slice"],"picked":"Cloak And Dagger+1","floor":37},{"not_picked":["Reflex+1","Dagger Spray+1"],"picked":"Acrobatics+1","floor":38},{"not_picked":["Deflect+1","Crippling Poison+1"],"picked":"Cloak And Dagger+1","floor":39},{"not_picked":["Flash of Steel","Magnetism"],"picked":"Thinking Ahead+1","floor":41},{"not_picked":["Poisoned Stab","Dagger Spray+1","Concentrate+1"],"picked":"SKIP","floor":44},{"not_picked":["Slice","Noxious Fumes+1"],"picked":"Backstab","floor":45},{"not_picked":["Dash+1","Die Die Die"],"picked":"Venomology+1","floor":46},{"not_picked":["Dash","Slice","Quick Slash+1"],"picked":"SKIP","floor":48}],"player_experience":440634,"relics_obtained":[{"floor":7,"key":"Gremlin Horn"},{"floor":9,"key":"Shuriken"},{"floor":10,"key":"Dream Catcher"},{"floor":13,"key":"Art of War"},{"floor":24,"key":"Pear"},{"floor":26,"key":"Toxic Egg 2"},{"floor":43,"key":"Ginger"},{"floor":44,"key":"Pen Nib"},{"floor":45,"key":"Dead Branch"},{"floor":46,"key":"Du-Vu Doll"}],"event_choices":[{"damage_healed":0,"gold_gain":75,"player_choice":"Gather Gold","damage_taken":11,"max_hp_gain":0,"max_hp_loss":0,"event_name":"World of Goop","floor":2,"gold_loss":0},{"damage_healed":0,"gold_gain":0,"player_choice":"Grow","damage_taken":0,"max_hp_gain":0,"max_hp_loss":0,"event_name":"Living Wall","floor":4,"gold_loss":0,"cards_upgraded":["Neutralize"]},{"damage_healed":0,"gold_gain":0,"player_choice":"Ignored","damage_taken":0,"max_hp_gain":0,"max_hp_loss":0,"event_name":"Liars Game","floor":8,"gold_loss":0},{"damage_healed":17,"gold_gain":0,"player_choice":"Healed","damage_taken":0,"max_hp_gain":0,"max_hp_loss":0,"event_name":"The Cleric","floor":12,"gold_loss":35},{"damage_healed":0,"gold_gain":99,"player_choice":"Stole From Cult","damage_taken":0,"max_hp_gain":0,"max_hp_loss":0,"event_name":"Nest","floor":19,"gold_loss":0},{"damage_healed":23,"gold_gain":0,"player_choice":"Heal","damage_taken":0,"max_hp_gain":0,"max_hp_loss":0,"event_name":"The Library","floor":21,"gold_loss":0},{"damage_healed":0,"gold_gain":0,"player_choice":"Opened","damage_taken":0,"relics_obtained":["Omamori"],"max_hp_gain":0,"max_hp_loss":0,"event_name":"The Mausoleum","floor":27,"gold_loss":0},{"damage_healed":0,"gold_gain":0,"player_choice":"Memory 1","damage_taken":0,"max_hp_gain":0,"max_hp_loss":0,"event_name":"SensoryStone","floor":41,"gold_loss":0},{"damage_healed":0,"gold_gain":0,"player_choice":"Fight","damage_taken":0,"max_hp_gain":0,"max_hp_loss":0,"event_name":"Mysterious Sphere","floor":45,"gold_loss":0}],"is_beta":false,"boss_relics":[{"not_picked":["Pandora\u0027s Box","HoveringKite"],"picked":"Ectoplasm"},{"not_picked":["Runic Pyramid","Sozu"],"picked":"Eternal Feather"}],"items_purged_floors":[3],"is_endless":false,"potions_floor_spawned":[7,16,24,25,28,33,37,38,39,45,48],"ascension_level":7}