{"gold_per_floor":[11,31,51,63,138,172,172,198,198,226,240,240,258,287,287,386,386,397,7,7,40,40,40,40,40,111,111,111,141,154,180,180,279,279,298,309,19,38,55,90,102,128,154,154,172,226,237,237,237,237],"floor_reached":51,"playtime":4893,"items_purged":["Strike_R","Strike_R"],"score":1271,"play_id":"f39410d9-d42f-4e9b-895d-86fe7c0622e9","local_time":"20181014200840","is_ascension_mode":true,"campfire_choices":[{"data":"Shrug It Off","floor":7,"key":"SMITH"},{"data":"Armaments","floor":12,"key":"SMITH"},{"data":"Body Slam","floor":15,"key":"SMITH"},{"floor":23,"key":"REST"},{"data":"Entrench","floor":25,"key":"SMITH"},{"data":"Barricade","floor":27,"key":"SMITH"},{"floor":32,"key":"REST"},{"data":"Corruption","floor":49,"key":"SMITH"}],"neow_cost":"NO_GOLD","seed_source_timestamp":62205882256407,"circlet_count":0,"master_deck":["Defend_R","Defend_R","Defend_R","Defend_R","Bash","Carnage","Shrug It Off+1","Thunderclap","Impervious+1","Shrug It Off","Corruption+1","Warcry+1","Armaments+1","Entrench+1","Body Slam+1","Barricade+1","Blood for Blood+1","Combust+1","Power Through+1","Burning Pact","Dropkick","Battle Trance","Flex","Rupture+1","Body Slam+1","Reaper","Clothesline+1","Body Slam+1","Wild Strike","Bloodletting+1","Body Slam+1","Doubt","Cleave","Inflame+1","Writhe"],"relics":["Burning Blood","FossilizedHelix","Strawberry","Sundial","Shuriken","Question Card","War Paint","Astrolabe","Medical Kit","Enchiridion","Red Mask","CultistMask","Darkstone Periapt","Thread and Needle","Red Skull","Velvet Choker","OrangePellets","Anchor","Pen Nib","Oddly Smooth Stone","Nunchaku"],"potions_floor_usage":[4,6,16,16,28,29,29,38,39,40,41,50,50],"damage_taken":[{"damage":11,"enemies":"Jaw Worm","floor":1,"turns":5},{"damage":0,"enemies":"Small Slimes","floor":2,"turns":3},{"damage":0,"enemies":"2 Louse","floor":3,"turns":3},{"damage":10,"enemies":"Lots of Slimes","floor":4,"turns":5},{"damage":12,"enemies":"Gremlin Nob","floor":6,"turns":4},{"damage":20,"enemies":"3 Sentries","floor":8,"turns":8},{"damage":0,"enemies":"Gremlin Nob","floor":10,"turns":4},{"damage":0,"enemies":"3 Louse","floor":11,"turns":4},{"damage":0,"enemies":"Looter","floor":13,"turns":2},{"damage":0,"enemies":"Lagavulin","floor":14,"turns":6},{"damage":33,"enemies":"The Guardian","floor":16,"turns":10},{"damage":49,"enemies":"Chosen","floor":18,"turns":11},{"damage":0,"enemies":"Masked Bandits","floor":21,"turns":4},{"damage":16,"enemies":"Slavers","floor":29,"turns":4},{"damage":9,"enemies":"2 Thieves","floor":30,"turns":4},{"damage":2,"enemies":"Gremlin Leader","floor":31,"turns":5},{"damage":27,"enemies":"Collector","floor":33,"turns":7},{"damage":0,"enemies":"Orb Walker","floor":35,"turns":2},{"damage":2,"enemies":"3 Darklings","floor":36,"turns":6},{"damage":74,"enemies":"Reptomancer","floor":38,"turns":5},{"damage":0,"enemies":"Transient","floor":39,"turns":5},{"damage":22,"enemies":"2 Orb Walkers","floor":40,"turns":4},{"damage":13,"enemies":"Spire Growth","floor":41,"turns":6},{"damage":22,"enemies":"Nemesis","floor":42,"turns":7},{"damage":23,"enemies":"Reptomancer","floor":45,"turns":5},{"damage":24,"enemies":"Mysterious Sphere","floor":46,"turns":5},{"damage":0,"enemies":"Maw","floor":47,"turns":6},{"damage":53,"enemies":"Donu and Deca","floor":50,"turns":8}],"seed_played":"8928891599058946738","potions_obtained":[{"floor":1,"key":"Energy Potion"},{"floor":2,"key":"Swift Potion"},{"floor":4,"key":"Weak Potion"},{"floor":8,"key":"FearPotion"},{"floor":21,"key":"AttackPotion"},{"floor":28,"key":"Fruit Juice"},{"floor":28,"key":"GamblersBrew"},{"floor":28,"key":"Explosive Potion"},{"floor":29,"key":"Energy Potion"},{"floor":33,"key":"EssenceOfSteel"},{"floor":38,"key":"Strength Potion"},{"floor":39,"key":"Energy Potion"},{"floor":41,"key":"Dexterity Potion"}],"is_trial":false,"path_per_floor":["M","M","M","M","?","E","R","E","T","E","M","R","M","E","R","B",null,"M","$","?","?","?","R","$","R","T","R","?","E","M","E","R","B",null,"M","M","$","M","M","E","M","E","T","?","M","?","M","?","R","B"],"character_chosen":"IRONCLAD","items_purchased":["Medical Kit","Dropkick","PowerPotion","OrangePellets"],"campfire_rested":2,"item_purchase_floors":[19,19,19,37],"current_hp_per_floor":[67,73,79,75,64,65,65,51,51,57,63,63,69,75,75,48,77,34,34,18,24,24,50,50,50,50,50,55,45,42,46,73,52,82,88,92,92,24,30,40,44,28,28,98,81,91,98,104,104,57],"gold":237,"neow_bonus":"ONE_RARE_RELIC","is_prod":false,"is_daily":false,"chose_seed":false,"campfire_upgraded":6,"win_rate":0,"timestamp":1539572920,"path_taken":["M","M","M","M","?","E","R","E","T","E","M","R","?","E","R","BOSS","M","$","?","?","?","R","$","R","T","R","?","E","?","E","R","BOSS","M","?","$","M","?","E","M","E","T","?","M","?","M","?","R","BOSS"],"build_version":"2018-10-11","purchased_purges":2,"victory":true,"max_hp_per_floor":[80,80,80,80,80,87,87,87,87,87,87,87,87,87,87,87,87,87,87,87,87,87,87,87,87,87,87,92,92,92,92,92,92,92,92,92,92,92,92,92,92,92,92,98,98,98,98,104,104,104],"card_choices":[{"not_picked":["Bloodletting","Sever Soul"],"picked":"Carnage","floor":1},{"not_picked":["Cleave","True Grit"],"picked":"Shrug It Off","floor":2},{"not_picked":["Havoc","Clothesline"],"picked":"Thunderclap","floor":3},{"not_picked":["Spot Weakness","Headbutt"],"picked":"Impervious","floor":4},{"not_picked":["Heavy Blade","Seeing Red"],"picked":"Shrug It Off","floor":6},{"not_picked":["Thunderclap","Iron Wave"],"picked":"Corruption","floor":8},{"not_picked":["Fiend Fire","Thunderclap"],"picked":"Warcry","floor":10},{"not_picked":["Warcry","Pommel Strike","Havoc"],"picked":"Armaments","floor":11},{"not_picked":["Thunderclap","Wild Strike","Reckless Charge"],"picked":"Entrench","floor":13},{"not_picked":["Twin Strike","Anger","Perfected Strike"],"picked":"Body Slam","floor":14},{"not_picked":["Exhume","Limit Break","Immolate"],"picked":"Barricade","floor":16},{"not_picked":["Inflame","Corruption","Headbutt"],"picked":"Burning Pact","floor":18},{"not_picked":["Corruption","Clash","Infernal Blade+1"],"picked":"Battle Trance","floor":21},{"not_picked":["Inflame","Searing Blow+1","Pummel"],"picked":"Flex","floor":29},{"not_picked":["Wild Strike","Clash+1","Headbutt"],"picked":"Rupture+1","floor":30},{"not_picked":["Feel No Pain","Rupture","Barricade"],"picked":"Body Slam+1","floor":31},{"not_picked":["Berserk","Immolate","Juggernaut"],"picked":"Reaper","floor":33},{"not_picked":["Blood for Blood+1","Shrug It Off","Disarm"],"picked":"Clothesline+1","floor":35},{"not_picked":["Armaments+1","Clothesline+1","Thunderclap+1"],"picked":"Body Slam+1","floor":36},{"not_picked":["Rupture+1","Armaments+1","Combust+1","Iron Wave+1"],"picked":"SKIP","floor":38},{"not_picked":["Havoc+1","Fire Breathing+1","Sentinel+1"],"picked":"Wild Strike","floor":39},{"not_picked":["Wild Strike","Clash+1","Pommel Strike"],"picked":"Bloodletting+1","floor":40},{"not_picked":["Fire Breathing+1","Offering","Iron Wave+1"],"picked":"Body Slam+1","floor":41},{"not_picked":["Dropkick+1","Inflame+1","Entrench","Pommel Strike"],"picked":"SKIP","floor":42},{"not_picked":["Wild Strike","Twin Strike","Flex"],"picked":"Cleave","floor":45},{"not_picked":["Thunderclap+1","Flex+1","Dual Wield"],"picked":"Inflame+1","floor":47}],"player_experience":329549,"relics_obtained":[{"floor":6,"key":"Strawberry"},{"floor":8,"key":"Sundial"},{"floor":9,"key":"Shuriken"},{"floor":10,"key":"Question Card"},{"floor":14,"key":"War Paint"},{"floor":20,"key":"Enchiridion"},{"floor":21,"key":"Red Mask"},{"floor":26,"key":"Darkstone Periapt"},{"floor":29,"key":"Thread and Needle"},{"floor":31,"key":"Red Skull"},{"floor":40,"key":"Anchor"},{"floor":42,"key":"Pen Nib"},{"floor":43,"key":"Oddly Smooth Stone"},{"floor":46,"key":"Nunchaku"}],"event_choices":[{"event_name":"World of Goop","player_choice":"Gather Gold","floor":5,"damage_taken":0},{"event_name":"Cursed Tome","player_choice":"Obtained Book","floor":20,"damage_taken":0},{"event_name":"Masked Bandits","player_choice":"Fought Bandits","floor":21,"damage_taken":0},{"event_name":"FaceTrader","player_choice":"Trade","floor":22,"damage_taken":0},{"event_name":"The Lab","player_choice":"Got Potions","floor":28,"damage_taken":0},{"event_name":"MindBloom","player_choice":"Heal","floor":44,"damage_taken":0},{"event_name":"Mysterious Sphere","player_choice":"Fight","floor":46,"damage_taken":0},{"event_name":"Winding Halls","player_choice":"Writhe","floor":48,"damage_taken":0}],"is_beta":false,"boss_relics":[{"not_picked":["Runic Cube","Eternal Feather"],"picked":"Astrolabe"},{"not_picked":["Pandora\u0027s Box","Tiny House"],"picked":"Velvet Choker"}],"items_purged_floors":[19,37],"is_endless":false,"potions_floor_spawned":[1,2,4,8,21,29,33,38,39,41],"ascension_level":9}