{"gold_per_floor":[113,127,227,245,55,55,130,165,192,203,203,228,245,262,262,361,361,374,374,386,386,403,413,413,429,475,501,501,518,518,118,118,216,216,234,251,268,268,285,285,316,335,359,234,234,261,281,309,309,309],"floor_reached":51,"playtime":4728,"items_purged":["Clumsy","Strike_B+1","Regret"],"score":888,"play_id":"ec93be66-7ea1-4a89-b1d9-d40f45e0a3a1","local_time":"20190209001437","is_ascension_mode":true,"campfire_choices":[{"data":"Defragment","floor":6.0,"key":"SMITH"},{"data":"Defragment","floor":11.0,"key":"SMITH"},{"floor":15.0,"key":"REST"},{"data":"Genetic Algorithm","floor":28.0,"key":"SMITH"},{"floor":30.0,"key":"REST"},{"data":"White Noise","floor":32.0,"key":"SMITH"},{"floor":40.0,"key":"REST"},{"floor":45.0,"key":"REST"},{"floor":49,"key":"REST"}],"neow_cost":"CURSE","seed_source_timestamp":0,"circlet_count":0,"master_deck":["Strike_B+1","Defend_B+1","Defend_B+1","Defend_B+1","Defend_B+1","Zap+1","Dualcast","Darkness+1","Coolheaded","Echo Form","Defragment+1","White Noise+1","Defragment+1","Glacier","Consume","Ball Lightning","Chill","Coolheaded","All For One","Go for the Eyes","Genetic Algorithm+1","Glacier","Electrodynamics","Fission","Double Energy+1","Darkness+1","Conserve Battery+1","Hologram+1"],"special_seed":0,"relics":["Cracked Core","Gambling Chip","Juzu Bracelet","Omamori","Whetstone","Philosopher\u0027s Stone","Ancient Tea Set","Calipers","Centennial Puzzle","Calling Bell","Pen Nib","Sundial","Ice Cream","Molten Egg 2","War Paint","Dodecahedron","Blood Vial"],"potions_floor_usage":[50,50,50],"damage_taken":[{"damage":4.0,"enemies":"Small Slimes","floor":1.0,"turns":4.0},{"damage":6.0,"enemies":"Cultist","floor":2.0,"turns":3.0},{"damage":0.0,"enemies":"2 Louse","floor":4.0,"turns":2.0},{"damage":0.0,"enemies":"Lagavulin","floor":8.0,"turns":6.0},{"damage":9.0,"enemies":"Blue Slaver","floor":10.0,"turns":5.0},{"damage":14.0,"enemies":"Gremlin Nob","floor":12.0,"turns":6.0},{"damage":6.0,"enemies":"Looter","floor":13.0,"turns":3.0},{"damage":7.0,"enemies":"2 Fungi Beasts","floor":14.0,"turns":3.0},{"damage":29.0,"enemies":"Slime Boss","floor":16.0,"turns":6.0},{"damage":11.0,"enemies":"Shell Parasite","floor":18.0,"turns":6.0},{"damage":1.0,"enemies":"Spheric Guardian","floor":20.0,"turns":5.0},{"damage":21.0,"enemies":"Snake Plant","floor":22.0,"turns":5.0},{"damage":0.0,"enemies":"Centurion and Healer","floor":23.0,"turns":6.0},{"damage":0.0,"enemies":"Shelled Parasite and Fungi","floor":25.0,"turns":8.0},{"damage":17.0,"enemies":"Gremlin Leader","floor":27.0,"turns":7.0},{"damage":16.0,"enemies":"Snake Plant","floor":29.0,"turns":3.0},{"damage":0.0,"enemies":"Automaton","floor":33.0,"turns":8.0},{"damage":2.0,"enemies":"3 Darklings","floor":35.0,"turns":3.0},{"damage":2.0,"enemies":"Orb Walker","floor":36.0,"turns":4.0},{"damage":18.0,"enemies":"4 Shapes","floor":37.0,"turns":2.0},{"damage":29.0,"enemies":"Sphere and 2 Shapes","floor":39.0,"turns":5.0},{"damage":17.0,"enemies":"Giant Head","floor":41.0,"turns":10.0},{"damage":1.0,"enemies":"Transient","floor":42.0,"turns":5.0},{"damage":0.0,"enemies":"Nemesis","floor":46.0,"turns":7.0},{"damage":5.0,"enemies":"3 Darklings","floor":47.0,"turns":3.0},{"damage":0,"enemies":"Giant Head","floor":48,"turns":8},{"damage":21,"enemies":"Awakened One","floor":50,"turns":14}],"seed_played":"8483556816323430436","potions_obtained":[{"floor":1.0,"key":"LiquidBronze"},{"floor":4.0,"key":"FearPotion"},{"floor":8.0,"key":"Strength Potion"},{"floor":13.0,"key":"Strength Potion"},{"floor":20.0,"key":"Block Potion"},{"floor":27.0,"key":"Explosive Potion"},{"floor":41.0,"key":"Block Potion"},{"floor":46.0,"key":"AttackPotion"}],"is_trial":false,"path_per_floor":["M","M","?","M","$","R","?","E","T","M","R","E","M","M","R","B",null,"M","?","M","?","M","M","?","M","T","E","R","M","R","$","R","B",null,"M","M","M","?","M","R","E","M","T","$","R","E","M","E","R","B",null],"character_chosen":"DEFECT","items_purchased":["Defragment","White Noise","Electrodynamics","Centennial Puzzle"],"campfire_rested":5,"item_purchase_floors":[5,5,31,31],"current_hp_per_floor":[71,65,65,65,65,65,54,54,54,45,45,31,25,18,40,11,75,64,64,63,63,42,42,42,42,42,25,25,9,31,31,31,31,75,73,71,53,53,24,46,29,28,28,28,50,50,45,45,67,48],"gold":309,"neow_bonus":"ONE_RARE_RELIC","is_prod":false,"is_daily":false,"chose_seed":false,"campfire_upgraded":4,"win_rate":1,"timestamp":1549667677,"path_taken":["M","M","?","?","$","R","?","E","T","M","R","E","M","M","R","BOSS","M","?","M","?","M","M","?","M","T","E","R","M","R","$","R","BOSS","M","M","M","?","M","R","E","M","T","$","R","E","M","E","R","BOSS"],"build_version":"2019-02-06","purchased_purges":3,"victory":true,"max_hp_per_floor":[75,75,75,75,75,75,75,75,75,75,75,75,75,75,75,75,75,75,75,75,75,75,75,75,75,75,75,75,75,75,75,75,75,75,75,75,75,75,75,75,75,75,75,75,75,75,75,75,75,75],"card_choices":[{"not_picked":["Gash","Auto Shields"],"picked":"Darkness","floor":1.0},{"not_picked":["Scrape","Aggregate"],"picked":"Coolheaded","floor":2.0},{"not_picked":["Gash","FTL"],"picked":"Echo Form","floor":4.0},{"not_picked":["Cold Snap","Redo"],"picked":"Defragment","floor":8.0},{"not_picked":["Compile Driver","Steam"],"picked":"Glacier","floor":10.0},{"not_picked":["Ball Lightning","Go for the Eyes"],"picked":"Consume","floor":12.0},{"not_picked":["Barrage","Beam Cell"],"picked":"Ball Lightning","floor":13.0},{"not_picked":["White Noise","Machine Learning"],"picked":"Chill","floor":14.0},{"not_picked":["Rebound","Cold Snap+1"],"picked":"Coolheaded","floor":18.0},{"not_picked":["Rip and Tear","Undo","Auto Shields"],"picked":"SKIP","floor":20.0},{"not_picked":["Hologram+1","Chaos"],"picked":"Glacier","floor":22.0},{"not_picked":["Go for the Eyes","FTL","Compile Driver+1"],"picked":"SKIP","floor":23.0},{"not_picked":["Compile Driver","Stack","Rebound"],"picked":"SKIP","floor":25.0},{"not_picked":["Leap","Compile Driver","Sweeping Beam"],"picked":"SKIP","floor":27.0},{"not_picked":["Rebound+1","Beam Cell","Conserve Battery"],"picked":"SKIP","floor":29.0},{"not_picked":["Rainbow","Biased Cognition"],"picked":"Fission","floor":33.0},{"not_picked":["Rebound","Cold Snap","Hello World+1"],"picked":"SKIP","floor":35.0},{"not_picked":["Hologram+1","Compile Driver+1"],"picked":"Double Energy+1","floor":36.0},{"not_picked":["Leap","Auto Shields+1","Steam+1"],"picked":"SKIP","floor":37.0},{"not_picked":["Genetic Algorithm+1","Cold Snap+1"],"picked":"Darkness+1","floor":39.0},{"not_picked":["Loop+1","Aggregate","Stack+1"],"picked":"SKIP","floor":41.0},{"not_picked":["Electrodynamics","Go for the Eyes+1"],"picked":"Conserve Battery+1","floor":42.0},{"not_picked":["Go for the Eyes+1","BootSequence","Auto Shields+1"],"picked":"SKIP","floor":46.0},{"not_picked":["Sweeping Beam+1","Stack+1","Blizzard+1"],"picked":"SKIP","floor":47.0},{"not_picked":["Aggregate+1","Genetic Algorithm+1"],"picked":"Hologram+1","floor":48}],"player_experience":19942,"relics_obtained":[{"floor":8.0,"key":"Juzu Bracelet"},{"floor":9.0,"key":"Omamori"},{"floor":12.0,"key":"Whetstone"},{"floor":26.0,"key":"Ancient Tea Set"},{"floor":27.0,"key":"Calipers"},{"floor":34.0,"key":"Pen Nib"},{"floor":34.0,"key":"Sundial"},{"floor":34.0,"key":"Ice Cream"},{"floor":41.0,"key":"Molten Egg 2"},{"floor":43.0,"key":"War Paint"},{"floor":46.0,"key":"Dodecahedron"},{"floor":48,"key":"Blood Vial"}],"event_choices":[{"damage_healed":0.0,"max_hp_gain":0.0,"max_hp_loss":0.0,"gold_gain":100.0,"event_name":"Golden Shrine","player_choice":"Pray","floor":3.0,"gold_loss":0.0,"damage_taken":0.0},{"damage_healed":0.0,"max_hp_gain":0.0,"max_hp_loss":0.0,"gold_gain":75.0,"event_name":"World of Goop","player_choice":"Gather Gold","floor":7.0,"gold_loss":0.0,"damage_taken":11.0},{"damage_healed":0.0,"max_hp_gain":0.0,"max_hp_loss":0.0,"gold_gain":0.0,"cards_transformed":["Strike_B","Strike_B"],"event_name":"Drug Dealer","player_choice":"Became Test Subject","floor":19.0,"gold_loss":0.0,"damage_taken":0.0,"cards_obtained":["All For One","Go for the Eyes"]},{"damage_healed":0.0,"max_hp_gain":0.0,"max_hp_loss":0.0,"gold_gain":0.0,"event_name":"The Library","player_choice":"Read","floor":21.0,"gold_loss":0.0,"damage_taken":0.0,"cards_obtained":["Genetic Algorithm"]},{"damage_healed":0.0,"max_hp_gain":0.0,"max_hp_loss":0.0,"gold_gain":0.0,"event_name":"Back to Basics","player_choice":"Simplicity","floor":24.0,"gold_loss":0.0,"damage_taken":0.0,"cards_upgraded":["Defend_B","Defend_B","Defend_B","Defend_B"]},{"damage_healed":0.0,"max_hp_gain":0.0,"max_hp_loss":0.0,"gold_gain":0.0,"event_name":"Tomb of Lord Red Mask","player_choice":"Ignored","floor":38.0,"gold_loss":0.0,"damage_taken":0.0}],"is_beta":true,"boss_relics":[{"not_picked":["Eternal Feather","Runic Pyramid"],"picked":"Philosopher\u0027s Stone"},{"not_picked":["Tiny House","Orrery"],"picked":"Calling Bell"}],"items_purged_floors":[5,31,44],"is_endless":false,"potions_floor_spawned":[1,4,8,13,18,20,22,27,41,46,48],"ascension_level":1}