{"gold_per_floor":[219,394,404,404,417,448,448,458,484,497,507,15,15,27,27,132,132,106,123,123],"floor_reached":20,"playtime":1315,"items_purged":[],"score":285,"play_id":"265ff316-6c12-48c6-89a0-95065193ae08","local_time":"20181220082547","is_ascension_mode":true,"campfire_choices":[{"floor":7,"key":"REST"},{"data":"Searing Blow","floor":15,"key":"SMITH"}],"neow_cost":"NONE","seed_source_timestamp":185978767674,"circlet_count":0,"master_deck":["AscendersBane","Strike_R","Strike_R","Strike_R","Strike_R","Strike_R","Defend_R","Defend_R","Defend_R","Defend_R","Bash","Uppercut","Doubt","Carnage","Pommel Strike","Double Tap","Iron Wave","True Grit","Searing Blow+1","Shrug It Off","Armaments","Demon Form","Bloodletting","Heavy Blade+1"],"relics":["Burning Blood","Regal Pillow","Oddly Smooth Stone","Toolbox","Molten Egg 2","Runic Cube"],"potions_floor_usage":[6,10,16,16,18,20],"damage_taken":[{"damage":14,"enemies":"Small Slimes","floor":1,"turns":5},{"damage":12,"enemies":"Jaw Worm","floor":3,"turns":5},{"damage":1,"enemies":"Cultist","floor":5,"turns":3},{"damage":30,"enemies":"Lagavulin","floor":6,"turns":7},{"damage":6,"enemies":"Large Slime","floor":8,"turns":6},{"damage":4,"enemies":"Lots of Slimes","floor":10,"turns":5},{"damage":9,"enemies":"Red Slaver","floor":11,"turns":4},{"damage":8,"enemies":"Exordium Thugs","floor":14,"turns":6},{"damage":35,"enemies":"The Guardian","floor":16,"turns":12},{"damage":30,"enemies":"2 Thieves","floor":18,"turns":5},{"damage":37,"enemies":"Shell Parasite","floor":19,"turns":8},{"damage":17,"enemies":"Snake Plant","floor":20,"turns":4}],"seed_played":"4334607622055768702","potions_obtained":[{"floor":3,"key":"Dexterity Potion"},{"floor":6,"key":"AttackPotion"},{"floor":8,"key":"PowerPotion"},{"floor":13,"key":"Strength Potion"},{"floor":14,"key":"Poison Potion"},{"floor":16,"key":"Fire Potion"},{"floor":19,"key":"Dexterity Potion"}],"is_trial":false,"path_per_floor":["M","?","M","?","M","E","R","M","T","M","M","$","?","M","R","B",null,"M","M","M"],"character_chosen":"IRONCLAD","items_purchased":["Toolbox","Molten Egg 2","Shrug It Off"],"campfire_rested":1,"item_purchase_floors":[12,12,12],"current_hp_per_floor":[64,64,58,58,63,39,78,78,78,80,77,77,77,75,75,46,72,48,17,0],"gold":123,"neow_bonus":"HUNDRED_GOLD","is_prod":false,"is_daily":false,"chose_seed":false,"campfire_upgraded":1,"win_rate":0,"timestamp":1545323147,"path_taken":["M","?","M","?","M","E","R","?","T","M","M","$","?","M","R","BOSS","M","?","M"],"build_version":"2018-12-13","purchased_purges":0,"victory":false,"max_hp_per_floor":[80,80,80,80,80,80,80,80,80,80,80,80,80,80,80,80,80,80,80,80],"card_choices":[{"not_picked":["Sword Boomerang","Havoc"],"picked":"Uppercut","floor":1},{"not_picked":["Sword Boomerang","Warcry"],"picked":"Heavy Blade","floor":3},{"not_picked":["Warcry","Rage"],"picked":"Pommel Strike","floor":5},{"not_picked":["Twin Strike","Havoc"],"picked":"Double Tap","floor":6},{"not_picked":["Heavy Blade","Spot Weakness"],"picked":"Iron Wave","floor":8},{"not_picked":["Sword Boomerang","Pommel Strike"],"picked":"True Grit","floor":10},{"not_picked":["Pummel","Intimidate"],"picked":"Searing Blow","floor":11},{"not_picked":["Feel No Pain","Sentinel"],"picked":"Armaments","floor":14},{"not_picked":["Exhume","Juggernaut"],"picked":"Demon Form","floor":16},{"not_picked":["Warcry","Anger+1"],"picked":"Bloodletting","floor":18},{"not_picked":["Wild Strike+1","Infernal Blade"],"picked":"Heavy Blade+1","floor":19}],"player_experience":421956,"relics_obtained":[{"floor":6,"key":"Regal Pillow"},{"floor":9,"key":"Oddly Smooth Stone"}],"event_choices":[{"damage_healed":0,"gold_gain":175,"player_choice":"AGREE","damage_taken":0,"max_hp_gain":0,"max_hp_loss":0,"event_name":"Liars Game","floor":2,"gold_loss":0,"cards_obtained":["Doubt"]},{"damage_healed":0,"gold_gain":0,"cards_transformed":["Heavy Blade"],"player_choice":"Transformed","damage_taken":0,"max_hp_gain":0,"max_hp_loss":0,"event_name":"Transmorgrifier","floor":4,"gold_loss":0,"cards_obtained":["Carnage"]},{"damage_healed":0,"gold_gain":0,"player_choice":"Got Potions","damage_taken":0,"max_hp_gain":0,"max_hp_loss":0,"event_name":"Lab","floor":13,"gold_loss":0}],"is_beta":false,"boss_relics":[{"not_picked":["Sozu","Fusion Hammer"],"picked":"Runic Cube"}],"items_purged_floors":[],"is_endless":false,"potions_floor_spawned":[3,6,8,14,16,19],"killed_by":"Snake Plant","ascension_level":12}