{"gold_per_floor":[112,112,132,28,40,68,82,82,82,82,99,99],"floor_reached":12,"playtime":444,"items_purged":[],"score":160,"play_id":"bef9fa90-bbcf-4bbe-aa47-1caa4f26cb3a","local_time":"20190129203725","is_ascension_mode":true,"campfire_choices":[{"floor":8,"key":"REST"},{"data":"Dash","floor":10,"key":"SMITH"}],"neow_cost":"NONE","seed_source_timestamp":191873342554224,"circlet_count":0,"master_deck":["AscendersBane","Defend_G","Defend_G","Defend_G","Defend_G","Defend_G","Strike_G","Strike_G","Strike_G","Strike_G","Strike_G","Survivor","Neutralize","Sucker Punch","Dash+1","Flying Knee","Dagger Spray","Backflip","Blur","Deadly Poison"],"relics":["White Beast Statue","The Courier","Anchor","Letter Opener"],"potions_floor_usage":[3,6,11],"damage_taken":[{"damage":3,"enemies":"2 Louse","floor":1,"turns":4},{"damage":0,"enemies":"Cultist","floor":3,"turns":3},{"damage":0,"enemies":"Jaw Worm","floor":5,"turns":6},{"damage":34,"enemies":"3 Sentries","floor":6,"turns":11},{"damage":9,"enemies":"Exordium Wildlife","floor":7,"turns":6},{"damage":1,"enemies":"Blue Slaver","floor":11,"turns":5},{"damage":35,"enemies":"Gremlin Nob","floor":12,"turns":4}],"seed_played":"584328786811122758","potions_obtained":[{"floor":1,"key":"FearPotion"},{"floor":3,"key":"Swift Potion"},{"floor":5,"key":"Ancient Potion"},{"floor":6,"key":"Dexterity Potion"},{"floor":11,"key":"Fire Potion"}],"is_trial":false,"path_per_floor":["M","?","M","$","M","E","M","R","T","R","M","E"],"character_chosen":"THE_SILENT","items_purchased":["Dash","Flying Knee"],"campfire_rested":1,"item_purchase_floors":[4,4],"current_hp_per_floor":[56,56,56,56,56,22,13,32,32,32,31,0],"gold":99,"neow_bonus":"BOSS_RELIC","is_prod":false,"is_daily":false,"chose_seed":false,"campfire_upgraded":1,"win_rate":0,"timestamp":1548790645,"path_taken":["M","?","?","$","M","E","M","R","T","R","?","E"],"build_version":"2019-01-23","purchased_purges":0,"victory":false,"max_hp_per_floor":[66,66,66,66,66,66,66,66,66,66,66,66],"card_choices":[{"not_picked":["Concentrate","Dodge and Roll"],"picked":"Dagger Spray","floor":1},{"not_picked":["Backflip","Prepared"],"picked":"Sucker Punch","floor":3},{"not_picked":["Sucker Punch","Slice"],"picked":"Dagger Spray","floor":5},{"not_picked":["Underhanded Strike","Endless Agony"],"picked":"Backflip","floor":6},{"not_picked":["Blade Dance","Poisoned Stab"],"picked":"Blur","floor":7},{"not_picked":["Catalyst","Calculated Gamble"],"picked":"Deadly Poison","floor":11}],"player_experience":944633,"relics_obtained":[{"floor":6,"key":"Anchor"},{"floor":9,"key":"Letter Opener"}],"event_choices":[{"cards_removed":["Dagger Spray"],"damage_healed":0,"gold_gain":0,"player_choice":"Gave Card","damage_taken":0,"relics_obtained":["The Courier"],"max_hp_gain":0,"max_hp_loss":0,"event_name":"WeMeetAgain","floor":2,"gold_loss":0}],"is_beta":false,"boss_relics":[],"items_purged_floors":[],"is_endless":false,"potions_floor_spawned":[1,3,5,6,7,11],"killed_by":"Gremlin Nob","ascension_level":20}