{"gold_per_floor":[116,116,136,136,61,61,4,4,4,54,54,115,133,157,157,246,246,259,272,287,287,14,14,14,14,14,38,58,74,74,114,114,114],"floor_reached":33,"playtime":1259,"items_purged":["Strike_R","Strike_R"],"score":533,"play_id":"ccd8aa07-e422-4f74-9eaa-a7fad0be0380","local_time":"20190131172339","is_ascension_mode":true,"campfire_choices":[{"data":"Bash","floor":6.0,"key":"SMITH"},{"data":"Carnage","floor":11.0,"key":"SMITH"},{"floor":15.0,"key":"REST"},{"floor":23,"key":"REST"},{"floor":25,"key":"REST"},{"floor":30,"key":"REST"},{"floor":32,"key":"REST"}],"neow_cost":"NONE","seed_source_timestamp":0,"circlet_count":0,"master_deck":["AscendersBane","Strike_R","Defend_R","Defend_R","Defend_R","Defend_R","Bash+1","Shockwave","Cleave","Carnage+1","Headbutt","Thunderclap","Offering","Shrug It Off+1","Corruption+1"],"special_seed":0,"relics":["Burning Blood","NeowsBlessing","Golden Idol","Torii","Tiny Chest","Runic Dome","Anchor","Nilry\u0027s Codex","Singing Bowl","Bag of Marbles","Smiling Mask"],"potions_floor_usage":[21,33],"damage_taken":[{"damage":0.0,"enemies":"2 Louse","floor":1.0,"turns":1.0},{"damage":0.0,"enemies":"Cultist","floor":3.0,"turns":1.0},{"damage":0.0,"enemies":"Gremlin Nob","floor":12.0,"turns":1.0},{"damage":12.0,"enemies":"Small Slimes","floor":13.0,"turns":2.0},{"damage":8.0,"enemies":"Blue Slaver","floor":14.0,"turns":3.0},{"damage":44.0,"enemies":"Slime Boss","floor":16.0,"turns":7.0},{"damage":8.0,"enemies":"2 Thieves","floor":18.0,"turns":3.0},{"damage":15,"enemies":"Spheric Guardian","floor":19,"turns":4},{"damage":21,"enemies":"Snake Plant","floor":20,"turns":3},{"damage":21,"enemies":"Colosseum Slavers","floor":21,"turns":3},{"damage":27,"enemies":"Shelled Parasite and Fungi","floor":28,"turns":2},{"damage":6,"enemies":"Centurion and Healer","floor":29,"turns":3},{"damage":30,"enemies":"Slavers","floor":31,"turns":5},{"damage":60,"enemies":"Champ","floor":33,"turns":9}],"seed_played":"1551273550616010677","potions_obtained":[{"floor":1.0,"key":"GamblersBrew"},{"floor":12.0,"key":"SkillPotion"},{"floor":18.0,"key":"Weak Potion"},{"floor":19,"key":"Ancient Potion"},{"floor":20,"key":"BloodPotion"}],"is_trial":false,"path_per_floor":["?","M","?","?","?","M","?","?","T","M","M"],"character_chosen":"IRONCLAD","items_purchased":["Energy Potion","Anchor"],"campfire_rested":5,"item_purchase_floors":[7,22],"current_hp_per_floor":[74,74,75,68,68,68,68,42,42,35,35,41,35,33,55,17,61,59,50,35,27,27,49,28,50,50,50,31,33,56,32,55,0],"gold":114,"neow_bonus":"THREE_ENEMY_KILL","is_prod":false,"is_daily":false,"chose_seed":false,"campfire_upgraded":2,"win_rate":0,"timestamp":1548926619,"path_taken":["M","?","?","?","$","R","$","?","T","?","R","E","?","M","R","BOSS","M","M","M","?","$","R","?","R","T","?","?","?","R","E","R","BOSS"],"build_version":"2019-01-23","purchased_purges":2,"victory":false,"max_hp_per_floor":[75,75,75,75,75,75,75,75,75,75,75,75,75,75,75,75,75,75,75,75,75,75,75,75,75,75,75,77,79,79,79,79,79],"card_choices":[{"not_picked":["Perfected Strike","Burning Pact"],"picked":"Shockwave","floor":1.0},{"not_picked":["Headbutt","Armaments"],"picked":"Carnage","floor":3.0},{"not_picked":["Armaments","Sword Boomerang","Heavy Blade"],"picked":"SKIP","floor":12.0},{"not_picked":["Perfected Strike","Bludgeon"],"picked":"Headbutt","floor":13.0},{"not_picked":["Armaments","Clothesline"],"picked":"Thunderclap","floor":14.0},{"not_picked":["Juggernaut","Reaper"],"picked":"Offering","floor":16.0},{"not_picked":["Fire Breathing+1","Body Slam"],"picked":"Shrug It Off+1","floor":18.0},{"not_picked":["Body Slam","Clash","Shrug It Off"],"picked":"SKIP","floor":19},{"not_picked":["Body Slam","Armaments","Twin Strike"],"picked":"SKIP","floor":20},{"not_picked":["Evolve","True Grit","Wild Strike"],"picked":"Singing Bowl","floor":28},{"not_picked":["Warcry","Seeing Red","Entrench"],"picked":"Singing Bowl","floor":29},{"not_picked":["Rage","Headbutt"],"picked":"Corruption+1","floor":31}],"player_experience":186897,"relics_obtained":[{"floor":9.0,"key":"Torii"},{"floor":12.0,"key":"Tiny Chest"},{"floor":24,"key":"Nilry\u0027s Codex"},{"floor":26,"key":"Singing Bowl"},{"floor":27,"key":"Bag of Marbles"},{"floor":31,"key":"Smiling Mask"}],"event_choices":[{"damage_healed":0.0,"max_hp_gain":0.0,"max_hp_loss":0.0,"gold_gain":0.0,"cards_transformed":["Strike_R"],"event_name":"Transmorgrifier","player_choice":"Transformed","floor":2.0,"gold_loss":0.0,"damage_taken":0.0,"cards_obtained":["Cleave"]},{"cards_removed":["Strike_R"],"damage_healed":0.0,"max_hp_gain":0.0,"max_hp_loss":0.0,"gold_gain":0.0,"event_name":"Golden Wing","player_choice":"Card Removal","floor":4.0,"gold_loss":0.0,"damage_taken":7.0},{"damage_healed":0.0,"max_hp_gain":0.0,"max_hp_loss":0.0,"gold_gain":0.0,"event_name":"Golden Idol","player_choice":"Take Damage","floor":8.0,"gold_loss":0.0,"damage_taken":26.0,"relics_obtained":["Golden Idol"]},{"damage_healed":0.0,"max_hp_gain":0.0,"max_hp_loss":0.0,"gold_gain":50.0,"event_name":"FaceTrader","player_choice":"Touch","floor":10.0,"gold_loss":0.0,"damage_taken":7.0},{"damage_healed":0,"gold_gain":0,"player_choice":"Fight","damage_taken":0,"max_hp_gain":0,"max_hp_loss":0,"event_name":"Colosseum","floor":21,"gold_loss":0},{"damage_healed":0,"gold_gain":0,"player_choice":"Fled From Nobs","damage_taken":0,"max_hp_gain":0,"max_hp_loss":0,"event_name":"Colosseum","floor":21,"gold_loss":0},{"damage_healed":0,"gold_gain":0,"player_choice":"Obtained Book","damage_taken":21,"max_hp_gain":0,"max_hp_loss":0,"event_name":"Cursed Tome","floor":24,"gold_loss":0}],"is_beta":false,"boss_relics":[{"not_picked":["White Beast Statue","Calling Bell"],"picked":"Runic Dome"}],"items_purged_floors":[5,22],"is_endless":false,"potions_floor_spawned":[1,12,18,19,20,21],"killed_by":"Champ","ascension_level":17}