{"gold_per_floor":[109,109,109,123,142,142,171,171,171,171,171,171,190,12,12,87,87,107,0,13,32,3,3,23,23,71,71,84,95,95,95],"floor_reached":31,"playtime":802,"items_purged":[],"score":513,"play_id":"1e7ac761-8b70-4e59-bd37-879f9a2308ca","local_time":"20181101153340","is_ascension_mode":true,"campfire_choices":[{"data":"Glacier","floor":6,"key":"SMITH"},{"floor":8,"key":"REST"},{"data":"Skim","floor":12,"key":"SMITH"},{"data":"Apotheosis","floor":15,"key":"SMITH"},{"floor":23,"key":"REST"},{"floor":27,"key":"REST"},{"data":"Echo Form","floor":30,"key":"SMITH"}],"neow_cost":"TEN_PERCENT_HP_LOSS","seed_source_timestamp":442980759357487,"circlet_count":0,"master_deck":["Strike_B","Strike_B","Defend_B","Defend_B","Zap+1","Dualcast+1","AscendersBane","Conserve Battery","Glacier+1","Skim+1","Tempest","Apotheosis+1","Thunder Strike","Self Repair","Leap+1","Hologram","Ball Lightning","Double Energy","Beam Cell","Echo Form+1"],"relics":["Cracked Core","Cables","Smiling Mask","Sozu","Happy Flower"],"potions_floor_usage":[16,16],"damage_taken":[{"damage":3,"enemies":"2 Louse","floor":1,"turns":2},{"damage":8,"enemies":"Small Slimes","floor":4,"turns":3},{"damage":0,"enemies":"Cultist","floor":5,"turns":3},{"damage":18,"enemies":"3 Sentries","floor":7,"turns":11},{"damage":0,"enemies":"Blue Slaver","floor":13,"turns":3},{"damage":0,"enemies":"Slime Boss","floor":16,"turns":5},{"damage":29,"enemies":"2 Thieves","floor":18,"turns":4},{"damage":0,"enemies":"Spheric Guardian","floor":20,"turns":3},{"damage":28,"enemies":"Shelled Parasite and Fungi","floor":21,"turns":5},{"damage":30,"enemies":"Cultist and Chosen","floor":24,"turns":7},{"damage":16,"enemies":"Centurion and Healer","floor":28,"turns":3},{"damage":2,"enemies":"3 Cultists","floor":29,"turns":4},{"damage":46,"enemies":"Cultist and Chosen","floor":31,"turns":5}],"seed_played":"6893287091070004760","potions_obtained":[{"floor":4,"key":"Energy Potion"},{"floor":7,"key":"Explosive Potion"},{"floor":13,"key":"Energy Potion"}],"is_trial":false,"path_per_floor":["M","?","?","M","M","R","E","R","T","?","?","R","M","$","R","B",null,"M","?","M","M","$","R","M","?","T","R","M","M","R"],"character_chosen":"DEFECT","items_purchased":["Apotheosis","Ball Lightning"],"campfire_rested":3,"item_purchase_floors":[14,22],"current_hp_per_floor":[61,42,42,34,34,34,16,35,35,56,56,56,56,56,56,56,62,33,33,40,19,19,38,15,15,15,34,25,33,33,0],"gold":95,"neow_bonus":"REMOVE_TWO","is_prod":false,"is_daily":false,"chose_seed":false,"campfire_upgraded":4,"win_rate":0,"timestamp":1541082820,"path_taken":["M","?","?","?","M","R","E","R","T","?","?","R","M","$","R","BOSS","M","?","?","M","$","R","M","?","T","R","?","M","R","M"],"build_version":"2018-10-25v2","purchased_purges":0,"victory":false,"max_hp_per_floor":[64,64,64,64,64,64,64,64,64,64,64,64,64,64,64,64,64,64,64,64,64,64,64,64,64,64,64,64,64,64,64],"card_choices":[{"not_picked":["Go for the Eyes","Hologram"],"picked":"Conserve Battery","floor":1},{"not_picked":["Aggregate","Skim","Darkness"],"picked":"SKIP","floor":4},{"not_picked":["Gash","Beam Cell"],"picked":"Glacier","floor":5},{"not_picked":["Doom and Gloom","BootSequence"],"picked":"Skim","floor":7},{"not_picked":["Reinforced Body","Doom and Gloom"],"picked":"Tempest","floor":13},{"not_picked":["Reboot","Creative AI"],"picked":"Thunder Strike","floor":16},{"not_picked":["Rebound","Darkness"],"picked":"Self Repair","floor":18},{"not_picked":["Genetic Algorithm","Compile Driver"],"picked":"Leap+1","floor":20},{"not_picked":["Streamline","Redo"],"picked":"Hologram","floor":21},{"not_picked":["Doom and Gloom","Barrage"],"picked":"Double Energy","floor":24},{"not_picked":["Glacier","BootSequence"],"picked":"Beam Cell","floor":28},{"not_picked":["Skim","Reprogram"],"picked":"Echo Form","floor":29}],"player_experience":613016,"relics_obtained":[{"floor":7,"key":"Cables"},{"floor":9,"key":"Smiling Mask"},{"floor":26,"key":"Happy Flower"}],"event_choices":[{"damage_healed":0,"gold_gain":0,"player_choice":"Entered Light","damage_taken":19,"max_hp_gain":0,"max_hp_loss":0,"event_name":"Shining Light","floor":2,"gold_loss":0,"cards_upgraded":["Dualcast","Defend_B"]},{"damage_healed":0,"gold_gain":0,"player_choice":"Upgraded","damage_taken":0,"max_hp_gain":0,"max_hp_loss":0,"event_name":"Upgrade Shrine","floor":3,"gold_loss":0,"cards_upgraded":["Zap"]},{"damage_healed":21,"gold_gain":0,"player_choice":"Banana","damage_taken":0,"max_hp_gain":0,"max_hp_loss":0,"event_name":"Big Fish","floor":10,"gold_loss":0},{"cards_removed":["Defend_B"],"damage_healed":0,"gold_gain":0,"player_choice":"Forget","damage_taken":0,"max_hp_gain":0,"max_hp_loss":0,"event_name":"Living Wall","floor":11,"gold_loss":0},{"damage_healed":0,"gold_gain":0,"player_choice":"Paid Fearfully","damage_taken":0,"max_hp_gain":0,"max_hp_loss":0,"event_name":"Masked Bandits","floor":19,"gold_loss":107},{"cards_removed":["Strike_B"],"damage_healed":0,"gold_gain":0,"player_choice":"Offered Basic","damage_taken":0,"max_hp_gain":0,"max_hp_loss":0,"event_name":"Bonfire Elementals","floor":25,"gold_loss":0}],"is_beta":false,"boss_relics":[{"not_picked":["Busted Crown","Black Star"],"picked":"Sozu"}],"items_purged_floors":[],"is_endless":false,"potions_floor_spawned":[4,7,13,20,21,24],"killed_by":"Cultist and Chosen","ascension_level":16}