{"gold_per_floor":[119,139,158,172,172,172,191,191,214,240,256,281,54,69,69,69],"floor_reached":16,"playtime":552,"items_purged":[],"score":328,"play_id":"1611ceb4-636e-460c-ac59-5fa1b0ae39e2","local_time":"20190205114001","is_ascension_mode":true,"campfire_choices":[{"data":"Bullet Time","floor":6,"key":"SMITH"},{"data":"Neutralize","floor":8,"key":"SMITH"},{"floor":15,"key":"REST"}],"neow_cost":"NONE","seed_source_timestamp":0,"circlet_count":0,"master_deck":["AscendersBane","Defend_G","Defend_G","Defend_G","Defend_G","Defend_G","Strike_G","Strike_G","Strike_G","Strike_G","Survivor","Neutralize+1","Venomology","Dagger Spray","Predator","Bullet Time+1","Dagger Spray","Blur","Burst","Backflip"],"special_seed":0,"relics":["Ring of the Snake","Dream Catcher","Art of War","Bag of Preparation","ClockworkSouvenir"],"potions_floor_usage":[1,4,4,7,10,10,10,11,12,16],"damage_taken":[{"damage":1,"enemies":"Cultist","floor":1,"turns":5},{"damage":2,"enemies":"Small Slimes","floor":2,"turns":4},{"damage":0,"enemies":"2 Louse","floor":3,"turns":2},{"damage":1,"enemies":"2 Fungi Beasts","floor":4,"turns":3},{"damage":0,"enemies":"3 Louse","floor":7,"turns":2},{"damage":22,"enemies":"Lagavulin","floor":10,"turns":9},{"damage":2,"enemies":"Gremlin Gang","floor":11,"turns":3},{"damage":7,"enemies":"3 Sentries","floor":12,"turns":8},{"damage":0,"enemies":"2 Fungi Beasts","floor":14,"turns":2},{"damage":20,"enemies":"The Guardian","floor":16,"turns":6}],"seed_played":"-6575010435128496903","potions_obtained":[{"floor":2,"key":"Block Potion"},{"floor":3,"key":"Fire Potion"},{"floor":4,"key":"SpeedPotion"},{"floor":7,"key":"Ancient Potion"}],"is_trial":false,"path_per_floor":["M","M","M","M","?","R","M","R","T","E","M","E","$","M","R","B"],"character_chosen":"THE_SILENT","items_purchased":["ClockworkSouvenir"],"campfire_rested":1,"item_purchase_floors":[13],"current_hp_per_floor":[58,56,56,55,55,55,55,55,55,33,31,24,24,24,43,23],"gold":69,"neow_bonus":"ONE_RANDOM_RARE_CARD","is_prod":false,"is_daily":false,"chose_seed":false,"campfire_upgraded":2,"win_rate":0,"timestamp":1549363201,"path_taken":["M","M","?","M","?","R","?","R","T","E","M","E","$","M","R","BOSS"],"build_version":"2019-01-23","purchased_purges":0,"victory":false,"max_hp_per_floor":[66,66,66,66,66,66,66,66,66,66,66,66,66,66,66,66],"card_choices":[{"not_picked":["Deflect","Flying Knee"],"picked":"Dagger Spray","floor":1},{"not_picked":["Backflip","Expertise"],"picked":"Predator","floor":2},{"not_picked":["Blade Dance","Acrobatics"],"picked":"Bullet Time","floor":3},{"not_picked":["Prepared","Blade Dance"],"picked":"Dagger Spray","floor":4},{"not_picked":["Underhanded Strike","Bane","Masterful Stab"],"picked":"SKIP","floor":7},{"not_picked":["Accuracy","Expertise"],"picked":"Blur","floor":10},{"not_picked":["Prepared","Cloak And Dagger","Dagger Spray"],"picked":"SKIP","floor":11},{"not_picked":["Quick Slash","Sucker Punch"],"picked":"Burst","floor":12},{"not_picked":["Skewer","Quick Slash","Riddle With Holes"],"picked":"SKIP","floor":14},{"not_picked":["Slice","Deflect"],"picked":"Backflip","floor":15}],"player_experience":953238,"relics_obtained":[{"floor":9,"key":"Dream Catcher"},{"floor":10,"key":"Art of War"},{"floor":12,"key":"Bag of Preparation"}],"event_choices":[{"cards_removed":["Strike_G"],"damage_healed":0,"gold_gain":0,"player_choice":"Purged","damage_taken":0,"max_hp_gain":0,"max_hp_loss":0,"event_name":"Purifier","floor":5,"gold_loss":0}],"is_beta":false,"boss_relics":[],"items_purged_floors":[],"is_endless":false,"potions_floor_spawned":[2,3,4,7],"killed_by":"The Guardian","ascension_level":20}