{"gold_per_floor":[211,222,222,233,249,249,277,242,242,275,350,350,18,51,51,128,128,142,142,142,160,175,175,175,208,208,223,241,241,569,585,585,658,658,670,670,670,8,21,54,16,16,39,52,65,76,76],"floor_reached":47,"playtime":3058,"items_purged":["Strike_R"],"score":1051,"play_id":"c4403706-e25c-4823-8273-ecbf6f6f64fd","local_time":"20190113111530","is_ascension_mode":true,"campfire_choices":[{"data":"Iron Wave","floor":6,"key":"SMITH"},{"data":"Flex","floor":12,"key":"SMITH"},{"floor":15,"key":"REST"},{"floor":23,"key":"REST"},{"floor":29,"key":"REST"},{"data":"Whirlwind","floor":32,"key":"SMITH"},{"data":"Carnage","floor":42,"key":"SMITH"}],"neow_cost":"NONE","seed_source_timestamp":285758983300877,"circlet_count":0,"master_deck":["AscendersBane","Strike_R","Defend_R+1","Defend_R","Defend_R","Defend_R+1","Bash","Reckless Charge","Iron Wave+1","Carnage+1","Whirlwind+1","Flex+1","Clothesline","Good Instincts+1","True Grit+1","Feed","Juggernaut","Inflame+1","Pummel+1","Anger+1","Disarm+1","Metallicize","Shockwave+1","Writhe","Dual Wield+1","Entrench+1","Flame Barrier+1","Warcry+1","Shrug It Off+1","Limit Break+1","Parasite","Regret","Clumsy","Shrug It Off+1","Evolve+1","Intimidate+1","Blood for Blood"],"relics":["Burning Blood","The Courier","Orichalcum","Toxic Egg 2","Du-Vu Doll","Chemical X","Question Card","Astrolabe","MutagenicStrength","Mercury Hourglass","Gremlin Horn","War Paint","Old Coin","Calling Bell","Centennial Puzzle","Pantograph","Thread and Needle","Pen Nib","Nunchaku","Medical Kit","Vajra","Ice Cream","Omamori"],"potions_floor_usage":[14,16,27,31,33,40,46,46,47],"damage_taken":[{"damage":6,"enemies":"Cultist","floor":1,"turns":4},{"damage":12,"enemies":"Jaw Worm","floor":2,"turns":2},{"damage":0,"enemies":"Small Slimes","floor":4,"turns":3},{"damage":7,"enemies":"Exordium Thugs","floor":5,"turns":5},{"damage":32,"enemies":"Gremlin Nob","floor":7,"turns":4},{"damage":11,"enemies":"3 Sentries","floor":10,"turns":5},{"damage":26,"enemies":"Lagavulin","floor":14,"turns":8},{"damage":31,"enemies":"The Guardian","floor":16,"turns":12},{"damage":22,"enemies":"Spheric Guardian","floor":18,"turns":4},{"damage":15,"enemies":"Colosseum Slavers","floor":20,"turns":4},{"damage":14,"enemies":"Chosen","floor":21,"turns":5},{"damage":2,"enemies":"Sentry and Sphere","floor":22,"turns":3},{"damage":37,"enemies":"Gremlin Leader","floor":25,"turns":7},{"damage":6,"enemies":"Snecko","floor":27,"turns":4},{"damage":2,"enemies":"Centurion and Healer","floor":28,"turns":3},{"damage":3,"enemies":"Slavers","floor":30,"turns":4},{"damage":2,"enemies":"Chosen and Byrds","floor":31,"turns":6},{"damage":9,"enemies":"Collector","floor":33,"turns":6},{"damage":0,"enemies":"3 Shapes","floor":35,"turns":2},{"damage":0,"enemies":"Orb Walker","floor":39,"turns":3},{"damage":35,"enemies":"Nemesis","floor":40,"turns":5},{"damage":3,"enemies":"Sphere and 2 Shapes","floor":44,"turns":1},{"damage":3,"enemies":"4 Shapes","floor":45,"turns":3},{"damage":38,"enemies":"Transient","floor":46,"turns":5},{"damage":38,"enemies":"Giant Head","floor":47,"turns":7}],"seed_played":"-4809192746751945704","potions_obtained":[{"floor":4,"key":"Ancient Potion"},{"floor":10,"key":"Explosive Potion"},{"floor":14,"key":"AttackPotion"},{"floor":27,"key":"Explosive Potion"},{"floor":31,"key":"Dexterity Potion"},{"floor":35,"key":"Dexterity Potion"},{"floor":46,"key":"SkillPotion"}],"is_trial":false,"path_per_floor":["M","M","T","M","M","R","E","?","T","E","?","R","$","E","R","B",null,"M","?","?","M","M","R","?","E","T","M","M","R","E","M","R","B",null,"M","?","?","$","M","E","$","R","T","M","M","M","E"],"character_chosen":"IRONCLAD","items_purchased":["Chemical X","Good Instincts+1","True Grit+1","Pen Nib","Nunchaku","Medical Kit","Vajra","AttackPotion","Block Potion"],"campfire_rested":3,"item_purchase_floors":[13,13,13,38,38,38,38,38,41],"current_hp_per_floor":[68,62,62,68,67,67,41,59,59,54,43,43,43,23,45,23,64,48,48,39,31,35,58,58,27,27,27,31,54,57,64,64,61,76,81,81,81,81,81,52,52,52,52,55,61,29,0],"gold":76,"neow_bonus":"HUNDRED_GOLD","is_prod":false,"is_daily":false,"chose_seed":false,"campfire_upgraded":4,"win_rate":0,"timestamp":1547406930,"path_taken":["M","M","?","M","M","R","E","?","T","E","?","R","$","E","R","BOSS","M","?","?","M","?","R","?","E","T","M","M","R","E","M","R","BOSS","M","?","?","$","M","E","$","R","T","M","M","M","E"],"build_version":"2019-01-10","purchased_purges":1,"victory":false,"max_hp_per_floor":[75,75,75,75,75,75,75,75,75,75,75,75,75,75,75,78,78,78,78,78,78,78,78,78,78,78,78,78,78,78,81,81,81,81,81,81,81,81,81,81,81,81,81,81,84,84,84],"card_choices":[{"not_picked":["Havoc","Sever Soul"],"picked":"Reckless Charge","floor":1},{"not_picked":["Twin Strike","Body Slam"],"picked":"Iron Wave","floor":2},{"not_picked":["Twin Strike","Body Slam"],"picked":"Carnage","floor":4},{"not_picked":["Fire Breathing","Warcry"],"picked":"Whirlwind","floor":5},{"not_picked":["Ghostly Armor","Clash"],"picked":"Flex","floor":7},{"not_picked":["Body Slam","Dark Embrace"],"picked":"Clothesline","floor":10},{"not_picked":["Clothesline","Combust"],"picked":"Feed","floor":14},{"not_picked":["Reaper","Feed","Demon Form"],"picked":"Juggernaut","floor":16},{"not_picked":["Twin Strike+1","Headbutt","Cleave"],"picked":"Disarm+1","floor":18},{"not_picked":["Havoc+1","Searing Blow","Flex+1"],"picked":"Metallicize","floor":21},{"not_picked":["Power Through+1","Corruption","Havoc+1"],"picked":"Shockwave+1","floor":22},{"not_picked":["Pummel+1","Armaments+1","Carnage"],"picked":"Dual Wield+1","floor":25},{"not_picked":["Spot Weakness+1","Heavy Blade","Thunderclap"],"picked":"Entrench+1","floor":27},{"not_picked":["Clothesline","Intimidate+1","Headbutt"],"picked":"Flame Barrier+1","floor":28},{"not_picked":["Sword Boomerang","Sever Soul","Combust"],"picked":"Warcry+1","floor":30},{"not_picked":["Dropkick","Perfected Strike+1","Warcry+1"],"picked":"Shrug It Off+1","floor":31},{"not_picked":["Dark Embrace","Immolate","Bludgeon"],"picked":"Limit Break+1","floor":33},{"not_picked":["Thunderclap","Ghostly Armor+1","Flame Barrier+1","Uppercut"],"picked":"SKIP","floor":35},{"not_picked":["Corruption","Shockwave+1","Whirlwind"],"picked":"Shrug It Off+1","floor":39},{"not_picked":["Rage+1","Wild Strike","Cleave"],"picked":"Evolve+1","floor":40},{"not_picked":["Thunderclap","Feel No Pain","Twin Strike+1","Fire Breathing"],"picked":"SKIP","floor":44},{"not_picked":["Inflame","Shockwave+1","Perfected Strike+1"],"picked":"Intimidate+1","floor":45},{"not_picked":["Perfected Strike","Clothesline","Dropkick"],"picked":"Blood for Blood","floor":46}],"player_experience":468752,"relics_obtained":[{"floor":3,"key":"The Courier"},{"floor":7,"key":"Orichalcum"},{"floor":9,"key":"Toxic Egg 2"},{"floor":10,"key":"Du-Vu Doll"},{"floor":14,"key":"Question Card"},{"floor":25,"key":"Gremlin Horn"},{"floor":26,"key":"War Paint"},{"floor":30,"key":"Old Coin"},{"floor":34,"key":"Centennial Puzzle"},{"floor":34,"key":"Pantograph"},{"floor":34,"key":"Thread and Needle"},{"floor":40,"key":"Ice Cream"},{"floor":43,"key":"Omamori"}],"event_choices":[{"damage_healed":18,"gold_gain":0,"player_choice":"Healed","damage_taken":0,"max_hp_gain":0,"max_hp_loss":0,"event_name":"The Cleric","floor":8,"gold_loss":35},{"damage_healed":0,"gold_gain":75,"player_choice":"Gather Gold","damage_taken":11,"max_hp_gain":0,"max_hp_loss":0,"event_name":"World of Goop","floor":11,"gold_loss":0},{"damage_healed":0,"gold_gain":0,"player_choice":"Inject Mutagens","damage_taken":0,"relics_obtained":["MutagenicStrength"],"max_hp_gain":0,"max_hp_loss":0,"event_name":"Drug Dealer","floor":19,"gold_loss":0},{"damage_healed":0,"gold_gain":0,"player_choice":"Fight","damage_taken":0,"max_hp_gain":0,"max_hp_loss":0,"event_name":"Colosseum","floor":20,"gold_loss":0},{"damage_healed":0,"gold_gain":0,"player_choice":"Fled From Nobs","damage_taken":0,"max_hp_gain":0,"max_hp_loss":0,"event_name":"Colosseum","floor":20,"gold_loss":0},{"damage_healed":0,"gold_gain":0,"player_choice":"Opened","damage_taken":0,"relics_obtained":["Mercury Hourglass"],"max_hp_gain":0,"max_hp_loss":0,"event_name":"The Mausoleum","floor":24,"gold_loss":0,"cards_obtained":["Writhe"]},{"damage_healed":0,"gold_gain":0,"player_choice":"Ignored","damage_taken":0,"max_hp_gain":0,"max_hp_loss":0,"event_name":"Tomb of Lord Red Mask","floor":36,"gold_loss":0},{"damage_healed":0,"gold_gain":0,"player_choice":"Ignored","damage_taken":0,"max_hp_gain":0,"max_hp_loss":0,"event_name":"Fountain of Cleansing","floor":37,"gold_loss":0}],"is_beta":false,"boss_relics":[{"not_picked":["Pandora\u0027s Box","Orrery"],"picked":"Astrolabe"},{"not_picked":["Coffee Dripper","Busted Crown"],"picked":"Calling Bell"}],"items_purged_floors":[13],"is_endless":false,"potions_floor_spawned":[4,10,14,20,27,31,35,46],"killed_by":"Giant Head","ascension_level":15}