{"gold_per_floor":[111,111,126,143,155,155,99,127,127,137,137,137,102,136,136,136],"floor_reached":16,"playtime":557,"items_purged":[],"score":202,"play_id":"99a6f2a9-ef2d-45ae-8119-9b30242d0fd8","local_time":"20190125214325","is_ascension_mode":true,"campfire_choices":[{"data":"Armaments","floor":6,"key":"SMITH"},{"data":"1","floor":12,"key":"LIFT"},{"floor":15,"key":"REST"}],"neow_cost":"NONE","seed_source_timestamp":519047206369497,"circlet_count":0,"master_deck":["AscendersBane","Strike_R","Strike_R","Strike_R","Strike_R","Strike_R","Defend_R","Defend_R","Defend_R","Defend_R","Bash","Headbutt","Cleave","Armaments+1","Evolve","Clothesline","Shrug It Off","Intimidate"],"relics":["Eternal Feather","Question Card","Girya","Thread and Needle"],"potions_floor_usage":[11,11,16],"damage_taken":[{"damage":5,"enemies":"Small Slimes","floor":1,"turns":4},{"damage":2,"enemies":"2 Louse","floor":3,"turns":3},{"damage":6,"enemies":"Jaw Worm","floor":4,"turns":4},{"damage":6,"enemies":"3 Louse","floor":5,"turns":2},{"damage":20,"enemies":"Gremlin Nob","floor":8,"turns":4},{"damage":10,"enemies":"Red Slaver","floor":10,"turns":4},{"damage":0,"enemies":"Exordium Wildlife","floor":11,"turns":1},{"damage":31,"enemies":"3 Sentries","floor":14,"turns":7},{"damage":44,"enemies":"Slime Boss","floor":16,"turns":11}],"seed_played":"1291528395332879801","potions_obtained":[{"floor":3,"key":"SmokeBomb"},{"floor":8,"key":"BloodPotion"},{"floor":14,"key":"Block Potion"}],"is_trial":false,"path_per_floor":["M","?","M","M","M","R","$","E","T","M","M","R","?","E","R","B"],"character_chosen":"IRONCLAD","items_purchased":["Explosive Potion"],"campfire_rested":1,"item_purchase_floors":[7],"current_hp_per_floor":[63,63,61,55,49,58,58,38,38,28,35,44,44,13,44,0],"gold":136,"neow_bonus":"BOSS_RELIC","is_prod":false,"is_daily":false,"chose_seed":false,"campfire_upgraded":1,"win_rate":0,"timestamp":1548481405,"path_taken":["M","?","M","M","M","R","$","E","T","M","M","R","?","E","R","BOSS"],"build_version":"2019-01-23","purchased_purges":0,"victory":false,"max_hp_per_floor":[75,75,75,75,75,75,75,75,75,75,75,75,75,75,75,75],"card_choices":[{"not_picked":["Clash","Fire Breathing"],"picked":"Headbutt","floor":1},{"not_picked":["Clash","Headbutt"],"picked":"Cleave","floor":3},{"not_picked":["Twin Strike","Rupture"],"picked":"Armaments","floor":4},{"not_picked":["Perfected Strike","Searing Blow"],"picked":"Evolve","floor":5},{"not_picked":["Body Slam","Infernal Blade"],"picked":"Clothesline","floor":8},{"not_picked":["Feel No Pain","Berserk","Iron Wave"],"picked":"Shrug It Off","floor":10},{"not_picked":["Warcry","Havoc","Sword Boomerang"],"picked":"Intimidate","floor":14}],"player_experience":504600,"relics_obtained":[{"floor":8,"key":"Question Card"},{"floor":9,"key":"Girya"},{"floor":14,"key":"Thread and Needle"}],"event_choices":[{"damage_healed":0,"gold_gain":0,"player_choice":"Ignored","damage_taken":0,"max_hp_gain":0,"max_hp_loss":0,"event_name":"Liars Game","floor":2,"gold_loss":0},{"damage_healed":0,"gold_gain":0,"player_choice":"Left Gold","damage_taken":0,"max_hp_gain":0,"max_hp_loss":0,"event_name":"World of Goop","floor":13,"gold_loss":35}],"is_beta":false,"boss_relics":[],"items_purged_floors":[],"is_endless":false,"potions_floor_spawned":[3,8,10,14],"killed_by":"Slime Boss","ascension_level":16}