{"gold_per_floor":[117,135,210,0,0,0,30,30,106,133,32,48,48,67,67,145,145,162,176,91,91,13,13],"floor_reached":23,"playtime":679,"items_purged":["Strike_R"],"score":422,"play_id":"a2d3bf16-2cd6-4012-8e3e-5700179ba6a7","local_time":"20181225195822","is_ascension_mode":true,"campfire_choices":[{"data":"Uppercut","floor":6,"key":"SMITH"},{"data":"Flame Barrier","floor":8,"key":"SMITH"},{"data":"Enlightenment","floor":15,"key":"SMITH"}],"neow_cost":"NONE","seed_source_timestamp":372047357745211,"circlet_count":0,"master_deck":["AscendersBane","Strike_R","Strike_R","Strike_R","Strike_R","Defend_R","Defend_R","Defend_R","Defend_R","Bash","Headbutt","Uppercut+1","Cleave","Flame Barrier+1","Impervious","Spot Weakness","Enlightenment+1","Heavy Blade+1","Sword Boomerang+1","Battle Trance"],"relics":["Black Blood","NeowsBlessing","Art of War","Molten Egg 2","Thread and Needle","Blue Candle","Bronze Scales","Enchiridion"],"potions_floor_usage":[16,19],"damage_taken":[{"damage":0,"enemies":"Small Slimes","floor":1,"turns":1},{"damage":0,"enemies":"Cultist","floor":2,"turns":1},{"damage":0,"enemies":"Gremlin Nob","floor":7,"turns":1},{"damage":25,"enemies":"Lagavulin","floor":10,"turns":7},{"damage":0,"enemies":"Jaw Worm","floor":12,"turns":3},{"damage":2,"enemies":"3 Louse","floor":14,"turns":2},{"damage":21,"enemies":"Slime Boss","floor":16,"turns":10},{"damage":24,"enemies":"Spheric Guardian","floor":18,"turns":5},{"damage":21,"enemies":"Chosen","floor":19,"turns":7},{"damage":40,"enemies":"Book of Stabbing","floor":23,"turns":3}],"seed_played":"-8481191105231113636","potions_obtained":[{"floor":1,"key":"PowerPotion"},{"floor":2,"key":"Fire Potion"},{"floor":19,"key":"Ancient Potion"}],"is_trial":false,"path_per_floor":["M","M","?","$","?","R","E","R","T","E","$","M","T","M","R","B",null,"M","M","?","?","$","E"],"character_chosen":"IRONCLAD","items_purchased":["Cleave","Flame Barrier","Enlightenment","Battle Trance"],"campfire_rested":0,"item_purchase_floors":[4,4,11,22],"current_hp_per_floor":[74,75,64,64,64,64,70,70,70,51,51,57,57,61,61,46,68,54,43,43,22,22,0],"gold":13,"neow_bonus":"THREE_ENEMY_KILL","is_prod":false,"is_daily":false,"chose_seed":false,"campfire_upgraded":3,"win_rate":0,"timestamp":1545764302,"path_taken":["M","M","?","$","?","R","E","R","T","E","$","?","?","M","R","BOSS","M","M","?","?","$","E"],"build_version":"2018-12-20","purchased_purges":1,"victory":false,"max_hp_per_floor":[75,75,75,75,75,75,75,75,75,75,75,75,75,75,75,75,75,75,75,75,75,75,75],"card_choices":[{"not_picked":["Second Wind","Rage"],"picked":"Headbutt","floor":1},{"not_picked":["Armaments","Wild Strike"],"picked":"Uppercut","floor":2},{"not_picked":["Hemokinesis","Shockwave"],"picked":"Spot Weakness","floor":7},{"not_picked":["Flex","Wild Strike+1","Blood for Blood+1"],"picked":"SKIP","floor":10},{"not_picked":["Bloodletting","Sentinel"],"picked":"Heavy Blade+1","floor":12},{"not_picked":["Barricade","Clash+1","Pommel Strike+1"],"picked":"SKIP","floor":14},{"not_picked":["Warcry","Searing Blow+1"],"picked":"Sword Boomerang+1","floor":18},{"not_picked":["Clash+1","Flex","Headbutt+1"],"picked":"SKIP","floor":19}],"player_experience":788826,"relics_obtained":[{"floor":7,"key":"Art of War"},{"floor":9,"key":"Molten Egg 2"},{"floor":10,"key":"Thread and Needle"},{"floor":13,"key":"Blue Candle"},{"floor":21,"key":"Enchiridion"}],"event_choices":[{"damage_healed":0,"gold_gain":75,"player_choice":"Gather Gold","damage_taken":11,"max_hp_gain":0,"max_hp_loss":0,"event_name":"World of Goop","floor":3,"gold_loss":0},{"damage_healed":0,"gold_gain":0,"player_choice":"1 cards matched","damage_taken":0,"max_hp_gain":0,"max_hp_loss":0,"event_name":"Match and Keep!","floor":5,"gold_loss":0,"cards_obtained":["Impervious"]},{"damage_healed":0,"gold_gain":0,"player_choice":"Obtained Relic","damage_taken":0,"relics_obtained":["Bronze Scales"],"max_hp_gain":0,"max_hp_loss":0,"event_name":"Addict","floor":20,"gold_loss":85},{"damage_healed":0,"gold_gain":0,"player_choice":"Obtained Book","damage_taken":21,"max_hp_gain":0,"max_hp_loss":0,"event_name":"Cursed Tome","floor":21,"gold_loss":0}],"is_beta":false,"boss_relics":[{"not_picked":["Empty Cage","Eternal Feather"],"picked":"Black Blood"}],"items_purged_floors":[4],"is_endless":false,"potions_floor_spawned":[1,2,10,14,19],"killed_by":"Book of Stabbing","ascension_level":18}