{"gold_per_floor":[117,132,132,142,217,247,264,64,88,103,133,45,45,60,60,133,133,144,144,144,144,164,191,191,205,232,252,252],"floor_reached":28,"playtime":1981,"items_purged":[],"score":420,"play_id":"6869d083-036d-488e-888d-87918749481a","local_time":"20190124213700","is_ascension_mode":true,"campfire_choices":[{"floor":13,"key":"REST"},{"floor":15,"key":"REST"},{"data":"Double Energy","floor":24,"key":"SMITH"}],"neow_cost":"NONE","seed_source_timestamp":430833147467468,"circlet_count":0,"master_deck":["AscendersBane","Strike_R","Strike_R","Strike_R","Strike_R","Strike_R+1","Defend_R","Defend_R","Defend_R","Defend_R+1","Bash","Pommel Strike","Anger","Carnage","Disarm","Shrug It Off","Dagger Throw","Good Instincts","Panache","Endless Agony","J.A.X.","Bash","Inflame","Rebound","Double Energy+1","Conserve Battery","Concentrate"],"relics":["Burning Blood","NeowsBlessing","Anchor","PrismaticShard","Boot","Tiny Chest","Runic Pyramid","Centennial Puzzle","Bag of Marbles"],"potions_floor_usage":[16,23,27],"damage_taken":[{"damage":0,"enemies":"2 Louse","floor":1,"turns":1},{"damage":0,"enemies":"Jaw Worm","floor":2,"turns":1},{"damage":0,"enemies":"Small Slimes","floor":4,"turns":1},{"damage":34,"enemies":"3 Sentries","floor":6,"turns":9},{"damage":8,"enemies":"Blue Slaver","floor":7,"turns":3},{"damage":1,"enemies":"2 Fungi Beasts","floor":10,"turns":3},{"damage":3,"enemies":"Large Slime","floor":14,"turns":6},{"damage":15,"enemies":"The Guardian","floor":16,"turns":15},{"damage":20,"enemies":"3 Byrds","floor":18,"turns":6},{"damage":10,"enemies":"Shell Parasite","floor":22,"turns":5},{"damage":39,"enemies":"Slavers","floor":23,"turns":7},{"damage":17,"enemies":"Centurion and Healer","floor":25,"turns":5},{"damage":6,"enemies":"Snecko","floor":27,"turns":6},{"damage":39,"enemies":"Cultist and Chosen","floor":28,"turns":6}],"seed_played":"5197242757732128758","potions_obtained":[{"floor":1,"key":"Ancient Potion"},{"floor":6,"key":"PowerPotion"},{"floor":18,"key":"FearPotion"}],"is_trial":false,"path_per_floor":["M","M","?","M","?","E","M","$","T","M","?","$","R","M","R","B",null,"M","?","?","?","M","E","R","M","T","M","M"],"character_chosen":"IRONCLAD","items_purchased":["PrismaticShard","Good Instincts"],"campfire_rested":2,"item_purchase_floors":[8,12],"current_hp_per_floor":[74,75,52,58,47,19,17,17,17,22,4,4,26,29,51,42,67,53,68,68,68,64,31,31,20,20,20,0],"gold":252,"neow_bonus":"THREE_ENEMY_KILL","is_prod":false,"is_daily":false,"chose_seed":false,"campfire_upgraded":1,"win_rate":0,"timestamp":1548394620,"path_taken":["M","M","?","M","?","E","M","$","T","M","?","?","R","M","R","BOSS","M","?","?","?","M","E","R","?","T","M","M"],"build_version":"2019-01-23","purchased_purges":0,"victory":false,"max_hp_per_floor":[75,75,75,75,75,75,75,75,75,75,75,75,75,75,75,75,75,75,75,75,75,75,75,75,75,75,75,75],"card_choices":[{"not_picked":["Iron Wave","Sentinel"],"picked":"Pommel Strike","floor":1},{"not_picked":["Havoc","Rampage"],"picked":"Anger","floor":2},{"not_picked":["Clash","Dropkick"],"picked":"Carnage","floor":4},{"not_picked":["Twin Strike","Uppercut"],"picked":"Disarm","floor":6},{"not_picked":["Pommel Strike","Thunderclap"],"picked":"Shrug It Off","floor":7},{"not_picked":["Catalyst","Bloodletting"],"picked":"Dagger Throw","floor":10},{"not_picked":["Ball Lightning","Phantasmal Killer","Pommel Strike"],"picked":"SKIP","floor":14},{"not_picked":["Exhume","Thunder Strike"],"picked":"Panache","floor":16},{"not_picked":["Blade Dance","Sweeping Beam"],"picked":"Endless Agony","floor":18},{"not_picked":["True Grit","Spot Weakness"],"picked":"Rebound","floor":22},{"not_picked":["BootSequence","Biased Cognition"],"picked":"Double Energy","floor":23},{"not_picked":["Doom and Gloom","Dagger Spray"],"picked":"Conserve Battery","floor":25},{"not_picked":["Infernal Blade","Body Slam"],"picked":"Concentrate","floor":27}],"player_experience":496164,"relics_obtained":[{"floor":6,"key":"Anchor"},{"floor":9,"key":"Boot"},{"floor":23,"key":"Centennial Puzzle"},{"floor":26,"key":"Bag of Marbles"}],"event_choices":[{"damage_healed":0,"gold_gain":0,"player_choice":"Entered Light","damage_taken":23,"max_hp_gain":0,"max_hp_loss":0,"event_name":"Shining Light","floor":3,"gold_loss":0,"cards_upgraded":["Defend_R","Strike_R"]},{"damage_healed":0,"gold_gain":75,"player_choice":"Gather Gold","damage_taken":11,"max_hp_gain":0,"max_hp_loss":0,"event_name":"World of Goop","floor":5,"gold_loss":0},{"damage_healed":0,"gold_gain":0,"player_choice":"Success","damage_taken":18,"relics_obtained":["Tiny Chest"],"max_hp_gain":0,"max_hp_loss":0,"event_name":"Scrap Ooze","floor":11,"gold_loss":0},{"damage_healed":15,"gold_gain":0,"player_choice":"Heal","damage_taken":0,"max_hp_gain":0,"max_hp_loss":0,"event_name":"The Library","floor":19,"gold_loss":0},{"damage_healed":0,"gold_gain":0,"player_choice":"Obtain J.A.X.","damage_taken":0,"max_hp_gain":0,"max_hp_loss":0,"event_name":"Drug Dealer","floor":20,"gold_loss":0,"cards_obtained":["J.A.X."]},{"damage_healed":0,"gold_gain":0,"player_choice":"2 cards matched","damage_taken":0,"max_hp_gain":0,"max_hp_loss":0,"event_name":"Match and Keep!","floor":21,"gold_loss":0,"cards_obtained":["Bash","Inflame"]}],"is_beta":false,"boss_relics":[{"not_picked":["Black Star","Tiny House"],"picked":"Runic Pyramid"}],"items_purged_floors":[],"is_endless":false,"potions_floor_spawned":[1,6,14,18,22],"killed_by":"Cultist and Chosen","ascension_level":15}