{"gold_per_floor":[117,137,137,152,152,152,177,177,177,193,193,193,193,268,268,364,364,376,376,388,400,11,11,26,39,39,39,89,89,89,27,27,27],"floor_reached":33,"playtime":2252,"items_purged":[],"score":280,"play_id":"61bcb76f-e4e3-4cfb-8537-779a3eca4af4","local_time":"20190221220725","is_ascension_mode":true,"campfire_choices":[{"data":"Bash","floor":6,"key":"SMITH"},{"data":"Cleave","floor":8,"key":"SMITH"},{"data":"Rampage","floor":12,"key":"SMITH"},{"floor":15,"key":"REST"},{"floor":27,"key":"REST"},{"floor":30,"key":"REST"},{"floor":32,"key":"REST"}],"neow_cost":"NONE","seed_source_timestamp":0,"circlet_count":0,"master_deck":["Strike_R","Strike_R","Strike_R","Strike_R","Strike_R","Defend_R","Defend_R+1","Defend_R","Defend_R","Bash+1","Iron Wave+1","Cleave+1","Headbutt","Rampage+1","Twin Strike+1","Impervious","Metallicize","Perfected Strike","Reckless Charge","Carnage","Anger","Hemokinesis","Barricade","Bash","Sever Soul+1","True Grit","Chrysalis","Headbutt","Rage","Second Wind","Shame","Heavy Blade","Rupture","Flex","Bloodletting"],"special_seed":0,"relics":["Burning Blood","Thread and Needle","Ginger","Orrery","Membership Card","Pocketwatch","Mercury Hourglass","Lantern","MutagenicStrength"],"potions_floor_usage":[16,16,24,33,33],"damage_taken":[{"damage":5,"enemies":"Small Slimes","floor":1,"turns":3},{"damage":0,"enemies":"Cultist","floor":2,"turns":4},{"damage":2,"enemies":"2 Louse","floor":4,"turns":3},{"damage":33,"enemies":"3 Sentries","floor":7,"turns":6},{"damage":0,"enemies":"Looter","floor":10,"turns":2},{"damage":25,"enemies":"Hexaghost","floor":16,"turns":9},{"damage":2,"enemies":"Chosen","floor":18,"turns":5},{"damage":21,"enemies":"Shell Parasite","floor":20,"turns":5},{"damage":37,"enemies":"Centurion and Healer","floor":21,"turns":6},{"damage":17,"enemies":"Sentry and Sphere","floor":24,"turns":5},{"damage":34,"enemies":"3 Cultists","floor":25,"turns":6},{"damage":93,"enemies":"Collector","floor":33,"turns":7}],"seed_played":"1875904948630540813","potions_obtained":[{"floor":0,"key":"Weak Potion"},{"floor":0,"key":"BloodPotion"},{"floor":0,"key":"SpeedPotion"},{"floor":16,"key":"PowerPotion"},{"floor":20,"key":"SmokeBomb"},{"floor":24,"key":"SmokeBomb"},{"floor":25,"key":"Energy Potion"}],"is_trial":false,"path_per_floor":["M","M","?","M","?","R","E","R","T","M","?","R","?","?","R","B",null,"M","?","M","M","$","?","M","M","T","R","T","?","R","$","R","B"],"character_chosen":"IRONCLAD","items_purchased":["Membership Card","Chrysalis","Headbutt","Rage","Second Wind","Flex","Bloodletting"],"campfire_rested":4,"item_purchase_floors":[22,22,22,22,22,31,31],"current_hp_per_floor":[80,80,85,85,85,85,58,58,58,64,47,47,47,36,61,42,85,85,85,70,39,39,39,36,8,8,33,33,33,58,58,83,0],"gold":27,"neow_bonus":"THREE_SMALL_POTIONS","is_prod":false,"is_daily":false,"chose_seed":false,"campfire_upgraded":3,"win_rate":0,"timestamp":1550758045,"path_taken":["M","M","?","M","?","R","E","R","T","?","?","R","?","?","R","BOSS","M","?","?","M","$","?","M","M","T","R","?","?","R","?","R","BOSS"],"build_version":"2019-01-23","purchased_purges":0,"victory":false,"max_hp_per_floor":[80,80,85,85,85,85,85,85,85,85,85,85,85,85,85,85,85,85,85,85,85,85,85,85,85,85,85,85,85,85,85,85,85],"card_choices":[{"not_picked":["Flex","Wild Strike"],"picked":"Iron Wave","floor":1},{"not_picked":["Clash","Wild Strike"],"picked":"Cleave","floor":2},{"not_picked":["Blood for Blood","Havoc"],"picked":"Headbutt","floor":4},{"not_picked":["Headbutt","True Grit"],"picked":"Rampage","floor":7},{"not_picked":["Feel No Pain","Havoc"],"picked":"Twin Strike","floor":10},{"not_picked":["Juggernaut","Barricade"],"picked":"Impervious","floor":16},{"not_picked":["True Grit","Clothesline"],"picked":"Metallicize","floor":17},{"not_picked":["Disarm","Warcry"],"picked":"Perfected Strike","floor":17},{"not_picked":["Havoc","Dual Wield"],"picked":"Reckless Charge","floor":17},{"not_picked":["Flex","Barricade"],"picked":"Carnage","floor":17},{"not_picked":["True Grit","Metallicize"],"picked":"Anger","floor":17},{"not_picked":["Perfected Strike","Burning Pact"],"picked":"Hemokinesis","floor":18},{"not_picked":["Iron Wave","Wild Strike"],"picked":"Sever Soul+1","floor":20},{"not_picked":["Intimidate","Anger"],"picked":"True Grit","floor":21},{"not_picked":["True Grit","Reckless Charge+1"],"picked":"Heavy Blade","floor":24},{"not_picked":["Clash","Blood for Blood"],"picked":"Rupture","floor":25}],"player_experience":30409,"relics_obtained":[{"floor":7,"key":"Thread and Needle"},{"floor":9,"key":"Ginger"},{"floor":26,"key":"Mercury Hourglass"},{"floor":28,"key":"Lantern"}],"event_choices":[{"damage_healed":0,"gold_gain":0,"player_choice":"Donut","damage_taken":0,"max_hp_gain":5,"max_hp_loss":0,"event_name":"Big Fish","floor":3,"gold_loss":0},{"damage_healed":0,"gold_gain":0,"player_choice":"Forge","damage_taken":0,"max_hp_gain":0,"max_hp_loss":0,"event_name":"Accursed Blacksmith","floor":5,"gold_loss":0,"cards_upgraded":["Iron Wave"]},{"damage_healed":0,"gold_gain":0,"player_choice":"Entered Light","damage_taken":17,"max_hp_gain":0,"max_hp_loss":0,"event_name":"Shining Light","floor":11,"gold_loss":0,"cards_upgraded":["Twin Strike","Defend_R"]},{"damage_healed":0,"gold_gain":0,"player_choice":"Leave","damage_taken":0,"max_hp_gain":0,"max_hp_loss":0,"event_name":"The Cleric","floor":13,"gold_loss":0},{"damage_healed":0,"gold_gain":75,"player_choice":"Gather Gold","damage_taken":11,"max_hp_gain":0,"max_hp_loss":0,"event_name":"World of Goop","floor":14,"gold_loss":0},{"damage_healed":0,"gold_gain":0,"player_choice":"2 cards matched","damage_taken":0,"max_hp_gain":0,"max_hp_loss":0,"event_name":"Match and Keep!","floor":19,"gold_loss":0,"cards_obtained":["Barricade","Bash"]},{"damage_healed":0,"gold_gain":0,"player_choice":"Stole Relic","damage_taken":0,"relics_obtained":["Pocketwatch"],"max_hp_gain":0,"max_hp_loss":0,"event_name":"Addict","floor":23,"gold_loss":0,"cards_obtained":["Shame"]},{"damage_healed":0,"gold_gain":0,"player_choice":"Inject Mutagens","damage_taken":0,"relics_obtained":["MutagenicStrength"],"max_hp_gain":0,"max_hp_loss":0,"event_name":"Drug Dealer","floor":29,"gold_loss":0}],"is_beta":false,"boss_relics":[{"not_picked":["Fusion Hammer","Busted Crown"],"picked":"Orrery"}],"items_purged_floors":[],"is_endless":false,"potions_floor_spawned":[16,20,21,24,25],"killed_by":"Collector","ascension_level":1}