{"gold_per_floor":[110,120,133,133,157,187,210,277,289,301,328,415,427,471,483,495],"floor_reached":16,"playtime":1083,"items_purged":[],"score":218,"play_id":"ad0ca36f-a35c-497c-a2a5-605d2d6cd54a","local_time":"20181019210604","is_ascension_mode":true,"campfire_choices":[{"data":"Body Slam","floor":10,"key":"SMITH"},{"floor":13,"key":"REST"},{"data":"Armaments","floor":15,"key":"SMITH"}],"neow_cost":"NONE","seed_source_timestamp":773175987817132,"circlet_count":0,"master_deck":["Strike_R","Strike_R","Strike_R","Strike_R","Strike_R","Defend_R","Defend_R","Defend_R","Defend_R","Bash","AscendersBane","Dramatic Entrance","Armaments+1","Body Slam+1","Heavy Blade","Rupture","Dual Wield","Uppercut","Sever Soul","Searing Blow"],"relics":["Burning Blood","Vajra","MawBank","Tiny Chest","Unceasing Top","Bottled Tornado"],"potions_floor_usage":[6,8,8,14,14],"damage_taken":[{"damage":20,"enemies":"Jaw Worm","floor":1,"turns":5},{"damage":1,"enemies":"Cultist","floor":2,"turns":4},{"damage":0,"enemies":"2 Louse","floor":3,"turns":2},{"damage":5,"enemies":"3 Sentries","floor":6,"turns":8},{"damage":14,"enemies":"Blue Slaver","floor":7,"turns":4},{"damage":27,"enemies":"Lagavulin","floor":8,"turns":6},{"damage":15,"enemies":"Lots of Slimes","floor":11,"turns":3},{"damage":0,"enemies":"Gremlin Nob","floor":14,"turns":2},{"damage":52,"enemies":"The Guardian","floor":16,"turns":13}],"seed_played":"6125477705453178163","potions_obtained":[{"floor":1,"key":"Energy Potion"},{"floor":2,"key":"Fire Potion"},{"floor":4,"key":"FearPotion"},{"floor":7,"key":"Strength Potion"},{"floor":11,"key":"Block Potion"}],"is_trial":false,"path_per_floor":["M","M","M","?","T","E","M","E","T","R","M","?","R","E","R"],"character_chosen":"IRONCLAD","items_purchased":[],"campfire_rested":1,"item_purchase_floors":[],"current_hp_per_floor":[58,63,69,69,69,70,62,41,41,41,32,21,45,51,51,0],"gold":495,"neow_bonus":"RANDOM_COLORLESS","is_prod":false,"is_daily":false,"chose_seed":false,"campfire_upgraded":2,"win_rate":0,"timestamp":1540008364,"path_taken":["M","M","M","?","?","E","M","E","T","R","M","?","R","E","R","BOSS"],"build_version":"2018-10-18","purchased_purges":0,"victory":false,"max_hp_per_floor":[80,80,80,80,80,80,80,80,80,80,80,80,80,80,80,80],"card_choices":[{"not_picked":["Carnage","Seeing Red"],"picked":"Armaments","floor":1},{"not_picked":["Thunderclap","Spot Weakness"],"picked":"Body Slam","floor":2},{"not_picked":["Warcry","Metallicize"],"picked":"Heavy Blade","floor":3},{"not_picked":["Flex","Spot Weakness"],"picked":"Rupture","floor":6},{"not_picked":["Heavy Blade","Flame Barrier"],"picked":"Dual Wield","floor":7},{"not_picked":["Cleave","Rampage"],"picked":"Uppercut","floor":8},{"not_picked":["Second Wind","Reckless Charge"],"picked":"Sever Soul","floor":11},{"not_picked":["Armaments","Blood for Blood"],"picked":"Searing Blow","floor":14}],"player_experience":352436,"relics_obtained":[{"floor":5,"key":"Vajra"},{"floor":6,"key":"MawBank"},{"floor":8,"key":"Tiny Chest"},{"floor":9,"key":"Unceasing Top"},{"floor":14,"key":"Bottled Tornado"}],"event_choices":[{"damage_healed":0,"gold_gain":0,"player_choice":"Got Potions","damage_taken":0,"max_hp_gain":0,"max_hp_loss":0,"event_name":"The Lab","floor":4,"gold_loss":0},{"damage_healed":0,"gold_gain":75,"player_choice":"Gather Gold","damage_taken":11,"max_hp_gain":0,"max_hp_loss":0,"event_name":"World of Goop","floor":12,"gold_loss":0}],"is_beta":false,"boss_relics":[],"items_purged_floors":[],"is_endless":false,"potions_floor_spawned":[1,2,7,11],"killed_by":"The Guardian","ascension_level":10}