{"gold_per_floor":[13,30,40,59,59,89,89,117,117,42,42,42,42,56,56,56],"floor_reached":16,"playtime":1004,"items_purged":["Strike_B"],"score":149,"play_id":"de48c375-2afa-41c7-ad0f-ef6ef97c4f24","local_time":"20180913155912","is_ascension_mode":true,"campfire_choices":[{"floor":7,"key":"REST"},{"floor":13,"key":"REST"},{"data":"Core Surge","floor":15,"key":"SMITH"}],"neow_cost":"NO_GOLD","seed_source_timestamp":100466287266374,"circlet_count":0,"master_deck":["Strike_B","Defend_B","Defend_B","Defend_B","Zap","Dualcast","Barrage","Ball Lightning","Core Surge+1","Chill","Reprogram","Self Repair"],"relics":["Cracked Core","Cables","Juzu Bracelet","Bottled Lightning"],"potions_floor_usage":[6],"damage_taken":[{"damage":1,"enemies":"Cultist","floor":1,"turns":3},{"damage":2,"enemies":"Jaw Worm","floor":2,"turns":3},{"damage":3,"enemies":"2 Louse","floor":3,"turns":3},{"damage":13,"enemies":"Red Slaver","floor":4,"turns":3},{"damage":20,"enemies":"Lagavulin","floor":6,"turns":6},{"damage":25,"enemies":"3 Sentries","floor":8,"turns":4},{"damage":8,"enemies":"Exordium Thugs","floor":14,"turns":3},{"damage":21,"enemies":"The Guardian","floor":16,"turns":7}],"seed_played":"-2899576271384082994","potions_obtained":[{"floor":4,"key":"Strength Potion"},{"floor":6,"key":"Ancient Potion"}],"is_trial":false,"path_per_floor":["M","M","M","M","?","E","R","E","T","$","?","?","R","M","R"],"character_chosen":"DEFECT","items_purchased":[],"campfire_rested":2,"item_purchase_floors":[],"current_hp_per_floor":[67,65,62,49,49,29,51,26,26,26,26,26,48,40,40,19],"gold":56,"neow_bonus":"REMOVE_TWO","is_prod":false,"is_daily":false,"chose_seed":false,"campfire_upgraded":1,"win_rate":0,"timestamp":1536847152,"path_taken":["M","M","M","?","?","E","R","E","T","$","?","?","R","M","R","BOSS"],"build_version":"2018-09-06","purchased_purges":1,"victory":false,"max_hp_per_floor":[75,75,75,75,75,75,75,75,75,75,75,75,75,75,75,75],"card_choices":[{"not_picked":["Go for the Eyes","Stack"],"picked":"Tempest","floor":1},{"not_picked":["Coolheaded","Compile Driver"],"picked":"Barrage","floor":2},{"not_picked":["Compile Driver","Sunder"],"picked":"Ball Lightning","floor":3},{"not_picked":["Compile Driver","Redo","Melter"],"picked":"SKIP","floor":4},{"not_picked":["Reprogram","Sweeping Beam"],"picked":"Core Surge","floor":6},{"not_picked":["Rip and Tear","Coolheaded"],"picked":"Chill","floor":8},{"not_picked":["Reinforced Body","Compile Driver"],"picked":"Self Repair","floor":14}],"player_experience":412036,"relics_obtained":[{"floor":6,"key":"Cables"},{"floor":8,"key":"Juzu Bracelet"},{"floor":9,"key":"Bottled Lightning"}],"event_choices":[{"event_name":"Living Wall","player_choice":"Forget","floor":5,"damage_taken":0},{"event_name":"Liars Game","player_choice":"disagreed","floor":11,"damage_taken":0},{"event_name":"Transmorgrifier","player_choice":"Transform","floor":12,"damage_taken":0}],"is_beta":false,"boss_relics":[],"items_purged_floors":[10],"is_endless":false,"potions_floor_spawned":[4,6],"killed_by":"The Guardian","ascension_level":7}