{"gold_per_floor":[112,123,136,86,86,86,117,117,147,160,176,176,176,245,245,375,375,396,410,435,23,46,46,86,86,86,112,135,150,171,96,96,215,215,238,253,253,20,38,38,82,82,159,159,225,244,3,22,22,22,22,22,22,62,62],"floor_reached":56,"playtime":5735,"items_purged":["Strike_B","Defend_B","Defend_B"],"score":1436,"play_id":"ce360ede-d39c-4869-bb7f-f7139078de83","local_time":"20190227105242","is_ascension_mode":true,"campfire_choices":[{"data":"Zap","floor":6.0,"key":"SMITH"},{"data":"Fission","floor":8.0,"key":"SMITH"},{"data":"Self Repair","floor":12.0,"key":"SMITH"},{"data":"Coolheaded","floor":15.0,"key":"SMITH"},{"data":"Consume","floor":23.0,"key":"SMITH"},{"data":"Seek","floor":25.0,"key":"SMITH"},{"floor":32.0,"key":"RECALL"},{"data":"Buffer","floor":40.0,"key":"SMITH"},{"data":"Hologram","floor":42.0,"key":"SMITH"},{"data":"Gash","floor":44.0,"key":"SMITH"},{"data":"Scrape","floor":49.0,"key":"SMITH"},{"data":"Dualcast","floor":52.0,"key":"SMITH"}],"neow_cost":"NONE","seed_source_timestamp":0,"circlet_count":0,"master_deck":["Defend_B","Defend_B","Zap+1","Dualcast+1","FTL+1","Self Repair+1","Coolheaded+1","Fission+1","Ball Lightning+1","Seek+1","Go for the Eyes+1","Consume+1","Chaos+1","Turbo+1","Buffer+1","Blind","Finesse","Gash+1","Hologram+1","Skim+1","Glacier+1","Scrape+1","Dark Shackles","Rebound","Conserve Battery+1","Hologram+1"],"special_seed":0,"relics":["Cracked Core","Potion Belt","Golden Idol","Matryoshka","Tiny Chest","Bottled Tornado","Whetstone","Pantograph","Runic Pyramid","Runic Capacitor","PreservedInsect","Bird Faced Urn","Regal Pillow","Philosopher\u0027s Stone","Centennial Puzzle","The Courier","Nunchaku","Lantern"],"potions_floor_usage":[55,55,55,55,55],"damage_taken":[{"damage":0.0,"enemies":"Cultist","floor":1.0,"turns":3.0},{"damage":0.0,"enemies":"Small Slimes","floor":2.0,"turns":2.0},{"damage":0.0,"enemies":"2 Louse","floor":3.0,"turns":2.0},{"damage":25.0,"enemies":"3 Sentries","floor":7.0,"turns":7.0},{"damage":19.0,"enemies":"Lots of Slimes","floor":10.0,"turns":4.0},{"damage":1.0,"enemies":"Exordium Thugs","floor":11.0,"turns":3.0},{"damage":26.0,"enemies":"Slime Boss","floor":16.0,"turns":8.0},{"damage":8.0,"enemies":"Shell Parasite","floor":18.0,"turns":4.0},{"damage":0.0,"enemies":"3 Byrds","floor":19.0,"turns":4.0},{"damage":6.0,"enemies":"Cultist and Chosen","floor":20.0,"turns":5.0},{"damage":15.0,"enemies":"Snecko","floor":22.0,"turns":5.0},{"damage":23.0,"enemies":"Gremlin Leader","floor":24.0,"turns":4.0},{"damage":14.0,"enemies":"Snake Plant","floor":28.0,"turns":2.0},{"damage":16.0,"enemies":"Sentry and Sphere","floor":29.0,"turns":4.0},{"damage":0.0,"enemies":"Cultist and Chosen","floor":30.0,"turns":4.0},{"damage":9.0,"enemies":"Collector","floor":33.0,"turns":7.0},{"damage":10.0,"enemies":"3 Shapes","floor":35.0,"turns":5.0},{"damage":0.0,"enemies":"Orb Walker","floor":36.0,"turns":3.0},{"damage":0.0,"enemies":"Maw","floor":39.0,"turns":6.0},{"damage":15.0,"enemies":"Reptomancer","floor":41.0,"turns":7.0},{"damage":44.0,"enemies":"2 Orb Walkers","floor":45.0,"turns":7.0},{"damage":17.0,"enemies":"Writhing Mass","floor":46.0,"turns":3.0},{"damage":0.0,"enemies":"Transient","floor":48.0,"turns":5.0},{"damage":0.0,"enemies":"Awakened One","floor":50.0,"turns":11.0},{"damage":5,"enemies":"Shield and Spear","floor":54,"turns":6},{"damage":46,"enemies":"The Heart","floor":55,"turns":9}],"seed_played":"1484767613172196252","potions_obtained":[{"floor":1.0,"key":"Fire Potion"},{"floor":10.0,"key":"LiquidBronze"},{"floor":11.0,"key":"FocusPotion"},{"floor":19.0,"key":"Explosive Potion"},{"floor":22.0,"key":"SkillPotion"},{"floor":24.0,"key":"LiquidBronze"},{"floor":28.0,"key":"EssenceOfSteel"},{"floor":39.0,"key":"Dexterity Potion"},{"floor":46.0,"key":"Regen Potion"}],"is_trial":false,"path_per_floor":["M","M","M","?","?","R","E","R","T","M","M","R","?","T","R","B",null,"M","M","M","$","M","R","E","R","T","T","M","M","M","?","R","B",null,"M","M","?","$","M","R","E","R","T","R","?","M","$","M","R","B",null,"R","$","E","B",null],"character_chosen":"DEFECT","items_purchased":["Runic Capacitor","PreservedInsect","Finesse","Gash","Scrape","Dark Shackles","Rebound"],"campfire_rested":0,"item_purchase_floors":[21,21,38,38,47,47,47],"current_hp_per_floor":[75,75,75,75,57,57,39,39,39,27,33,33,33,33,33,42,67,69,75,75,75,70,70,57,57,57,57,55,51,63,63,63,75,75,75,75,65,65,75,75,70,70,70,70,40,37,37,51,51,75,75,75,75,75,55],"gold":62,"neow_bonus":"RANDOM_COMMON_RELIC","is_prod":false,"is_daily":false,"chose_seed":false,"campfire_upgraded":11,"win_rate":0,"timestamp":1551261162,"path_taken":["M","M","M","?","?","R","E","R","T","M","M","R","?","?","R","BOSS","M","M","M","?","M","R","E","R","T","?","M","M","M","?","R","BOSS","M","M","?","$","M","R","E","R","T","R","?","M","$","M","R","BOSS","R","$","E","BOSS"],"build_version":"2019-02-06","purchased_purges":3,"victory":true,"max_hp_per_floor":[75,75,75,75,75,75,75,75,75,75,75,75,75,75,75,75,75,75,75,75,75,75,75,75,75,75,75,75,75,75,75,75,75,75,75,75,75,75,75,75,75,75,75,75,75,75,75,75,75,75,75,75,75,75,75],"card_choices":[{"not_picked":["Fusion","Stack"],"picked":"FTL","floor":1.0},{"not_picked":["BootSequence","Barrage"],"picked":"Self Repair","floor":2.0},{"not_picked":["Tempest","Sweeping Beam"],"picked":"Coolheaded","floor":3.0},{"not_picked":["Ball Lightning","Heatsinks"],"picked":"Fission","floor":7.0},{"not_picked":["Undo","Coolheaded"],"picked":"Ball Lightning","floor":10.0},{"not_picked":["Redo","Rebound","Sweeping Beam"],"picked":"SKIP","floor":11.0},{"not_picked":["Core Surge","Creative AI"],"picked":"Seek","floor":16.0},{"not_picked":["Cold Snap+1","Fusion"],"picked":"Go for the Eyes+1","floor":18.0},{"not_picked":["Stack","Coolheaded"],"picked":"Consume","floor":19.0},{"not_picked":["Steam","Barrage+1","Stack"],"picked":"SKIP","floor":20.0},{"not_picked":["Force Field+1","Static Discharge+1"],"picked":"Chaos+1","floor":22.0},{"not_picked":["Barrage+1","Force Field"],"picked":"Turbo+1","floor":24.0},{"not_picked":["Consume","Beam Cell","Sweeping Beam"],"picked":"SKIP","floor":28.0},{"not_picked":["Cold Snap","Compile Driver+1","Scrape"],"picked":"SKIP","floor":29.0},{"not_picked":["Stack","Compile Driver","Tempest"],"picked":"SKIP","floor":30.0},{"not_picked":["Machine Learning","Rainbow"],"picked":"Buffer","floor":33.0},{"not_picked":["Streamline+1","Steam+1","Beam Cell+1"],"picked":"SKIP","floor":35.0},{"not_picked":["Rebound+1","Ball Lightning","Barrage+1"],"picked":"SKIP","floor":36.0},{"not_picked":["Jack Of All Trades","Discovery"],"picked":"Blind","floor":37.0},{"not_picked":["Turbo","Lockon","Sweeping Beam+1"],"picked":"SKIP","floor":39.0},{"not_picked":["Heatsinks","Turbo+1"],"picked":"Hologram","floor":41.0},{"not_picked":["Hologram","Compile Driver"],"picked":"Skim+1","floor":45.0},{"not_picked":["Steam+1","Redo"],"picked":"Glacier+1","floor":46.0},{"not_picked":["Stack","Streamline+1"],"picked":"Conserve Battery+1","floor":48.0},{"not_picked":["Lockon+1","Sweeping Beam"],"picked":"Hologram+1","floor":54}],"player_experience":74152,"relics_obtained":[{"floor":7.0,"key":"Matryoshka"},{"floor":9.0,"key":"Tiny Chest"},{"floor":9.0,"key":"Bottled Tornado"},{"floor":14.0,"key":"Whetstone"},{"floor":14.0,"key":"Pantograph"},{"floor":24.0,"key":"Bird Faced Urn"},{"floor":27.0,"key":"Regal Pillow"},{"floor":41.0,"key":"Centennial Puzzle"},{"floor":43.0,"key":"The Courier"},{"floor":45.0,"key":"Nunchaku"},{"floor":54,"key":"Lantern"}],"event_choices":[{"cards_removed":["Strike_B"],"damage_healed":0.0,"max_hp_gain":0.0,"max_hp_loss":0.0,"gold_gain":0.0,"event_name":"The Cleric","player_choice":"Card Removal","floor":4.0,"gold_loss":50.0,"damage_taken":0.0},{"damage_healed":0.0,"max_hp_gain":0.0,"max_hp_loss":0.0,"gold_gain":0.0,"event_name":"Golden Idol","player_choice":"Take Damage","floor":5.0,"gold_loss":0.0,"damage_taken":18.0,"relics_obtained":["Golden Idol"]},{"cards_removed":["Strike_B"],"damage_healed":0.0,"max_hp_gain":0.0,"max_hp_loss":0.0,"gold_gain":0.0,"event_name":"Living Wall","player_choice":"Forget","floor":13.0,"gold_loss":0.0,"damage_taken":0.0},{"cards_removed":["Strike_B"],"damage_healed":0.0,"max_hp_gain":0.0,"max_hp_loss":0.0,"gold_gain":0.0,"event_name":"Beggar","player_choice":"Gave Gold","floor":31.0,"gold_loss":75.0,"damage_taken":0.0},{"damage_healed":0.0,"max_hp_gain":0.0,"max_hp_loss":0.0,"gold_gain":0.0,"event_name":"SensoryStone","player_choice":"Memory 3","floor":37.0,"gold_loss":0.0,"damage_taken":10.0},{"damage_healed":0.0,"max_hp_gain":0.0,"max_hp_loss":0.0,"gold_gain":0.0,"event_name":"Mysterious Sphere","player_choice":"Fight","floor":45.0,"gold_loss":0.0,"damage_taken":0.0}],"is_beta":true,"boss_relics":[{"not_picked":["Orrery","Calling Bell"],"picked":"Runic Pyramid"},{"not_picked":["Pandora\u0027s Box","Tiny House"],"picked":"Philosopher\u0027s Stone"}],"items_purged_floors":[21,38,47],"is_endless":false,"potions_floor_spawned":[1,10,11,19,22,24,28,39,41,46,48],"ascension_level":5}