{"gold_per_floor":[215,234,253,144,157,157,157,157,157,157,170,189,189,207,207,304,304,321,321,221,233,252,252,167,167,167,167,42,54,70,30,30,30],"floor_reached":33,"playtime":4865,"items_purged":["Strike_B","Defend_B","Strike_B"],"score":239,"play_id":"99e99c1c-adc7-43fa-8545-c827fb68c965","local_time":"20190226205547","is_ascension_mode":false,"campfire_choices":[{"data":"Coolheaded","floor":6.0,"key":"SMITH"},{"data":"Zap","floor":10.0,"key":"SMITH"},{"floor":15.0,"key":"REST"},{"floor":23.0,"key":"REST"},{"floor":25.0,"key":"REST"},{"floor":32.0,"key":"REST"}],"neow_cost":"NONE","seed_source_timestamp":0,"circlet_count":0,"master_deck":["Strike_B","Strike_B","Defend_B","Defend_B","Defend_B","Zap+1","Dualcast","Coolheaded+1","Steam","Capacitor","Coolheaded","Beam Cell","Steam","Electrodynamics","Leap+1","Leap+1","Coolheaded","Conserve Battery+1","Self Repair"],"special_seed":0,"relics":["Cracked Core","Centennial Puzzle","Lizard Tail","Gremlin Horn","Ice Cream"],"potions_floor_usage":[],"damage_taken":[{"damage":7.0,"enemies":"2 Louse","floor":1.0,"turns":3.0},{"damage":1.0,"enemies":"Jaw Worm","floor":2.0,"turns":2.0},{"damage":0.0,"enemies":"Cultist","floor":3.0,"turns":3.0},{"damage":0.0,"enemies":"Looter","floor":5.0,"turns":4.0},{"damage":5.0,"enemies":"Blue Slaver","floor":11.0,"turns":3.0},{"damage":0.0,"enemies":"Exordium Wildlife","floor":12.0,"turns":4.0},{"damage":4.0,"enemies":"Gremlin Gang","floor":14.0,"turns":4.0},{"damage":69.0,"enemies":"Hexaghost","floor":16.0,"turns":16.0},{"damage":10.0,"enemies":"Shell Parasite","floor":18.0,"turns":12.0},{"damage":21.0,"enemies":"3 Byrds","floor":21.0,"turns":3.0},{"damage":28.0,"enemies":"Sentry and Sphere","floor":22.0,"turns":5.0},{"damage":21.0,"enemies":"Chosen and Byrds","floor":29.0,"turns":7.0},{"damage":14.0,"enemies":"Snecko","floor":30.0,"turns":9.0},{"damage":110,"enemies":"Collector","floor":33,"turns":18}],"seed_played":"333642087411890798","potions_obtained":[{"floor":1.0,"key":"Energy Potion"},{"floor":3.0,"key":"PowerPotion"},{"floor":11.0,"key":"Weak Potion"},{"floor":12.0,"key":"Ancient Potion"},{"floor":14.0,"key":"Fruit Juice"},{"floor":18.0,"key":"Poison Potion"},{"floor":21.0,"key":"LiquidBronze"}],"is_trial":false,"path_per_floor":["M","M","M","$","M","R","?","?","T","R","M","M","?","M","R","B",null,"M","?","$","M","M","R","?","R","T","?","$","M","M","$","R","B"],"character_chosen":"DEFECT","items_purchased":["Capacitor","Self Repair"],"campfire_rested":4,"item_purchase_floors":[4,31],"current_hp_per_floor":[68,67,67,67,67,67,67,67,67,67,62,62,62,63,80,11,80,70,70,70,49,21,45,45,69,69,69,69,48,34,34,58,0],"gold":30,"neow_bonus":"HUNDRED_GOLD","is_prod":false,"is_daily":false,"chose_seed":false,"campfire_upgraded":2,"win_rate":0.0,"timestamp":1551232547,"path_taken":["M","M","M","$","M","R","?","?","T","R","M","M","?","M","R","BOSS","M","?","$","M","?","R","?","R","T","?","?","M","M","$","R","BOSS"],"build_version":"2019-01-23","purchased_purges":3,"victory":false,"max_hp_per_floor":[75,75,75,75,75,75,75,75,75,75,75,75,75,80,80,80,80,80,80,80,80,80,80,80,80,80,80,80,80,80,80,80,80],"card_choices":[{"not_picked":["Chill","Leap","Loop"],"picked":"SKIP","floor":1.0},{"not_picked":["Doom and Gloom","Streamline"],"picked":"Coolheaded","floor":2.0},{"not_picked":["Leap","Heatsinks"],"picked":"Steam","floor":3.0},{"not_picked":["Chill","Barrage","Leap"],"picked":"SKIP","floor":5.0},{"not_picked":["Chaos","Loop"],"picked":"Coolheaded","floor":11.0},{"not_picked":["Aggregate","Steam"],"picked":"Beam Cell","floor":12.0},{"not_picked":["Aggregate","Doom and Gloom"],"picked":"Steam","floor":14.0},{"not_picked":["Amplify","Fission"],"picked":"Electrodynamics","floor":16.0},{"not_picked":["Turbo","Cold Snap","Compile Driver"],"picked":"SKIP","floor":18.0},{"not_picked":["Hello World","Gash"],"picked":"Leap+1","floor":21.0},{"not_picked":["Steam","Go for the Eyes+1"],"picked":"Leap+1","floor":22.0},{"not_picked":["Cold Snap","White Noise"],"picked":"Coolheaded","floor":29.0},{"not_picked":["Auto Shields","Barrage"],"picked":"Conserve Battery+1","floor":30.0}],"player_experience":179930,"relics_obtained":[{"floor":9.0,"key":"Centennial Puzzle"},{"floor":26.0,"key":"Ice Cream"}],"event_choices":[{"damage_healed":0.0,"max_hp_gain":0.0,"max_hp_loss":0.0,"gold_gain":0.0,"event_name":"Scrap Ooze","player_choice":"Fled","floor":7.0,"gold_loss":0.0,"damage_taken":0.0},{"damage_healed":0.0,"max_hp_gain":0.0,"max_hp_loss":0.0,"gold_gain":0.0,"event_name":"Shining Light","player_choice":"Ignored","floor":8.0,"gold_loss":0.0,"damage_taken":0.0},{"damage_healed":0.0,"max_hp_gain":0.0,"max_hp_loss":0.0,"gold_gain":0.0,"event_name":"Liars Game","player_choice":"Ignored","floor":13.0,"gold_loss":0.0,"damage_taken":0.0},{"damage_healed":0.0,"max_hp_gain":0.0,"max_hp_loss":0.0,"gold_gain":0.0,"event_name":"N\u0027loth","player_choice":"Ignored","floor":19.0,"gold_loss":0.0,"damage_taken":0.0},{"damage_healed":0.0,"max_hp_gain":0.0,"max_hp_loss":0.0,"gold_gain":0.0,"event_name":"Addict","player_choice":"Obtained Relic","floor":24.0,"gold_loss":85.0,"damage_taken":0.0,"relics_obtained":["Gremlin Horn"]},{"damage_healed":0.0,"max_hp_gain":0.0,"max_hp_loss":0.0,"gold_gain":0.0,"event_name":"Ghosts","player_choice":"Ignored","floor":27.0,"gold_loss":0.0,"damage_taken":0.0}],"is_beta":false,"boss_relics":[{"not_picked":["Sozu","Runic Dome"],"picked":"Lizard Tail"}],"items_purged_floors":[4,20,28],"is_endless":false,"potions_floor_spawned":[1,3,11,12,14,18,21],"killed_by":"Collector","ascension_level":0}