{"gold_per_floor":[115,115,65,85,85,103,126,167,167,210,288,288],"floor_reached":12,"playtime":606,"items_purged":[],"score":101,"play_id":"e5aee881-a4fa-430e-bf36-69bc5854fe8c","local_time":"20190127232241","is_ascension_mode":true,"campfire_choices":[],"neow_cost":"NONE","seed_source_timestamp":26791620327198,"circlet_count":0,"master_deck":["Strike_R","Strike_R","Strike_R","Defend_R","Defend_R","Defend_R","Defend_R","Bash","Demon Form","Heavy Blade","Cleave","Inflame","Intimidate","Anger"],"relics":["Burning Blood","Golden Idol","Dodecahedron","Paper Frog","Bottled Lightning"],"potions_floor_usage":[12],"damage_taken":[{"damage":4,"enemies":"2 Louse","floor":1,"turns":3},{"damage":5,"enemies":"Small Slimes","floor":4,"turns":5},{"damage":6,"enemies":"Jaw Worm","floor":6,"turns":7},{"damage":12,"enemies":"Exordium Thugs","floor":7,"turns":7},{"damage":32,"enemies":"Gremlin Nob","floor":8,"turns":4},{"damage":30,"enemies":"Lagavulin","floor":10,"turns":5},{"damage":10,"enemies":"3 Sentries","floor":12,"turns":3}],"seed_played":"750405510502250343","potions_obtained":[{"floor":7,"key":"SpeedPotion"}],"is_trial":false,"path_per_floor":["?","?","?","?"],"character_chosen":"IRONCLAD","items_purchased":[],"campfire_rested":0,"item_purchase_floors":[],"current_hp_per_floor":[80,60,60,61,66,66,60,34,34,10,10,0],"gold":288,"neow_bonus":"TRANSFORM_CARD","is_prod":false,"is_daily":false,"chose_seed":false,"campfire_upgraded":0,"win_rate":0,"timestamp":1548602561,"path_taken":["M","?","?","M","?","M","M","E","T","E","?","E"],"build_version":"2019-01-23","purchased_purges":0,"victory":false,"max_hp_per_floor":[80,80,80,80,85,85,85,85,85,85,85,85],"card_choices":[{"not_picked":["Clash","Armaments","Corruption"],"picked":"SKIP","floor":1},{"not_picked":["Warcry","True Grit"],"picked":"Heavy Blade","floor":4},{"not_picked":["Flame Barrier","Body Slam"],"picked":"Cleave","floor":6},{"not_picked":["Perfected Strike","Anger"],"picked":"Inflame","floor":7},{"not_picked":["Uppercut","Wild Strike"],"picked":"Intimidate","floor":8},{"not_picked":["Armaments","Immolate"],"picked":"Anger","floor":10}],"player_experience":66324,"relics_obtained":[{"floor":8,"key":"Dodecahedron"},{"floor":9,"key":"Paper Frog"},{"floor":10,"key":"Bottled Lightning"}],"event_choices":[{"damage_healed":0,"gold_gain":0,"player_choice":"Take Damage","damage_taken":20,"relics_obtained":["Golden Idol"],"max_hp_gain":0,"max_hp_loss":0,"event_name":"Golden Idol","floor":2,"gold_loss":0},{"cards_removed":["Strike_R"],"damage_healed":0,"gold_gain":0,"player_choice":"Card Removal","damage_taken":0,"max_hp_gain":0,"max_hp_loss":0,"event_name":"The Cleric","floor":3,"gold_loss":50},{"damage_healed":0,"gold_gain":0,"player_choice":"Donut","damage_taken":0,"max_hp_gain":5,"max_hp_loss":0,"event_name":"Big Fish","floor":5,"gold_loss":0},{"damage_healed":0,"gold_gain":78,"player_choice":"Gained Gold","damage_taken":0,"max_hp_gain":0,"max_hp_loss":0,"event_name":"Golden Wing","floor":11,"gold_loss":0}],"is_beta":false,"boss_relics":[],"items_purged_floors":[],"is_endless":false,"potions_floor_spawned":[7],"killed_by":"3 Sentries","ascension_level":3}