{"path_per_floor":["M","M","?","M","?","R","M","T","T","R","E","M","$","M","R","B",null,"M","?","M","?","$","R","E","M","T","R","M","?","E","$","R","B",null,"M","?","M","?","?","R","E","R","T","$","E","M","M","$","R","B"],"character_chosen":"THE_SILENT","items_purchased":["Snake Skull","Footwork","Poisoned Stab","Envenom","Block Potion","Thread and Needle"],"gold_per_floor":[113,124,124,139,139,139,155,155,179,179,212,223,33,52,52,155,155,173,173,188,188,165,165,200,210,237,237,250,200,235,6,6,102,102,121,0,12,12,12,12,39,39,62,10,339,356,366,80,80,80],"floor_reached":51,"campfire_rested":6,"playtime":3918,"current_hp_per_floor":[70,70,63,63,38,59,57,57,57,57,48,39,39,39,60,57,70,64,64,29,29,29,50,34,31,31,52,52,52,44,44,44,43,70,69,69,62,62,53,63,39,70,70,70,70,38,44,44,70,13],"items_purged":["Survivor"],"gold":80,"score":793,"play_id":"a2d467d9-8144-43f3-870a-b8d5b43a73c7","local_time":"20180416161257","is_prod":false,"is_daily":false,"chose_seed":false,"is_ascension_mode":false,"campfire_upgraded":3,"timestamp":1523909577,"path_taken":["M","M","?","?","?","R","M","?","T","R","E","M","?","M","R","BOSS","M","?","M","?","$","R","E","?","T","R","M","?","E","$","R","BOSS","M","?","M","?","?","R","E","R","T","$","E","M","M","$","R","BOSS"],"build_version":"2018-04-12","seed_source_timestamp":485768639225864,"purchased_purges":2,"victory":true,"master_deck":["Defend_G+1","Defend_G+1","Defend_G+1","Defend_G+1","Defend_G+1","Strike_G+1","Strike_G+1","Strike_G+1","Neutralize+1","Catalyst","Dagger Spray","Noxious Fumes+1","Distraction","Corpse Explosion+1","Bouncing Flask","Footwork","Deflect","Die Die Die","Bouncing Flask+1","Poisoned Stab","Caltrops","Backstab","Prepared","Envenom","Adrenaline","Caltrops","Noxious Fumes","Madness","Madness","After Image","Bane","Masterful Stab+1"],"max_hp_per_floor":[70,70,70,70,70,70,70,70,70,70,70,70,70,70,70,70,70,70,70,70,70,70,70,70,70,70,70,70,70,70,70,70,70,70,70,70,70,70,70,70,70,70,70,70,70,70,70,70,70,70],"relics":["Ring of the Snake","Pen Nib","Mummified Hand","Anchor","Prayer Wheel","Snake Skull","Black Star","Ancient Tea Set","Bag of Marbles","Juzu Bracelet","Meat on the Bone","Letter Opener","Eternal Feather","Red Mask","Ornamental Fan","Bottled Lightning","Lantern","Peace Pipe","Old Coin","Thread and Needle"],"card_choices":[{"not_picked":["Malaise","Calculated Gamble"],"picked":"Catalyst","floor":1},{"not_picked":["Slice","Terror"],"picked":"Dagger Spray","floor":2},{"not_picked":["Prepared","Deflect"],"picked":"Noxious Fumes","floor":4},{"not_picked":["Dodge and Roll","Quick Slash"],"picked":"Distraction","floor":7},{"not_picked":["Quick Slash","Acrobatics"],"picked":"Corpse Explosion","floor":11},{"not_picked":["Backflip","Underhanded Strike"],"picked":"Bouncing Flask","floor":12},{"not_picked":["Slice","Masterful Stab"],"picked":"Deflect","floor":14},{"not_picked":["Venomology","Tactician"],"picked":"Die Die Die","floor":16},{"not_picked":["Outmaneuver","Dagger Spray"],"picked":"Bouncing Flask","floor":18},{"not_picked":["Malaise","Dodge and Roll"],"picked":"Caltrops","floor":24},{"not_picked":["Sucker Punch","Backflip"],"picked":"Backstab","floor":28},{"not_picked":["Dagger Spray","Die Die Die"],"picked":"Prepared","floor":30},{"not_picked":["A Thousand Cuts","Envenom"],"picked":"Adrenaline","floor":33},{"not_picked":["Dodge and Roll","Masterful Stab"],"picked":"Caltrops","floor":35},{"not_picked":["Blur","Underhanded Strike"],"picked":"Noxious Fumes","floor":37},{"not_picked":["Outmaneuver","Sucker Punch"],"picked":"After Image","floor":41},{"not_picked":["Leg Sweep","Underhanded Strike"],"picked":"Bane","floor":45},{"not_picked":["Flying Knee","Deflect"],"picked":"Masterful Stab","floor":46}],"player_experience":18796,"potions_floor_usage":[16,18,25,33,41,41,46,50,50,50],"damage_taken":[{"damage":0,"enemies":"Cultist","floor":1,"turns":4},{"damage":0,"enemies":"Small Slimes","floor":2,"turns":4},{"damage":0,"enemies":"2 Louse","floor":4,"turns":3},{"damage":2,"enemies":"Looter","floor":7,"turns":5},{"damage":9,"enemies":"3 Sentries","floor":11,"turns":6},{"damage":9,"enemies":"Red Slaver","floor":12,"turns":5},{"damage":0,"enemies":"Blue Slaver","floor":14,"turns":3},{"damage":3,"enemies":"The Guardian","floor":16,"turns":8},{"damage":6,"enemies":"Shell Parasite","floor":18,"turns":7},{"damage":35,"enemies":"3 Byrds","floor":20,"turns":4},{"damage":16,"enemies":"Book of Stabbing","floor":24,"turns":6},{"damage":15,"enemies":"Cultist and Chosen","floor":25,"turns":4},{"damage":0,"enemies":"3 Cultists","floor":28,"turns":1},{"damage":8,"enemies":"Gremlin Leader","floor":30,"turns":6},{"damage":13,"enemies":"Champ","floor":33,"turns":7},{"damage":1,"enemies":"Orb Walker","floor":35,"turns":2},{"damage":7,"enemies":"3 Darklings","floor":37,"turns":4},{"damage":24,"enemies":"2 Orb Walkers","floor":41,"turns":4},{"damage":0,"enemies":"Giant Head","floor":45,"turns":1},{"damage":32,"enemies":"Maw","floor":46,"turns":7},{"damage":6,"enemies":"Sphere and 2 Shapes","floor":47,"turns":4},{"damage":69,"enemies":"Time Eater","floor":50,"turns":10}],"event_choices":[{"event_name":"Golden Wing","player_choice":"Card Removal","floor":3,"damage_taken":0},{"event_name":"Scrap Ooze","player_choice":"success","floor":5,"damage_taken":25},{"event_name":"Match and Keep!","player_choice":"0 cards matched","floor":19,"damage_taken":0},{"event_name":"Back to Basics","player_choice":"Simplicity","floor":21,"damage_taken":0},{"event_name":"The Joust","player_choice":"Bet on Murderer","floor":29,"damage_taken":0},{"event_name":"Tomb of Lord Red Mask","player_choice":"Paid","floor":36,"damage_taken":0},{"event_name":"Winding Halls","player_choice":"Embrace Madness","floor":39,"damage_taken":0}],"boss_relics":[{"not_picked":["Cursed Key","White Beast Statue"],"picked":"Black Star"},{"not_picked":["Calling Bell","Runic Pyramid"],"picked":"Eternal Feather"}],"potions_floor_spawned":[1,4,7,16,24,30,33,41,47],"seed_played":"3245753611071867162","ascension_level":0,"is_trial":false}