{"gold_per_floor":[112,122,122,139,155,155,166,3,3,31,31,51,51,66,66,141,141,152,152,11,30,45,45,80,80,80,80,80,96,96,171,171,245,245,255,155,255,255,76,76,87,114,164,190,190,208,39,51,51,51],"floor_reached":50,"playtime":2454,"items_purged":["Strike_R","Normality"],"score":1059,"play_id":"d5c92387-1126-499b-948a-53d0b24ca0af","local_time":"20190111230659","is_ascension_mode":true,"campfire_choices":[{"data":"Body Slam","floor":6.0,"key":"SMITH"},{"data":"Uppercut","floor":11.0,"key":"SMITH"},{"data":"Rampage","floor":13.0,"key":"SMITH"},{"data":"Battle Trance","floor":15.0,"key":"SMITH"},{"data":"Corruption","floor":23.0,"key":"SMITH"},{"floor":28.0,"key":"REST"},{"data":"Entrench","floor":30.0,"key":"SMITH"},{"data":"Double Tap","floor":32.0,"key":"SMITH"},{"data":"Impervious","floor":40.0,"key":"SMITH"},{"floor":45.0,"key":"REST"},{"floor":49,"key":"REST"}],"neow_cost":"TEN_PERCENT_HP_LOSS","seed_source_timestamp":31660456969947,"circlet_count":0,"master_deck":["AscendersBane","Strike_R","Strike_R","Defend_R","Defend_R","Defend_R","Bash","Ghostly Armor","Battle Trance+1","Body Slam+1","Uppercut+1","Impervious+1","Rampage+1","Double Tap+1","Brutality","Rupture","Shrug It Off","Entrench+1","Corruption+1","Immolate","Dual Wield+1","Barricade","Shrug It Off","Master of Strategy+1","Body Slam","Shockwave","Writhe","Flame Barrier","Feel No Pain","Fiend Fire"],"special_seed":0,"relics":["Burning Blood","Ornamental Fan","Kunai","Dream Catcher","Odd Mushroom","Cursed Key","Red Skull","Pen Nib","Self Forming Clay","Runic Dome","Turnip","Strawberry","War Paint","Centennial Puzzle"],"potions_floor_usage":[48,48],"damage_taken":[{"damage":7.0,"enemies":"Small Slimes","floor":1.0,"turns":4.0},{"damage":12.0,"enemies":"Jaw Worm","floor":2.0,"turns":4.0},{"damage":1.0,"enemies":"Cultist","floor":4.0,"turns":4.0},{"damage":4.0,"enemies":"Blue Slaver","floor":5.0,"turns":6.0},{"damage":3.0,"enemies":"3 Louse","floor":7.0,"turns":5.0},{"damage":10.0,"enemies":"Lagavulin","floor":10.0,"turns":5.0},{"damage":18.0,"enemies":"The Mushroom Lair","floor":12.0,"turns":4.0},{"damage":1.0,"enemies":"Looter","floor":14.0,"turns":2.0},{"damage":41.0,"enemies":"Slime Boss","floor":16.0,"turns":10.0},{"damage":2.0,"enemies":"3 Byrds","floor":18.0,"turns":6.0},{"damage":18.0,"enemies":"2 Thieves","floor":21.0,"turns":3.0},{"damage":19.0,"enemies":"Snake Plant","floor":22.0,"turns":5.0},{"damage":26.0,"enemies":"Book of Stabbing","floor":24.0,"turns":5.0},{"damage":0.0,"enemies":"Colosseum Slavers","floor":25.0,"turns":2.0},{"damage":11.0,"enemies":"3 Cultists","floor":29.0,"turns":5.0},{"damage":35.0,"enemies":"Champ","floor":33.0,"turns":8.0},{"damage":7.0,"enemies":"3 Shapes","floor":35.0,"turns":4.0},{"damage":2.0,"enemies":"Mind Bloom Boss Battle","floor":37.0,"turns":4.0},{"damage":0.0,"enemies":"3 Darklings","floor":41.0,"turns":5.0},{"damage":15.0,"enemies":"Giant Head","floor":42.0,"turns":6.0},{"damage":32.0,"enemies":"Reptomancer","floor":44.0,"turns":5.0},{"damage":26,"enemies":"Maw","floor":46,"turns":6},{"damage":33,"enemies":"Transient","floor":48,"turns":4},{"damage":59,"enemies":"Donu and Deca","floor":50,"turns":5}],"seed_played":"8362888413147658250","potions_obtained":[{"floor":1.0,"key":"Fruit Juice"},{"floor":2.0,"key":"Block Potion"},{"floor":5.0,"key":"SteroidPotion"},{"floor":10.0,"key":"BloodPotion"},{"floor":16.0,"key":"Weak Potion"},{"floor":24.0,"key":"Explosive Potion"},{"floor":33.0,"key":"EssenceOfSteel"},{"floor":35.0,"key":"Dexterity Potion"},{"floor":44.0,"key":"SpeedPotion"},{"floor":46,"key":"Regen Potion"}],"is_trial":false,"path_per_floor":["M","M","?","M","M","R","M","$","T","E","R","?","R","M","R","B",null,"M","?","$","M","M","R","E","?","T","?","R","M","R","T","R","B",null,"M","$","?","?","$","R","M","E","T","E","R","M","$","M","R","B"],"character_chosen":"IRONCLAD","items_purchased":["Impervious","Rupture","Shrug It Off","Master of Strategy","Feel No Pain","Fiend Fire"],"campfire_rested":3,"item_purchase_floors":[8,20,20,39,47,47],"current_hp_per_floor":[67,61,56,61,63,63,66,66,66,62,62,50,50,55,55,25,61,65,65,65,53,40,40,20,33,33,33,54,49,49,49,49,20,60,59,59,63,63,63,63,69,67,67,41,65,45,45,30,54,0],"gold":51,"neow_bonus":"REMOVE_TWO","is_prod":false,"is_daily":false,"chose_seed":false,"campfire_upgraded":8,"win_rate":0,"timestamp":1547244419,"path_taken":["M","M","?","M","M","R","M","?","T","E","R","?","R","M","R","BOSS","M","?","$","?","M","R","E","?","T","?","R","M","R","?","R","BOSS","M","$","?","?","$","R","M","E","T","E","R","?","?","M","R","BOSS"],"build_version":"2019-01-10","purchased_purges":2,"victory":false,"max_hp_per_floor":[68,68,68,68,68,68,68,68,68,68,68,68,68,68,68,73,73,73,73,73,73,73,73,73,73,73,73,73,73,73,73,73,73,73,73,73,73,73,73,73,73,80,80,80,80,80,80,80,80,80],"card_choices":[{"not_picked":["Warcry","Flex"],"picked":"Ghostly Armor","floor":1.0},{"not_picked":["Second Wind","Fire Breathing"],"picked":"Battle Trance","floor":2.0},{"not_picked":["Cleave","Pommel Strike"],"picked":"Body Slam","floor":4.0},{"not_picked":["Body Slam","Warcry","Reckless Charge"],"picked":"SKIP","floor":5.0},{"not_picked":["Intimidate","Sword Boomerang"],"picked":"Uppercut","floor":7.0},{"not_picked":["Body Slam","Blood for Blood"],"picked":"Rampage","floor":10.0},{"not_picked":["Warcry","Sword Boomerang","Clothesline"],"picked":"SKIP","floor":14.0},{"not_picked":["Reaper","Limit Break"],"picked":"Double Tap","floor":16.0},{"not_picked":["Warcry","Seeing Red","Dropkick"],"picked":"SKIP","floor":18.0},{"not_picked":["Anger","Headbutt"],"picked":"Entrench","floor":21.0},{"not_picked":["Perfected Strike","Intimidate"],"picked":"Corruption","floor":22.0},{"not_picked":["Metallicize","Cleave"],"picked":"Immolate","floor":24.0},{"not_picked":["Shrug It Off","Headbutt+1"],"picked":"Dual Wield","floor":29.0},{"not_picked":["Brutality","Offering"],"picked":"Barricade","floor":33.0},{"not_picked":["Body Slam","Sever Soul"],"picked":"Shrug It Off","floor":35.0},{"not_picked":["Carnage","Inflame"],"picked":"Body Slam","floor":41.0},{"not_picked":["Flex","Feed"],"picked":"Shockwave","floor":42.0},{"not_picked":["Power Through","Thunderclap+1"],"picked":"Flame Barrier","floor":44.0},{"not_picked":["Spot Weakness","Flex","Second Wind"],"picked":"SKIP","floor":46},{"not_picked":["Body Slam","Shockwave","Power Through+1"],"picked":"SKIP","floor":48}],"player_experience":856923,"relics_obtained":[{"floor":9.0,"key":"Kunai"},{"floor":10.0,"key":"Dream Catcher"},{"floor":12.0,"key":"Odd Mushroom"},{"floor":24.0,"key":"Red Skull"},{"floor":26.0,"key":"Pen Nib"},{"floor":31.0,"key":"Self Forming Clay"},{"floor":37.0,"key":"Turnip"},{"floor":42.0,"key":"Strawberry"},{"floor":43.0,"key":"War Paint"},{"floor":44.0,"key":"Centennial Puzzle"}],"event_choices":[{"damage_healed":0.0,"max_hp_gain":0.0,"max_hp_loss":0.0,"gold_gain":0.0,"event_name":"Scrap Ooze","player_choice":"Success","floor":3.0,"gold_loss":0.0,"damage_taken":5.0,"relics_obtained":["Ornamental Fan"]},{"damage_healed":0.0,"max_hp_gain":0.0,"max_hp_loss":0.0,"gold_gain":0.0,"event_name":"Mushrooms","player_choice":"Fought Mushrooms","floor":12.0,"gold_loss":0.0,"damage_taken":0.0},{"damage_healed":0.0,"max_hp_gain":0.0,"max_hp_loss":0.0,"gold_gain":0.0,"cards_transformed":["Strike_R"],"event_name":"Transmorgrifier","player_choice":"Transformed","floor":19.0,"gold_loss":0.0,"damage_taken":0.0,"cards_obtained":["Brutality"]},{"damage_healed":0.0,"max_hp_gain":0.0,"max_hp_loss":0.0,"gold_gain":0.0,"event_name":"Colosseum","player_choice":"Fight","floor":25.0,"gold_loss":0.0,"damage_taken":0.0},{"damage_healed":0.0,"max_hp_gain":0.0,"max_hp_loss":0.0,"gold_gain":0.0,"event_name":"Colosseum","player_choice":"Fled From Nobs","floor":25.0,"gold_loss":0.0,"damage_taken":0.0},{"damage_healed":0.0,"max_hp_gain":0.0,"max_hp_loss":0.0,"gold_gain":0.0,"event_name":"Forgotten Altar","player_choice":"Smashed Altar","floor":27.0,"gold_loss":0.0,"damage_taken":0.0,"cards_obtained":["Decay"]},{"damage_healed":0.0,"max_hp_gain":0.0,"max_hp_loss":0.0,"gold_gain":0.0,"event_name":"MindBloom","player_choice":"Fight","floor":37.0,"gold_loss":0.0,"damage_taken":0.0},{"cards_removed":["Writhe","Decay"],"damage_healed":0.0,"max_hp_gain":0.0,"max_hp_loss":0.0,"gold_gain":0.0,"event_name":"Fountain of Cleansing","player_choice":"Removed Curses","floor":38.0,"gold_loss":0.0,"damage_taken":0.0}],"is_beta":false,"boss_relics":[{"not_picked":["Velvet Choker","Orrery"],"picked":"Cursed Key"},{"not_picked":["White Beast Statue","Tiny House"],"picked":"Runic Dome"}],"items_purged_floors":[8,36],"is_endless":false,"potions_floor_spawned":[1,2,5,10,12,16,24,25,33,35,41,44,46],"killed_by":"Donu and Deca","ascension_level":19}