{"gold_per_floor":[110,122,133,58,70,70,101,120,120,120,120,146,146,175,175,175],"floor_reached":16,"playtime":1480,"items_purged":["Strike_R"],"score":116,"play_id":"d4fa213e-97ae-491e-81be-5da589eb5554","local_time":"20190127161400","is_ascension_mode":true,"campfire_choices":[{"floor":6.0,"key":"REST"},{"data":"Seeing Red","floor":10.0,"key":"SMITH"},{"floor":15,"key":"REST"}],"neow_cost":"PERCENT_DAMAGE","seed_source_timestamp":0,"circlet_count":0,"master_deck":["Strike_R","Strike_R","Defend_R","Defend_R","Defend_R","Bash","Seeing Red+1","Feel No Pain+1"],"special_seed":0,"relics":["Burning Blood","WingedGreaves","Frozen Egg 2","Juzu Bracelet","Darkstone Periapt"],"potions_floor_usage":[16],"damage_taken":[{"damage":2.0,"enemies":"Cultist","floor":1.0,"turns":6.0},{"damage":13.0,"enemies":"Jaw Worm","floor":2.0,"turns":7.0},{"damage":2.0,"enemies":"2 Louse","floor":3.0,"turns":4.0},{"damage":7.0,"enemies":"Exordium Wildlife","floor":5.0,"turns":9.0},{"damage":28.0,"enemies":"3 Sentries","floor":7.0,"turns":18.0},{"damage":4.0,"enemies":"Large Slime","floor":8.0,"turns":7.0},{"damage":28,"enemies":"Gremlin Nob","floor":14,"turns":5},{"damage":58,"enemies":"Hexaghost","floor":16,"turns":11}],"seed_played":"5623491926454871136","potions_obtained":[{"floor":1.0,"key":"SpeedPotion"},{"floor":2.0,"key":"EssenceOfSteel"},{"floor":8.0,"key":"SpeedPotion"}],"is_trial":false,"path_per_floor":["M","?","T","?"],"character_chosen":"IRONCLAD","items_purchased":[],"campfire_rested":2,"item_purchase_floors":[],"current_hp_per_floor":[60,53,57,57,56,80,58,60,60,60,60,60,53,31,55,0],"gold":175,"neow_bonus":"REMOVE_TWO","is_prod":false,"is_daily":false,"chose_seed":false,"campfire_upgraded":1,"win_rate":0,"timestamp":1548576840,"path_taken":["M","?","M","$","M","R","E","M","T","R","?","?","?","E","R","BOSS"],"build_version":"2019-01-23","purchased_purges":1,"victory":false,"max_hp_per_floor":[80,80,80,80,80,80,80,80,80,80,80,80,80,80,80,80],"card_choices":[{"not_picked":["Rage","Havoc","Armaments"],"picked":"SKIP","floor":1.0},{"not_picked":["Flame Barrier","Anger","Heavy Blade"],"picked":"SKIP","floor":2.0},{"not_picked":["Pommel Strike","Havoc","Perfected Strike"],"picked":"SKIP","floor":3.0},{"not_picked":["Inflame","Bloodletting","Clash"],"picked":"SKIP","floor":5.0},{"not_picked":["Headbutt","Uppercut","Fiend Fire"],"picked":"SKIP","floor":7.0},{"not_picked":["Cleave","Iron Wave"],"picked":"Seeing Red","floor":8.0},{"not_picked":["Intimidate","Shockwave"],"picked":"Feel No Pain+1","floor":14}],"player_experience":42978,"relics_obtained":[{"floor":7.0,"key":"WingedGreaves"},{"floor":9.0,"key":"Frozen Egg 2"},{"floor":12,"key":"Juzu Bracelet"},{"floor":14,"key":"Darkstone Periapt"}],"event_choices":[{"damage_healed":0,"gold_gain":0,"player_choice":"Searched \u00271\u0027 times","damage_taken":0,"max_hp_gain":0,"max_hp_loss":0,"event_name":"Dead Adventurer","floor":11,"gold_loss":0},{"cards_removed":["Defend_R"],"damage_healed":0,"gold_gain":0,"player_choice":"Card Removal","damage_taken":7,"max_hp_gain":0,"max_hp_loss":0,"event_name":"Golden Wing","floor":13,"gold_loss":0}],"is_beta":false,"boss_relics":[],"items_purged_floors":[4],"is_endless":false,"potions_floor_spawned":[1,2,8],"killed_by":"Hexaghost","ascension_level":1}