{"gold_per_floor":[109,125,135,135,135,135,53,88,115,133,103,119,119,130,130,225,225,244,244,261,278,278,278],"floor_reached":23,"playtime":905,"items_purged":[],"score":309,"play_id":"711eeb25-257b-41fc-b9c5-dd63d566887e","local_time":"20190128110226","is_ascension_mode":true,"campfire_choices":[{"data":"Footwork","floor":6,"key":"SMITH"},{"data":"Deadly Poison","floor":15,"key":"SMITH"}],"neow_cost":"NONE","seed_source_timestamp":165174684677368,"circlet_count":0,"master_deck":["AscendersBane","Defend_G+1","Defend_G","Defend_G","Strike_G","Strike_G","Strike_G","Strike_G","Survivor+1","Neutralize","Deadly Poison+1","Footwork+1","Accuracy","Well Laid Plans","Venomology+1","Backstab","Backflip","PiercingWail","A Thousand Cuts","Unload+1","Backflip+1","Corpse Explosion+1","Terror","Setup","Backflip+1","Crippling Poison"],"relics":["Ring of the Snake","NeowsBlessing","War Paint","Anchor","Pen Nib","Astrolabe"],"potions_floor_usage":[8,10,12,14,16,18,20,21,21,23],"damage_taken":[{"damage":0,"enemies":"Cultist","floor":1,"turns":1},{"damage":0,"enemies":"Small Slimes","floor":2,"turns":1},{"damage":0,"enemies":"Jaw Worm","floor":3,"turns":1},{"damage":12,"enemies":"Lagavulin","floor":8,"turns":9},{"damage":0,"enemies":"3 Louse","floor":10,"turns":6},{"damage":0,"enemies":"Exordium Wildlife","floor":12,"turns":3},{"damage":0,"enemies":"Red Slaver","floor":14,"turns":4},{"damage":5,"enemies":"The Guardian","floor":16,"turns":13},{"damage":3,"enemies":"2 Thieves","floor":18,"turns":3},{"damage":4,"enemies":"3 Byrds","floor":20,"turns":4},{"damage":0,"enemies":"3 Cultists","floor":21,"turns":4},{"damage":38,"enemies":"Book of Stabbing","floor":23,"turns":5}],"seed_played":"-2082874086487779743","potions_obtained":[{"floor":2,"key":"PowerPotion"},{"floor":12,"key":"FearPotion"},{"floor":18,"key":"EssenceOfSteel"},{"floor":20,"key":"Block Potion"}],"is_trial":false,"path_per_floor":["M","M","M","?","?","R","$","E","T","M","?","M","?","M","R","B",null,"M","?","M","M","?","E"],"character_chosen":"THE_SILENT","items_purchased":["Well Laid Plans"],"campfire_rested":0,"item_purchase_floors":[7],"current_hp_per_floor":[63,63,63,63,38,38,38,26,26,26,26,26,26,26,26,21,58,55,55,51,51,51,25],"gold":278,"neow_bonus":"THREE_ENEMY_KILL","is_prod":false,"is_daily":false,"chose_seed":false,"campfire_upgraded":2,"win_rate":0,"timestamp":1548669746,"path_taken":["M","?","M","?","?","R","$","E","T","M","?","M","?","?","R","BOSS","M","?","M","M","?","E"],"build_version":"2019-01-23","purchased_purges":0,"victory":false,"max_hp_per_floor":[70,70,70,70,70,70,70,70,70,70,70,70,70,70,70,70,70,70,70,70,70,70,70],"card_choices":[{"not_picked":["Slice","Poisoned Stab"],"picked":"Deadly Poison","floor":1},{"not_picked":["Endless Agony","Dagger Throw"],"picked":"Footwork","floor":2},{"not_picked":["Backflip","Bane"],"picked":"Accuracy","floor":3},{"not_picked":["Concentrate","Cloak And Dagger"],"picked":"Venomology","floor":8},{"not_picked":["Blade Dance","Sucker Punch"],"picked":"Backstab","floor":10},{"not_picked":["Sucker Punch","Dagger Spray"],"picked":"Backflip","floor":12},{"not_picked":["Flying Knee","Outmaneuver"],"picked":"PiercingWail","floor":14},{"not_picked":["Night Terror","Malaise"],"picked":"A Thousand Cuts","floor":16},{"not_picked":["Deflect","Blade Dance"],"picked":"Terror","floor":18},{"not_picked":["Heel Hook","Slice"],"picked":"Setup","floor":20},{"not_picked":["Blade Dance","Expertise"],"picked":"Backflip+1","floor":21}],"player_experience":2070016,"relics_obtained":[{"floor":8,"key":"Anchor"},{"floor":9,"key":"Pen Nib"}],"event_choices":[{"damage_healed":0,"gold_gain":0,"player_choice":"Leave","damage_taken":0,"max_hp_gain":0,"max_hp_loss":0,"event_name":"The Cleric","floor":4,"gold_loss":0},{"damage_healed":0,"gold_gain":0,"player_choice":"Success","damage_taken":25,"relics_obtained":["War Paint"],"max_hp_gain":0,"max_hp_loss":0,"event_name":"Scrap Ooze","floor":5,"gold_loss":0},{"damage_healed":0,"gold_gain":0,"player_choice":"Left Gold","damage_taken":0,"max_hp_gain":0,"max_hp_loss":0,"event_name":"World of Goop","floor":11,"gold_loss":30},{"damage_healed":0,"gold_gain":0,"player_choice":"Upgraded","damage_taken":0,"max_hp_gain":0,"max_hp_loss":0,"event_name":"Upgrade Shrine","floor":13,"gold_loss":0,"cards_upgraded":["Venomology"]},{"damage_healed":0,"gold_gain":0,"player_choice":"Ignored","damage_taken":0,"max_hp_gain":0,"max_hp_loss":0,"event_name":"Beggar","floor":19,"gold_loss":0},{"damage_healed":0,"gold_gain":0,"player_choice":"Read","damage_taken":0,"max_hp_gain":0,"max_hp_loss":0,"event_name":"The Library","floor":22,"gold_loss":0,"cards_obtained":["Crippling Poison"]}],"is_beta":false,"boss_relics":[{"not_picked":["Ectoplasm","Black Star"],"picked":"Astrolabe"}],"items_purged_floors":[],"is_endless":false,"potions_floor_spawned":[2,12,18,20],"killed_by":"Book of Stabbing","ascension_level":12}