{"gold_per_floor":[109,109,119,119,119,119,119,153,229,229,246,273,293,328,328,402,402,415,432,632,643,21,21,38,38,62,62,94,18,43,43],"floor_reached":31,"playtime":3295,"items_purged":[],"score":558,"play_id":"60ea8e0f-2286-421d-9b9a-b3774e768df0","local_time":"20190227120933","is_ascension_mode":true,"campfire_choices":[{"data":"1","floor":6,"key":"LIFT"},{"data":"2","floor":10,"key":"LIFT"},{"floor":15,"key":"REST"},{"floor":23,"key":"REST"},{"floor":25,"key":"REST"},{"floor":27,"key":"REST"}],"neow_cost":"NONE","seed_source_timestamp":1272784725261129,"circlet_count":0,"master_deck":["AscendersBane","Defend_G","Defend_G","Defend_G","Defend_G","Defend_G","Strike_G","Strike_G","Strike_G","Strike_G","Strike_G","Survivor","Neutralize","Leg Sweep","PiercingWail","Dash","Quick Slash","Cloak And Dagger","Caltrops","Footwork","Adrenaline","Dagger Spray","Poisoned Stab","Noxious Fumes","Deadly Poison","Noxious Fumes"],"relics":["Ring of the Serpent","NeowsBlessing","Girya","Art of War","Tiny Chest","Odd Mushroom","Ginger","Chemical X","Blood Vial","Bag of Marbles","Dream Catcher","Du-Vu Doll","Strawberry"],"potions_floor_usage":[16,21,28,28],"damage_taken":[{"damage":0,"enemies":"Cultist","floor":1,"turns":1},{"damage":0,"enemies":"Jaw Worm","floor":3,"turns":1},{"damage":0,"enemies":"Lagavulin","floor":8,"turns":1},{"damage":0,"enemies":"2 Louse","floor":11,"turns":2},{"damage":12,"enemies":"The Mushroom Lair","floor":12,"turns":5},{"damage":7,"enemies":"2 Fungi Beasts","floor":13,"turns":4},{"damage":20,"enemies":"3 Sentries","floor":14,"turns":9},{"damage":7,"enemies":"The Guardian","floor":16,"turns":16},{"damage":17,"enemies":"Spheric Guardian","floor":18,"turns":6},{"damage":5,"enemies":"Shell Parasite","floor":19,"turns":9},{"damage":32,"enemies":"Sentry and Sphere","floor":21,"turns":10},{"damage":26,"enemies":"Shelled Parasite and Fungi","floor":24,"turns":9},{"damage":48,"enemies":"Slavers","floor":28,"turns":7},{"damage":14,"enemies":"Chosen and Byrds","floor":31,"turns":2}],"seed_played":"8121968630343492971","potions_obtained":[{"floor":3,"key":"SteroidPotion"},{"floor":8,"key":"Fire Potion"},{"floor":14,"key":"GhostInAJar"},{"floor":16,"key":"Block Potion"},{"floor":21,"key":"SteroidPotion"},{"floor":24,"key":"Poison Potion"}],"is_trial":false,"path_per_floor":["M","?","M","?","$","R","?","E","T","R","M","?","M","E","R","B",null,"M","M","?","M","$","R","M","R","T","R","E","$","T","M"],"character_chosen":"THE_SILENT","items_purchased":["Noxious Fumes","Chemical X","Blood Vial","Bag of Marbles","Noxious Fumes"],"campfire_rested":4,"item_purchase_floors":[22,22,22,22,29],"current_hp_per_floor":[59,59,59,54,54,54,59,59,59,59,59,47,40,20,41,34,62,45,40,40,8,8,29,5,26,26,47,1,1,8,0],"gold":43,"neow_bonus":"THREE_ENEMY_KILL","is_prod":false,"is_daily":false,"chose_seed":false,"campfire_upgraded":0,"win_rate":0,"timestamp":1551298173,"path_taken":["M","?","M","?","$","R","?","E","T","R","M","?","M","E","R","BOSS","M","M","?","?","$","R","M","R","T","R","E","?","?","M"],"build_version":"2019-01-23","purchased_purges":0,"victory":false,"max_hp_per_floor":[66,66,66,66,66,66,71,71,71,71,71,71,71,71,71,71,71,71,71,71,71,71,71,71,71,71,71,71,71,78,78],"card_choices":[{"not_picked":["Bane","Flying Knee"],"picked":"Leg Sweep","floor":1},{"not_picked":["Bane","Setup"],"picked":"PiercingWail","floor":3},{"not_picked":["Grand Finale","Flying Knee"],"picked":"Dash","floor":8},{"not_picked":["Sucker Punch","Catalyst"],"picked":"Quick Slash","floor":11},{"not_picked":["Outmaneuver","Deflect"],"picked":"Cloak And Dagger","floor":12},{"not_picked":["Slice","Backflip"],"picked":"Caltrops","floor":13},{"not_picked":["Leg Sweep","Envenom"],"picked":"Footwork","floor":14},{"not_picked":["Doppelganger","Phantasmal Killer"],"picked":"Adrenaline","floor":16},{"not_picked":["Prepared","Eviscerate"],"picked":"Dagger Spray","floor":18},{"not_picked":["Sucker Punch","Underhanded Strike","Riddle With Holes"],"picked":"SKIP","floor":19},{"not_picked":["Dagger Spray","Flying Knee"],"picked":"Poisoned Stab","floor":21},{"not_picked":["Eviscerate","Endless Agony","Dagger Throw"],"picked":"SKIP","floor":24},{"not_picked":["Dagger Spray","Escape Plan"],"picked":"Deadly Poison","floor":28}],"player_experience":269279,"relics_obtained":[{"floor":8,"key":"Art of War"},{"floor":9,"key":"Tiny Chest"},{"floor":12,"key":"Odd Mushroom"},{"floor":14,"key":"Ginger"},{"floor":26,"key":"Dream Catcher"},{"floor":28,"key":"Du-Vu Doll"},{"floor":30,"key":"Strawberry"}],"event_choices":[{"damage_healed":0,"gold_gain":0,"player_choice":"Ignored","damage_taken":0,"max_hp_gain":0,"max_hp_loss":0,"event_name":"Liars Game","floor":2,"gold_loss":0},{"damage_healed":0,"gold_gain":0,"player_choice":"Success","damage_taken":5,"relics_obtained":["Girya"],"max_hp_gain":0,"max_hp_loss":0,"event_name":"Scrap Ooze","floor":4,"gold_loss":0},{"damage_healed":0,"gold_gain":0,"player_choice":"Donut","damage_taken":0,"max_hp_gain":5,"max_hp_loss":0,"event_name":"Big Fish","floor":7,"gold_loss":0},{"damage_healed":0,"gold_gain":0,"player_choice":"Fought Mushrooms","damage_taken":0,"max_hp_gain":0,"max_hp_loss":0,"event_name":"Mushrooms","floor":12,"gold_loss":0},{"damage_healed":0,"gold_gain":200,"player_choice":"Gold","damage_taken":0,"max_hp_gain":0,"max_hp_loss":0,"event_name":"Wheel of Change","floor":20,"gold_loss":0}],"is_beta":false,"boss_relics":[{"not_picked":["White Beast Statue","Fusion Hammer"],"picked":"Ring of the Serpent"}],"items_purged_floors":[],"is_endless":false,"potions_floor_spawned":[3,8,14,16,21,24],"killed_by":"Chosen and Byrds","ascension_level":19}