{"gold_per_floor":[117,117,131,147,127,154,154,174,174,193,203,226,249,249,249,326,326,338,338,218,231,242,277,277,277],"floor_reached":25,"playtime":1092,"items_purged":[],"score":379,"play_id":"fa6c9b59-2ec5-4f63-8029-76bac5112536","local_time":"20190226165035","is_ascension_mode":true,"campfire_choices":[{"floor":7,"key":"REST"},{"data":"Zap","floor":15,"key":"SMITH"},{"floor":24,"key":"REST"}],"neow_cost":"NONE","seed_source_timestamp":940369820423330,"circlet_count":0,"master_deck":["AscendersBane","Defend_B","Defend_B","Defend_B","Defend_B","Zap+1","Dualcast","Leap","Ball Lightning","Ball Lightning","Machine Learning","White Noise+1","Cold Snap","Chaos+1","Creative AI","Lockon","Self Repair","Force Field+1","Redo+1","Recycle+1","Genetic Algorithm+1"],"relics":["Cracked Core","NeowsBlessing","Blood Vial","Toxic Egg 2","DataDisk","Bag of Preparation","Anchor","Empty Cage","Boot"],"potions_floor_usage":[6,10,10,22,22,25],"damage_taken":[{"damage":0,"enemies":"Cultist","floor":1,"turns":1},{"damage":0,"enemies":"2 Louse","floor":3,"turns":1},{"damage":0,"enemies":"Jaw Worm","floor":4,"turns":1},{"damage":21,"enemies":"3 Sentries","floor":6,"turns":6},{"damage":8,"enemies":"Blue Slaver","floor":8,"turns":4},{"damage":0,"enemies":"3 Louse","floor":10,"turns":2},{"damage":6,"enemies":"Exordium Wildlife","floor":11,"turns":3},{"damage":36,"enemies":"Slime Boss","floor":16,"turns":9},{"damage":17,"enemies":"Chosen","floor":18,"turns":5},{"damage":0,"enemies":"Shell Parasite","floor":21,"turns":6},{"damage":7,"enemies":"Snake Plant","floor":22,"turns":4},{"damage":58,"enemies":"Gremlin Leader","floor":23,"turns":8},{"damage":37,"enemies":"Slavers","floor":25,"turns":5}],"seed_played":"8953811670130433427","potions_obtained":[{"floor":1,"key":"Strength Potion"},{"floor":4,"key":"SteroidPotion"},{"floor":5,"key":"SpeedPotion"},{"floor":6,"key":"Fire Potion"},{"floor":16,"key":"SpeedPotion"},{"floor":18,"key":"SpeedPotion"},{"floor":22,"key":"Fire Potion"}],"is_trial":false,"path_per_floor":["M","?","M","M","?","E","R","M","T","M","M","T","T","?","R","B",null,"M","?","$","M","M","E","R","E"],"character_chosen":"DEFECT","items_purchased":["Force Field+1","Redo+1"],"campfire_rested":2,"item_purchase_floors":[20,20],"current_hp_per_floor":[64,64,66,68,68,49,70,63,63,65,61,61,61,66,66,32,65,50,50,50,59,61,12,34,0],"gold":277,"neow_bonus":"THREE_ENEMY_KILL","is_prod":false,"is_daily":false,"chose_seed":false,"campfire_upgraded":1,"win_rate":0,"timestamp":1551178235,"path_taken":["M","?","?","M","?","E","R","M","T","M","?","?","?","?","R","BOSS","M","?","$","M","M","E","R","E"],"build_version":"2019-01-23","purchased_purges":0,"victory":false,"max_hp_per_floor":[71,71,71,71,71,71,71,71,71,71,71,71,71,76,76,76,76,76,76,76,76,76,76,76,76],"card_choices":[{"not_picked":["Steam Power","Double Energy"],"picked":"Leap","floor":1},{"not_picked":["Conserve Battery","Sweeping Beam"],"picked":"Ball Lightning","floor":3},{"not_picked":["Amplify","Chaos"],"picked":"Ball Lightning","floor":4},{"not_picked":["Gash","Buffer"],"picked":"Machine Learning","floor":6},{"not_picked":["Streamline","Hologram+1"],"picked":"White Noise+1","floor":8},{"not_picked":["Aggregate+1","Ball Lightning"],"picked":"Cold Snap","floor":10},{"not_picked":["Reprogram+1","Aggregate+1"],"picked":"Chaos+1","floor":11},{"not_picked":["Core Surge","Rainbow+1"],"picked":"Creative AI","floor":16},{"not_picked":["Hello World+1","Barrage","Ball Lightning+1"],"picked":"SKIP","floor":18},{"not_picked":["Sweeping Beam","Compile Driver+1","Blizzard"],"picked":"SKIP","floor":21},{"not_picked":["Barrage","Compile Driver"],"picked":"Recycle+1","floor":22},{"not_picked":["Rip and Tear","Double Energy+1"],"picked":"Genetic Algorithm+1","floor":23}],"player_experience":892367,"relics_obtained":[{"floor":6,"key":"Toxic Egg 2"},{"floor":9,"key":"DataDisk"},{"floor":12,"key":"Bag of Preparation"},{"floor":13,"key":"Anchor"},{"floor":23,"key":"Boot"}],"event_choices":[{"damage_healed":0,"gold_gain":0,"player_choice":"Gave Potion","damage_taken":0,"relics_obtained":["Blood Vial"],"max_hp_gain":0,"max_hp_loss":0,"event_name":"WeMeetAgain","floor":2,"gold_loss":0},{"damage_healed":0,"gold_gain":0,"player_choice":"Bought 1 Potion","damage_taken":0,"max_hp_gain":0,"max_hp_loss":0,"event_name":"The Woman in Blue","floor":5,"gold_loss":0},{"damage_healed":0,"gold_gain":0,"player_choice":"Donut","damage_taken":0,"max_hp_gain":5,"max_hp_loss":0,"event_name":"Big Fish","floor":14,"gold_loss":0},{"damage_healed":0,"gold_gain":0,"cards_transformed":["Strike_B","Strike_B"],"player_choice":"Became Test Subject","damage_taken":0,"max_hp_gain":0,"max_hp_loss":0,"event_name":"Drug Dealer","floor":19,"gold_loss":0,"cards_obtained":["Lockon","Self Repair"]}],"is_beta":false,"boss_relics":[{"not_picked":["Sozu","Runic Pyramid"],"picked":"Empty Cage"}],"items_purged_floors":[],"is_endless":false,"potions_floor_spawned":[1,4,6,16,18,22],"killed_by":"Slavers","ascension_level":14}