{"gold_per_floor":[116,134,134,149,1,1,34,34,86,105,123,123,123,140,140,240,240,250,250,269,282,54,65,65,84,109,109,127,144,70,70],"floor_reached":31,"playtime":1375,"items_purged":["Strike_B"],"score":341,"play_id":"05ac2d7d-7212-4bb1-8dc1-f110819481c4","local_time":"20181014143446","is_ascension_mode":false,"campfire_choices":[{"data":"Defragment","floor":6,"key":"SMITH"},{"data":"Zap","floor":8,"key":"SMITH"},{"data":"Tempest","floor":13,"key":"SMITH"},{"data":"Defragment","floor":15,"key":"SMITH"},{"data":"Seek","floor":24,"key":"SMITH"},{"floor":27,"key":"REST"}],"neow_cost":"","seed_source_timestamp":0,"circlet_count":0,"master_deck":["Strike_B","Strike_B","Strike_B","Defend_B","Defend_B","Defend_B+1","Defend_B","Zap+1","Dualcast","Storm","Steam+1","Defragment+1","Tempest+1","Defragment+1","Seek+1","Capacitor","Fusion+1","Self Repair","Coolheaded+1","White Noise+1","Coolheaded","Core Surge"],"relics":["Cracked Core","Oddly Smooth Stone","Ancient Tea Set","Runic Dome","Runic Capacitor","War Paint"],"potions_floor_usage":[7,21,23,25,29],"damage_taken":[{"damage":1,"enemies":"2 Louse","floor":1,"turns":3},{"damage":1,"enemies":"Cultist","floor":2,"turns":3},{"damage":0,"enemies":"Small Slimes","floor":4,"turns":3},{"damage":30,"enemies":"Gremlin Nob","floor":7,"turns":4},{"damage":1,"enemies":"Blue Slaver","floor":10,"turns":3},{"damage":0,"enemies":"Looter","floor":11,"turns":3},{"damage":0,"enemies":"Large Slime","floor":14,"turns":4},{"damage":8,"enemies":"The Guardian","floor":16,"turns":8},{"damage":20,"enemies":"2 Thieves","floor":18,"turns":3},{"damage":7,"enemies":"Shell Parasite","floor":20,"turns":5},{"damage":13,"enemies":"Chosen and Byrds","floor":21,"turns":4},{"damage":18,"enemies":"3 Cultists","floor":23,"turns":4},{"damage":6,"enemies":"Snake Plant","floor":25,"turns":4},{"damage":0,"enemies":"Centurion and Healer","floor":28,"turns":4},{"damage":12,"enemies":"Shelled Parasite and Fungi","floor":29,"turns":3},{"damage":55,"enemies":"Slavers","floor":31,"turns":3}],"seed_played":"-472250888321213562","potions_obtained":[{"floor":1,"key":"Poison Potion"},{"floor":10,"key":"Dexterity Potion"},{"floor":16,"key":"LiquidBronze"},{"floor":18,"key":"FearPotion"},{"floor":21,"key":"Swift Potion"},{"floor":25,"key":"PowerPotion"}],"is_trial":true,"path_per_floor":["M","M","?","M","$","R","E","R","T","M","M","?","R","M","R","B",null,"M","?","M","M","$","M","R","M","T","R","M","M","$"],"character_chosen":"DEFECT","items_purchased":["Defragment","Runic Capacitor","Self Repair","Core Surge"],"campfire_rested":1,"item_purchase_floors":[5,22,22,30],"current_hp_per_floor":[74,73,73,73,73,73,43,43,43,42,42,67,67,67,67,59,75,55,55,48,35,35,24,24,25,25,47,54,49,49,0],"gold":70,"neow_bonus":"","is_prod":false,"is_daily":false,"chose_seed":false,"campfire_upgraded":5,"win_rate":0,"timestamp":1539520486,"path_taken":["M","M","?","M","$","R","E","R","T","M","M","?","R","M","R","BOSS","M","?","?","M","$","M","R","M","T","R","M","M","$","E"],"build_version":"2018-10-11","purchased_purges":1,"victory":false,"max_hp_per_floor":[75,75,75,75,75,75,75,75,75,75,75,75,75,75,75,75,75,75,75,75,75,75,75,75,75,75,75,75,75,75,75],"card_choices":[{"not_picked":["FTL","Stack"],"picked":"Storm","floor":1},{"not_picked":["Steam Power","Steam","Turbo"],"picked":"SKIP","floor":2},{"not_picked":["Steam Power","Turbo"],"picked":"Steam","floor":2},{"not_picked":["Chill","Redo","Recycle"],"picked":"SKIP","floor":4},{"not_picked":["Turbo","Cold Snap"],"picked":"Tempest","floor":7},{"not_picked":["Hologram","Steam","Steam Power"],"picked":"SKIP","floor":10},{"not_picked":["BootSequence","Rip and Tear","Barrage"],"picked":"SKIP","floor":11},{"not_picked":["Compile Driver","BootSequence"],"picked":"Defragment","floor":14},{"not_picked":["Reboot","Biased Cognition"],"picked":"Seek","floor":16},{"not_picked":["Undo+1","Redo","Rebound+1"],"picked":"SKIP","floor":18},{"not_picked":["Scrape","Steam"],"picked":"Capacitor","floor":20},{"not_picked":["Beam Cell","Hologram"],"picked":"Fusion+1","floor":21},{"not_picked":["Gash","White Noise"],"picked":"Coolheaded+1","floor":23},{"not_picked":["Undo","Redo"],"picked":"White Noise+1","floor":25},{"not_picked":["Steam","Scrape"],"picked":"Coolheaded","floor":28},{"not_picked":["Hologram","Steam","Sweeping Beam"],"picked":"SKIP","floor":29}],"player_experience":511565,"relics_obtained":[{"floor":7,"key":"Oddly Smooth Stone"},{"floor":9,"key":"Ancient Tea Set"},{"floor":26,"key":"War Paint"}],"event_choices":[{"event_name":"Liars Game","player_choice":"disagreed","floor":3,"damage_taken":0},{"event_name":"Big Fish","player_choice":"Banana","floor":12,"damage_taken":0},{"event_name":"Ghosts","player_choice":"Ignored","floor":19,"damage_taken":0}],"is_beta":false,"boss_relics":[{"not_picked":["Fusion Hammer","Busted Crown"],"picked":"Runic Dome"}],"items_purged_floors":[5],"is_endless":true,"potions_floor_spawned":[1,10,16,18,21,25],"killed_by":"Slavers","ascension_level":0}