{"gold_per_floor":[116,116,116,136,136,136,153,78,78,78,78,98,98,132,132,208,208,220,170,70,84,84,84,99,99,99,99,99,99,10,26,26,26],"floor_reached":33,"playtime":1793,"items_purged":["Strike_R","Pummel"],"score":434,"play_id":"e66f1e1b-c5ae-4a8e-92ed-da96a69f7569","local_time":"20181019151409","is_ascension_mode":true,"campfire_choices":[{"data":"Shrug It Off","floor":6,"key":"SMITH"},{"data":"Bash","floor":11,"key":"SMITH"},{"data":"Strike_R","floor":13,"key":"SMITH"},{"data":"Power Through","floor":15,"key":"SMITH"},{"data":"Juggernaut","floor":23,"key":"SMITH"},{"data":"Body Slam","floor":25,"key":"SMITH"},{"data":"Flame Barrier","floor":28,"key":"SMITH"},{"floor":32,"key":"REST"}],"neow_cost":"NONE","seed_source_timestamp":788130655602352,"circlet_count":0,"master_deck":["Bash+1","AscendersBane","Juggernaut+1","Shrug It Off+1","Power Through+1","Juggernaut+1","Warcry","Cleave","Iron Wave","Iron Wave","Flame Barrier+1","Body Slam+1","Shockwave","Enlightenment"],"relics":["Burning Blood","Self Forming Clay","Blue Candle","Pandora\u0027s Box","Charon\u0027s Ashes"],"potions_floor_usage":[16,16,24],"damage_taken":[{"damage":4,"enemies":"2 Louse","floor":1,"turns":4},{"damage":5,"enemies":"Small Slimes","floor":4,"turns":5},{"damage":1,"enemies":"Cultist","floor":7,"turns":4},{"damage":1,"enemies":"2 Fungi Beasts","floor":12,"turns":4},{"damage":17,"enemies":"Lagavulin","floor":14,"turns":7},{"damage":35,"enemies":"The Guardian","floor":16,"turns":13},{"damage":7,"enemies":"3 Byrds","floor":18,"turns":3},{"damage":10,"enemies":"Spheric Guardian","floor":21,"turns":4},{"damage":6,"enemies":"Colosseum Slavers","floor":22,"turns":5},{"damage":1,"enemies":"Chosen and Byrds","floor":24,"turns":5},{"damage":10,"enemies":"Centurion and Healer","floor":31,"turns":6},{"damage":79,"enemies":"Automaton","floor":33,"turns":10}],"seed_played":"2937048219526826593","potions_obtained":[{"floor":7,"key":"SkillPotion"},{"floor":14,"key":"AttackPotion"},{"floor":21,"key":"Swift Potion"}],"is_trial":false,"path_per_floor":["M","?","?","M","?","R","M","$","T","$","R","M","R","E","R","B",null,"M","?","$","M","?","R","M","R","T","$","R","?","$","M","R"],"character_chosen":"IRONCLAD","items_purchased":["Enlightenment"],"campfire_rested":1,"item_purchase_floors":[30],"current_hp_per_floor":[70,70,70,71,71,71,75,75,75,75,75,75,75,64,64,35,65,64,64,64,60,60,60,65,65,65,65,65,44,44,40,62,0],"gold":26,"neow_bonus":"ONE_RANDOM_RARE_CARD","is_prod":false,"is_daily":false,"chose_seed":false,"campfire_upgraded":7,"win_rate":0,"timestamp":1539954849,"path_taken":["M","?","?","?","?","R","M","$","T","$","R","M","R","E","R","BOSS","M","?","$","M","?","R","M","R","T","$","R","?","?","M","R","BOSS"],"build_version":"2018-10-18","purchased_purges":2,"victory":false,"max_hp_per_floor":[75,75,75,75,75,75,75,75,75,75,75,75,75,75,75,75,75,75,75,75,75,75,75,75,75,75,75,75,75,75,75,75,75],"card_choices":[{"not_picked":["Heavy Blade","Inflame","Thunderclap"],"picked":"SKIP","floor":1},{"not_picked":["Pommel Strike","Thunderclap"],"picked":"Shrug It Off","floor":4},{"not_picked":["Flex","Havoc","Spot Weakness"],"picked":"SKIP","floor":7},{"not_picked":["Wild Strike","Thunderclap","Pummel"],"picked":"SKIP","floor":12},{"not_picked":["Evolve","Exhume"],"picked":"Power Through","floor":14},{"not_picked":["Reaper","Brutality"],"picked":"Juggernaut","floor":16},{"not_picked":["Heavy Blade","Sword Boomerang","Thunderclap"],"picked":"SKIP","floor":18},{"not_picked":["Body Slam","Cleave","Pommel Strike"],"picked":"SKIP","floor":21},{"not_picked":["Uppercut","Heavy Blade","Wild Strike"],"picked":"SKIP","floor":24},{"not_picked":["Iron Wave","Pommel Strike","Perfected Strike"],"picked":"SKIP","floor":31}],"player_experience":537723,"relics_obtained":[{"floor":9,"key":"Self Forming Clay"},{"floor":14,"key":"Blue Candle"},{"floor":26,"key":"Charon\u0027s Ashes"}],"event_choices":[{"damage_healed":0,"gold_gain":0,"player_choice":"Ignored","damage_taken":0,"max_hp_gain":0,"max_hp_loss":0,"event_name":"Shining Light","floor":2,"gold_loss":0},{"damage_healed":0,"gold_gain":0,"player_choice":"Ignored","damage_taken":0,"max_hp_gain":0,"max_hp_loss":0,"event_name":"Liars Game","floor":3,"gold_loss":0},{"damage_healed":0,"gold_gain":0,"player_choice":"Forge","damage_taken":0,"max_hp_gain":0,"max_hp_loss":0,"event_name":"Accursed Blacksmith","floor":5,"gold_loss":0,"cards_upgraded":["Juggernaut"]},{"damage_healed":0,"gold_gain":0,"player_choice":"Bet on Murderer","damage_taken":0,"max_hp_gain":0,"max_hp_loss":0,"event_name":"The Joust","floor":19,"gold_loss":50},{"damage_healed":0,"gold_gain":0,"player_choice":"Fight","damage_taken":0,"max_hp_gain":0,"max_hp_loss":0,"event_name":"Colosseum","floor":22,"gold_loss":0},{"damage_healed":0,"gold_gain":0,"player_choice":"Fled From Nobs","damage_taken":0,"max_hp_gain":0,"max_hp_loss":0,"event_name":"Colosseum","floor":22,"gold_loss":0},{"damage_healed":0,"gold_gain":0,"player_choice":"Obtained Book","damage_taken":21,"max_hp_gain":0,"max_hp_loss":0,"event_name":"Cursed Tome","floor":29,"gold_loss":0}],"is_beta":false,"boss_relics":[{"not_picked":["Fusion Hammer","Philosopher\u0027s Stone"],"picked":"Pandora\u0027s Box"}],"items_purged_floors":[8,20],"is_endless":false,"potions_floor_spawned":[7,14,21,22],"killed_by":"Automaton","ascension_level":16}