{"gold_per_floor":[116,41,52,52,2,2,37,37,114,129,100,132,78,78],"floor_reached":14,"playtime":526,"items_purged":["Strike_G"],"score":157,"play_id":"9719c97b-fa33-47d9-845d-31ca328b432f","local_time":"20181107144145","is_ascension_mode":true,"campfire_choices":[{"data":"Malaise","floor":6,"key":"SMITH"},{"data":"Deadly Poison","floor":8,"key":"SMITH"}],"neow_cost":"NONE","seed_source_timestamp":0,"circlet_count":0,"master_deck":["AscendersBane","Defend_G","Defend_G","Defend_G","Strike_G","Strike_G","Strike_G","Strike_G","Survivor","Neutralize","Malaise+1","Deadly Poison+1","Endless Agony","Footwork","Deadly Poison","Dagger Spray","Bane"],"special_seed":0,"relics":["Ring of the Snake","Kunai","Dodecahedron","Oddly Smooth Stone"],"potions_floor_usage":[12,12],"damage_taken":[{"damage":2.0,"enemies":"Jaw Worm","floor":1.0,"turns":6.0},{"damage":0,"enemies":"2 Louse","floor":3,"turns":3},{"damage":11,"enemies":"Lagavulin","floor":7,"turns":10},{"damage":0,"enemies":"Small Slimes","floor":10,"turns":4},{"damage":2,"enemies":"Exordium Thugs","floor":11,"turns":5},{"damage":38,"enemies":"3 Sentries","floor":12,"turns":12},{"damage":20,"enemies":"Gremlin Gang","floor":14,"turns":2}],"seed_played":"8029263618084335563","potions_obtained":[{"floor":3,"key":"Swift Potion"},{"floor":7,"key":"EssenceOfSteel"},{"floor":10,"key":"Regen Potion"}],"is_trial":false,"path_per_floor":["M","M","$","M","?","?","R","E","R","T","M","M","E","$","M"],"character_chosen":"THE_SILENT","items_purchased":["Bane"],"campfire_rested":0,"item_purchase_floors":[13],"current_hp_per_floor":[61,61,61,54,54,54,43,43,43,43,41,18,18,0],"gold":78,"neow_bonus":"ONE_RANDOM_RARE_CARD","is_prod":false,"is_daily":false,"chose_seed":false,"campfire_upgraded":2,"win_rate":0,"timestamp":1541598105,"path_taken":["M","$","M","?","?","R","E","R","T","M","M","E","?","M"],"build_version":"2018-11-01","purchased_purges":1,"victory":false,"max_hp_per_floor":[70,70,70,70,70,70,70,70,70,70,70,70,70,70],"card_choices":[{"not_picked":["Tactician","Expertise"],"picked":"Deadly Poison","floor":1},{"not_picked":["Caltrops","Underhanded Strike","Accuracy"],"picked":"SKIP","floor":3},{"not_picked":["Choke","Dodge and Roll"],"picked":"Endless Agony","floor":7},{"not_picked":["Skewer","Accuracy"],"picked":"Footwork","floor":10},{"not_picked":["Prepared","PiercingWail"],"picked":"Deadly Poison","floor":11},{"not_picked":["Finisher","Flying Knee"],"picked":"Dagger Spray","floor":12}],"player_experience":640217,"relics_obtained":[{"floor":7,"key":"Kunai"},{"floor":9,"key":"Dodecahedron"},{"floor":12,"key":"Oddly Smooth Stone"}],"event_choices":[{"cards_removed":["Defend_G"],"damage_healed":0,"gold_gain":0,"player_choice":"Card Removal","damage_taken":7,"max_hp_gain":0,"max_hp_loss":0,"event_name":"Golden Wing","floor":4,"gold_loss":0},{"cards_removed":["Defend_G"],"damage_healed":0,"gold_gain":0,"player_choice":"Card Removal","damage_taken":0,"max_hp_gain":0,"max_hp_loss":0,"event_name":"The Cleric","floor":5,"gold_loss":50}],"is_beta":false,"boss_relics":[],"items_purged_floors":[2],"is_endless":false,"potions_floor_spawned":[3,7,10],"killed_by":"Gremlin Gang","ascension_level":12}