{"gold_per_floor":[11,11,25,25,25,25,25,25,25,25,37,37,72,82,82,159,159,175,175,275,307,307,307,307,307],"floor_reached":25,"playtime":1047,"items_purged":[],"score":322,"play_id":"d12dd155-8fe4-4195-a1bf-73fd6bb4ec5a","local_time":"20181013014743","is_ascension_mode":true,"campfire_choices":[{"data":"Capacitor","floor":6,"key":"SMITH"},{"data":"Zap","floor":8,"key":"SMITH"},{"data":"Auto Shields","floor":10,"key":"SMITH"},{"data":"Dualcast","floor":12,"key":"SMITH"},{"data":"Defragment","floor":15,"key":"SMITH"},{"floor":23,"key":"REST"}],"neow_cost":"NO_GOLD","seed_source_timestamp":222062486384049,"circlet_count":0,"master_deck":["Strike_B+1","Strike_B+1","Defend_B+1","Defend_B+1","Defend_B+1","Defend_B+1","Zap+1","Dualcast+1","AscendersBane","Rebound","Reboot+1","Auto Shields+1","Capacitor+1","Force Field","Defragment+1","Core Surge","Barrage+1"],"relics":["Cracked Core","Mummified Hand","Anchor","Regal Pillow","Strawberry","Sozu","Red Mask"],"potions_floor_usage":[13,16],"damage_taken":[{"damage":10,"enemies":"Small Slimes","floor":1,"turns":3},{"damage":0,"enemies":"2 Louse","floor":3,"turns":2},{"damage":0,"enemies":"Jaw Worm","floor":11,"turns":2},{"damage":15,"enemies":"3 Sentries","floor":13,"turns":8},{"damage":3,"enemies":"Blue Slaver","floor":14,"turns":3},{"damage":14,"enemies":"The Guardian","floor":16,"turns":9},{"damage":22,"enemies":"Spheric Guardian","floor":18,"turns":4},{"damage":43,"enemies":"Masked Bandits","floor":21,"turns":6},{"damage":3,"enemies":"Colosseum Slavers","floor":24,"turns":5},{"damage":55,"enemies":"Book of Stabbing","floor":25,"turns":5}],"seed_played":"-3717633057558823172","potions_obtained":[{"floor":3,"key":"Fire Potion"},{"floor":11,"key":"AttackPotion"},{"floor":16,"key":"FairyPotion"}],"is_trial":false,"path_per_floor":["M","$","M","?","?","R","?","R","T","R","M","R","E","M","R","B",null,"M","?","?","?","?","R","?"],"character_chosen":"DEFECT","items_purchased":[],"campfire_rested":1,"item_purchase_floors":[],"current_hp_per_floor":[58,58,58,58,51,51,51,51,51,51,51,51,43,40,40,26,68,46,46,46,3,3,42,39,0],"gold":307,"neow_bonus":"TRANSFORM_TWO_CARDS","is_prod":false,"is_daily":false,"chose_seed":false,"campfire_upgraded":5,"win_rate":0,"timestamp":1539388063,"path_taken":["M","$","M","?","?","R","?","R","T","R","M","R","E","M","R","BOSS","M","?","?","?","?","R","?","E"],"build_version":"2018-10-11","purchased_purges":0,"victory":false,"max_hp_per_floor":[75,75,75,75,75,75,75,75,75,75,75,75,82,82,82,82,82,82,82,82,82,82,82,82,82],"card_choices":[{"not_picked":["Streamline","FTL"],"picked":"Auto Shields","floor":1},{"not_picked":["Skim","Steam"],"picked":"Capacitor","floor":3},{"not_picked":["Hologram","Chill"],"picked":"Force Field","floor":11},{"not_picked":["Stack","Beam Cell","Lockon"],"picked":"SKIP","floor":13},{"not_picked":["Coolheaded","Streamline"],"picked":"Defragment","floor":14},{"not_picked":["Meteor Strike","Biased Cognition"],"picked":"Core Surge","floor":16},{"not_picked":["Compile Driver","Beam Cell"],"picked":"Barrage+1","floor":18}],"player_experience":510518,"relics_obtained":[{"floor":9,"key":"Regal Pillow"},{"floor":13,"key":"Strawberry"},{"floor":21,"key":"Red Mask"}],"event_choices":[{"event_name":"Liars Game","player_choice":"disagreed","floor":4,"damage_taken":0},{"event_name":"Scrap Ooze","player_choice":"success","floor":5,"damage_taken":7},{"event_name":"Dead Adventurer","player_choice":"Searched \u00271\u0027 times","floor":7,"damage_taken":0},{"event_name":"Upgrade Shrine","player_choice":"Upgraded","floor":19,"damage_taken":0},{"event_name":"Golden Shrine","player_choice":"Pray","floor":20,"damage_taken":0},{"event_name":"Masked Bandits","player_choice":"Fought Bandits","floor":21,"damage_taken":0},{"event_name":"Back to Basics","player_choice":"Simplicity","floor":22,"damage_taken":0},{"event_name":"Colosseum","player_choice":"Fight","floor":24,"damage_taken":0},{"event_name":"Colosseum","player_choice":"Fled From Nobs","floor":24,"damage_taken":0}],"is_beta":false,"boss_relics":[{"not_picked":["Busted Crown","Nuclear Battery"],"picked":"Sozu"}],"items_purged_floors":[],"is_endless":false,"potions_floor_spawned":[3,11,16,24],"killed_by":"Book of Stabbing","ascension_level":13}