{"gold_per_floor":[10,10,27,3,78,78,3,37,37,47,47,64,64,64,64,161,161,172,182,182,82,93,93,93,93,171,183,208,208],"floor_reached":29,"playtime":1232,"items_purged":["Defend_G","Strike_G"],"score":386,"play_id":"06e7ddbf-5849-427b-a1e3-4e769caa1ca1","local_time":"20181109012134","is_ascension_mode":true,"campfire_choices":[{"data":"Sucker Punch","floor":6,"key":"SMITH"},{"data":"Eviscerate","floor":11,"key":"SMITH"},{"data":"Phantasmal Killer","floor":13,"key":"SMITH"},{"data":"Backflip","floor":15,"key":"SMITH"},{"floor":23,"key":"REST"}],"neow_cost":"NO_GOLD","seed_source_timestamp":386993010074096,"circlet_count":0,"master_deck":["AscendersBane","Defend_G","Strike_G","Survivor","Neutralize","Blur","Eviscerate+1","Backflip+1","Sucker Punch+1","Dagger Throw","Phantasmal Killer+1","Burst","Escape Plan+1","Flying Knee","Sucker Punch","Terror","Decay","Deflect+1"],"relics":["Ring of the Snake","Question Card","Happy Flower","Darkstone Periapt","Velvet Choker","GremlinMask","Matryoshka","Molten Egg 2"],"potions_floor_usage":[8,16,16,19,22,28],"damage_taken":[{"damage":1,"enemies":"Jaw Worm","floor":1,"turns":5},{"damage":0,"enemies":"Cultist","floor":3,"turns":5},{"damage":16,"enemies":"Gremlin Nob","floor":8,"turns":4},{"damage":0,"enemies":"2 Louse","floor":10,"turns":3},{"damage":5,"enemies":"Red Slaver","floor":12,"turns":4},{"damage":36,"enemies":"Hexaghost","floor":16,"turns":13},{"damage":7,"enemies":"Shell Parasite","floor":18,"turns":6},{"damage":2,"enemies":"3 Byrds","floor":19,"turns":4},{"damage":27,"enemies":"Snake Plant","floor":22,"turns":7},{"damage":7,"enemies":"Centurion and Healer","floor":27,"turns":7},{"damage":33,"enemies":"Gremlin Leader","floor":28,"turns":7},{"damage":11,"enemies":"Shelled Parasite and Fungi","floor":29,"turns":2}],"seed_played":"-5886680750609977204","potions_obtained":[{"floor":1,"key":"GamblersBrew"},{"floor":3,"key":"Poison Potion"},{"floor":8,"key":"Poison Potion"},{"floor":16,"key":"PowerPotion"},{"floor":18,"key":"PowerPotion"},{"floor":27,"key":"SkillPotion"}],"is_trial":false,"path_per_floor":["M","?","M","$","T","R","$","E","T","M","R","M","R","?","R","B",null,"M","M","?","$","M","R","?","?","T","M","E","M"],"character_chosen":"THE_SILENT","items_purchased":["Sucker Punch"],"campfire_rested":1,"item_purchase_floors":[4],"current_hp_per_floor":[62,62,62,62,62,62,62,46,46,46,46,41,41,41,41,5,54,47,45,45,45,18,39,39,45,45,38,5,0],"gold":208,"neow_bonus":"REMOVE_TWO","is_prod":false,"is_daily":false,"chose_seed":false,"campfire_upgraded":4,"win_rate":0,"timestamp":1541722894,"path_taken":["M","?","M","?","?","R","$","E","T","M","R","?","R","?","R","BOSS","M","M","?","?","M","R","?","?","T","M","E","M"],"build_version":"2018-11-01","purchased_purges":2,"victory":false,"max_hp_per_floor":[70,70,70,70,70,70,70,70,70,70,70,70,70,70,70,70,70,70,70,70,70,70,70,70,76,76,76,76,76],"card_choices":[{"not_picked":["Dagger Throw","Blade Dance"],"picked":"Blur","floor":1},{"not_picked":["Outmaneuver","Dodge and Roll"],"picked":"Backflip","floor":3},{"not_picked":["Dagger Throw","Accuracy","Choke","Riddle With Holes"],"picked":"SKIP","floor":8},{"not_picked":["Accuracy","Choke","Riddle With Holes"],"picked":"Dagger Throw","floor":8},{"not_picked":["PiercingWail","Sucker Punch","Catalyst","Prepared"],"picked":"SKIP","floor":10},{"not_picked":["Backstab","Backflip","Choke"],"picked":"Phantasmal Killer","floor":12},{"not_picked":["Corpse Explosion","Venomology","Grand Finale"],"picked":"Burst","floor":16},{"not_picked":["Underhanded Strike","Sucker Punch","Deflect","Crippling Poison"],"picked":"SKIP","floor":18},{"not_picked":["Outmaneuver","Acrobatics","Deadly Poison"],"picked":"Escape Plan+1","floor":19},{"not_picked":["Skewer","All Out Attack","Slice"],"picked":"Flying Knee","floor":22},{"not_picked":["Prepared","Acrobatics","Blade Dance","Dodge and Roll"],"picked":"SKIP","floor":27},{"not_picked":["Choke","Quick Slash","Footwork"],"picked":"Deflect+1","floor":28}],"player_experience":641870,"relics_obtained":[{"floor":5,"key":"Question Card"},{"floor":8,"key":"Happy Flower"},{"floor":9,"key":"Darkstone Periapt"},{"floor":26,"key":"Matryoshka"},{"floor":28,"key":"Molten Egg 2"}],"event_choices":[{"damage_healed":0,"gold_gain":0,"cards_transformed":["Defend_G"],"player_choice":"Transformed","damage_taken":0,"max_hp_gain":0,"max_hp_loss":0,"event_name":"Transmorgrifier","floor":2,"gold_loss":0,"cards_obtained":["Eviscerate"]},{"cards_removed":["Strike_G"],"damage_healed":0,"gold_gain":0,"player_choice":"Offered Basic","damage_taken":0,"max_hp_gain":0,"max_hp_loss":0,"event_name":"Bonfire Elementals","floor":14,"gold_loss":0},{"damage_healed":0,"gold_gain":0,"player_choice":"Trade","damage_taken":0,"relics_obtained":["GremlinMask"],"max_hp_gain":0,"max_hp_loss":0,"event_name":"FaceTrader","floor":20,"gold_loss":0},{"damage_healed":0,"gold_gain":0,"cards_transformed":["Strike_G","Defend_G"],"player_choice":"Became Test Subject","damage_taken":0,"max_hp_gain":0,"max_hp_loss":0,"event_name":"Drug Dealer","floor":24,"gold_loss":0,"cards_obtained":["Sucker Punch","Terror"]},{"damage_healed":0,"gold_gain":0,"player_choice":"Smashed Altar","damage_taken":0,"max_hp_gain":0,"max_hp_loss":0,"event_name":"Forgotten Altar","floor":25,"gold_loss":0,"cards_obtained":["Decay"]}],"is_beta":false,"boss_relics":[{"not_picked":["Runic Pyramid","Cursed Key"],"picked":"Velvet Choker"}],"items_purged_floors":[7,21],"is_endless":false,"potions_floor_spawned":[1,3,8,16,18,27],"killed_by":"Shelled Parasite and Fungi","ascension_level":12}