{"gold_per_floor":[110,69,82,82,96,122,122,197,244,244,244],"floor_reached":11,"playtime":171,"items_purged":[],"score":121,"play_id":"050fba7f-2d23-4cab-88da-ba7d02933188","local_time":"20190225195219","is_ascension_mode":true,"campfire_choices":[{"data":"Noxious Fumes","floor":7.0,"key":"SMITH"}],"neow_cost":"NONE","seed_source_timestamp":0,"circlet_count":0,"master_deck":["AscendersBane","Defend_G","Defend_G","Defend_G","Defend_G","Defend_G","Strike_G","Strike_G","Strike_G","Strike_G","Strike_G","Survivor","Neutralize","Leg Sweep","Noxious Fumes+1","Cloak And Dagger","Footwork","Backflip","Parasite"],"special_seed":0,"relics":["Ring of the Snake","NeowsBlessing","Smiling Mask","Question Card","Strawberry"],"potions_floor_usage":[],"damage_taken":[{"damage":0.0,"enemies":"Cultist","floor":1.0,"turns":1.0},{"damage":0.0,"enemies":"2 Louse","floor":3.0,"turns":1.0},{"damage":0.0,"enemies":"Small Slimes","floor":5.0,"turns":1.0},{"damage":8.0,"enemies":"3 Sentries","floor":6.0,"turns":9.0},{"damage":0,"enemies":"Gremlin Nob","floor":11,"turns":1}],"seed_played":"-901124962978369152","potions_obtained":[{"floor":1.0,"key":"SpeedPotion"}],"is_trial":false,"path_per_floor":["M","$","M","?","M","E","R","?","T","?","E"],"character_chosen":"THE_SILENT","items_purchased":["Noxious Fumes"],"campfire_rested":0,"item_purchase_floors":[2],"current_hp_per_floor":[59,59,59,47,47,39,39,28,35,53,53],"gold":244,"neow_bonus":"THREE_ENEMY_KILL","is_prod":false,"is_daily":false,"chose_seed":false,"campfire_upgraded":1,"win_rate":0,"timestamp":1551120739,"path_taken":["M","?","M","?","M","E","R","?","T","?","E"],"build_version":"2019-01-23","purchased_purges":0,"victory":false,"max_hp_per_floor":[66,66,66,66,66,66,66,66,73,73,73],"card_choices":[{"not_picked":["Finisher","Backflip"],"picked":"Leg Sweep","floor":1.0},{"not_picked":["Blade Dance","Skewer"],"picked":"Cloak And Dagger","floor":3.0},{"not_picked":["Distraction","Dagger Spray"],"picked":"Footwork","floor":5.0},{"not_picked":["Blade Dance","Accuracy"],"picked":"Backflip","floor":6.0}],"player_experience":2326917,"relics_obtained":[{"floor":6.0,"key":"Question Card"},{"floor":9.0,"key":"Strawberry"}],"event_choices":[{"damage_healed":0.0,"max_hp_gain":0.0,"max_hp_loss":0.0,"gold_gain":0.0,"event_name":"Scrap Ooze","player_choice":"Success","floor":4.0,"gold_loss":0.0,"damage_taken":12.0,"relics_obtained":["Smiling Mask"]},{"damage_healed":0.0,"max_hp_gain":0.0,"max_hp_loss":0.0,"gold_gain":75.0,"event_name":"World of Goop","player_choice":"Gather Gold","floor":8.0,"gold_loss":0.0,"damage_taken":11.0},{"damage_healed":18.0,"max_hp_gain":0.0,"max_hp_loss":0.0,"gold_gain":0.0,"event_name":"Mushrooms","player_choice":"Healed and dodged fight","floor":10.0,"gold_loss":0.0,"damage_taken":0.0,"cards_obtained":["Parasite"]}],"is_beta":false,"boss_relics":[],"items_purged_floors":[],"is_endless":false,"potions_floor_spawned":[1],"killed_by":"Gremlin Nob","ascension_level":14}