{"gold_per_floor":[367,137,137,54,66,66,93,93,93,93,121,134,134,145,145,222,222,232,250,260,12,24,24,24,24,47,61,61,79,79,139,139,216,216,234,23,43,57,70,70,103,103,103,122,137,137,161,196,196,196,196],"floor_reached":51,"playtime":1991,"items_purged":["Doubt"],"score":1524,"play_id":"ad241f11-095e-41fc-b80d-d97ef1012e6b","local_time":"20190217183725","is_ascension_mode":true,"campfire_choices":[{"data":"Neutralize","floor":6,"key":"SMITH"},{"data":"Noxious Fumes","floor":8,"key":"SMITH"},{"data":"Catalyst","floor":13,"key":"SMITH"},{"data":"Well Laid Plans","floor":15,"key":"SMITH"},{"data":"Wraith Form v2","floor":23,"key":"SMITH"},{"data":"Catalyst","floor":28,"key":"SMITH"},{"floor":30,"key":"REST"},{"data":"Blur","floor":32,"key":"SMITH"},{"data":"Wraith Form v2","floor":40,"key":"SMITH"},{"data":"Crippling Poison","floor":42,"key":"SMITH"},{"floor":46,"key":"REST"},{"floor":49,"key":"RECALL"}],"neow_cost":"CURSE","seed_source_timestamp":99850555563406,"circlet_count":0,"master_deck":["AscendersBane","Defend_G","Defend_G","Defend_G","Defend_G","Defend_G","Strike_G","Strike_G","Strike_G","Strike_G","Survivor","Neutralize+1","Flying Knee","Noxious Fumes+1","Dash+1","Well Laid Plans+1","Catalyst+1","Wraith Form v2+1","Crippling Poison+1","Bouncing Flask+1","Backflip","Dodge and Roll","Catalyst+1","Blur+1","Wraith Form v2+1","Wraith Form v2+1","Leg Sweep"],"relics":["Ring of the Snake","Du-Vu Doll","Bag of Preparation","Shuriken","Runic Dome","Snake Skull","Happy Flower","Tiny Chest","Busted Crown","DollysMirror","StoneCalendar","Pen Nib","Tingsha"],"potions_floor_usage":[20,22,27,33,50],"damage_taken":[{"damage":1,"enemies":"Cultist","floor":1,"turns":5},{"damage":0,"enemies":"2 Louse","floor":5,"turns":2},{"damage":10,"enemies":"Lagavulin","floor":7,"turns":9},{"damage":11,"enemies":"Gremlin Nob","floor":11,"turns":4},{"damage":0,"enemies":"Jaw Worm","floor":12,"turns":4},{"damage":1,"enemies":"Blue Slaver","floor":14,"turns":3},{"damage":16,"enemies":"Hexaghost","floor":16,"turns":9},{"damage":0,"enemies":"Spheric Guardian","floor":18,"turns":5},{"damage":15,"enemies":"Shell Parasite","floor":19,"turns":5},{"damage":9,"enemies":"Shelled Parasite and Fungi","floor":20,"turns":5},{"damage":0,"enemies":"Sentry and Sphere","floor":22,"turns":4},{"damage":11,"enemies":"Colosseum Slavers","floor":24,"turns":5},{"damage":0,"enemies":"Snecko","floor":27,"turns":3},{"damage":7,"enemies":"Centurion and Healer","floor":29,"turns":4},{"damage":12,"enemies":"Slavers","floor":31,"turns":5},{"damage":0,"enemies":"Champ","floor":33,"turns":4},{"damage":0,"enemies":"3 Shapes","floor":35,"turns":5},{"damage":1,"enemies":"Orb Walker","floor":37,"turns":4},{"damage":2,"enemies":"Jaw Worm Horde","floor":38,"turns":4},{"damage":23,"enemies":"3 Darklings","floor":39,"turns":5},{"damage":5,"enemies":"Reptomancer","floor":41,"turns":4},{"damage":7,"enemies":"Sphere and 2 Shapes","floor":44,"turns":8},{"damage":0,"enemies":"Maw","floor":45,"turns":4},{"damage":3,"enemies":"Giant Head","floor":48,"turns":6},{"damage":14,"enemies":"Awakened One","floor":50,"turns":12},{"damage":33,"enemies":"Donu and Deca","floor":51,"turns":7}],"seed_played":"678618484847080238","potions_obtained":[{"floor":5,"key":"Dexterity Potion"},{"floor":7,"key":"Energy Potion"},{"floor":14,"key":"GhostInAJar"},{"floor":18,"key":"GhostInAJar"},{"floor":25,"key":"Regen Potion"},{"floor":25,"key":"Strength Potion"},{"floor":27,"key":"SteroidPotion"},{"floor":31,"key":"SkillPotion"},{"floor":37,"key":"FearPotion"},{"floor":39,"key":"GhostInAJar"}],"is_trial":false,"path_per_floor":["M","$","?","$","M","R","E","R","T","?","E","M","R","M","R","B",null,"M","M","M","$","M","R","?","?","T","M","R","M","R","E","R","B",null,"M","$","M","M","M","R","E","R","T","M","M","R","T","E","R","B","B"],"character_chosen":"THE_SILENT","items_purchased":["Noxious Fumes","Dash","Well Laid Plans","Snake Skull","Backflip","Dodge and Roll","DollysMirror"],"campfire_rested":2,"item_purchase_floors":[2,2,4,21,21,21,36],"current_hp_per_floor":[58,58,58,58,58,58,48,48,48,48,37,37,37,36,36,20,55,55,40,31,31,31,31,20,20,20,32,32,25,44,32,32,32,58,58,58,57,55,32,32,27,27,27,20,20,39,39,36,36,22,0],"gold":196,"neow_bonus":"TWO_FIFTY_GOLD","is_prod":false,"is_daily":false,"chose_seed":false,"campfire_upgraded":9,"win_rate":0,"timestamp":1550425045,"path_taken":["M","$","?","$","M","R","E","R","T","?","E","M","R","M","R","BOSS","M","M","M","$","M","R","?","?","T","M","R","M","R","E","R","BOSS","M","$","M","M","M","R","E","R","T","M","M","R","?","E","R","BOSS","BOSS"],"build_version":"2019-01-23","purchased_purges":1,"victory":false,"max_hp_per_floor":[66,66,66,66,66,66,66,66,66,66,66,66,66,66,66,66,66,66,66,66,66,66,66,66,66,66,66,66,66,66,66,66,66,66,66,66,66,66,66,66,66,66,66,66,66,66,66,66,66,66,66],"card_choices":[{"not_picked":["Dodge and Roll","Distraction"],"picked":"Flying Knee","floor":1},{"not_picked":["Outmaneuver","Slice","Heel Hook"],"picked":"SKIP","floor":5},{"not_picked":["Underhanded Strike","Flying Knee"],"picked":"Catalyst","floor":7},{"not_picked":["Eviscerate","Choke","Setup"],"picked":"SKIP","floor":11},{"not_picked":["Accuracy","Underhanded Strike","Flying Knee"],"picked":"SKIP","floor":12},{"not_picked":["Heel Hook","Masterful Stab","Sucker Punch"],"picked":"SKIP","floor":14},{"not_picked":["Corpse Explosion","Tools of the Trade"],"picked":"Wraith Form v2","floor":16},{"not_picked":["Dagger Throw","Underhanded Strike+1"],"picked":"Crippling Poison","floor":18},{"not_picked":["Slice","Sucker Punch"],"picked":"Bouncing Flask+1","floor":19},{"not_picked":["Outmaneuver+1","Deadly Poison","Slice+1"],"picked":"SKIP","floor":20},{"not_picked":["Setup","Eviscerate","Flying Knee"],"picked":"SKIP","floor":22},{"not_picked":["Outmaneuver","Malaise"],"picked":"Catalyst","floor":27},{"not_picked":["Dagger Spray","Underhanded Strike+1"],"picked":"Blur","floor":29},{"not_picked":["Well Laid Plans","Endless Agony","Flying Knee"],"picked":"SKIP","floor":31},{"not_picked":["Bullet Time","Phantasmal Killer"],"picked":"Wraith Form v2","floor":33},{"not_picked":["Eviscerate"],"picked":"SKIP","floor":35},{"not_picked":["Dagger Spray"],"picked":"SKIP","floor":37},{"not_picked":["Sucker Punch"],"picked":"SKIP","floor":38},{"not_picked":["Cloak And Dagger+1"],"picked":"SKIP","floor":39},{"not_picked":["Choke"],"picked":"SKIP","floor":41},{"not_picked":["Prepared+1"],"picked":"SKIP","floor":44},{"not_picked":["Dodge and Roll"],"picked":"SKIP","floor":45},{"not_picked":[],"picked":"Leg Sweep","floor":48}],"player_experience":993434,"relics_obtained":[{"floor":7,"key":"Du-Vu Doll"},{"floor":9,"key":"Bag of Preparation"},{"floor":11,"key":"Shuriken"},{"floor":26,"key":"Happy Flower"},{"floor":31,"key":"Tiny Chest"},{"floor":41,"key":"StoneCalendar"},{"floor":47,"key":"Pen Nib"},{"floor":48,"key":"Tingsha"}],"event_choices":[{"damage_healed":0,"gold_gain":0,"player_choice":"Grow","damage_taken":0,"max_hp_gain":0,"max_hp_loss":0,"event_name":"Living Wall","floor":3,"gold_loss":0,"cards_upgraded":["Dash"]},{"cards_removed":["Strike_G"],"damage_healed":0,"gold_gain":0,"player_choice":"Purged","damage_taken":0,"max_hp_gain":0,"max_hp_loss":0,"event_name":"Purifier","floor":10,"gold_loss":0},{"damage_healed":0,"gold_gain":0,"player_choice":"Fight","damage_taken":0,"max_hp_gain":0,"max_hp_loss":0,"event_name":"Colosseum","floor":24,"gold_loss":0},{"damage_healed":0,"gold_gain":0,"player_choice":"Fled From Nobs","damage_taken":0,"max_hp_gain":0,"max_hp_loss":0,"event_name":"Colosseum","floor":24,"gold_loss":0},{"damage_healed":0,"gold_gain":0,"player_choice":"Got Potions","damage_taken":0,"max_hp_gain":0,"max_hp_loss":0,"event_name":"Lab","floor":25,"gold_loss":0}],"is_beta":false,"boss_relics":[{"not_picked":["Runic Pyramid","Black Star"],"picked":"Runic Dome"},{"not_picked":["Coffee Dripper","Calling Bell"],"picked":"Busted Crown"}],"items_purged_floors":[2],"is_endless":false,"potions_floor_spawned":[5,7,12,14,18,19,27,31,37,39,48],"killed_by":"Donu and Deca","ascension_level":20}