{"gold_per_floor":[368,368,12,12,24,53,53,73,73,73,86,153,165,176,176,274,274,285,302,302,313,0,0,28,28,53,53,53,78,78,177,177,275,275,293,76,0,19,19,19,119,135,135,135],"floor_reached":44,"playtime":1834,"items_purged":["Strike_B"],"score":735,"play_id":"27df725b-30e9-4b23-a8eb-46717f480aea","local_time":"20190123223323","is_ascension_mode":true,"campfire_choices":[{"floor":7.0,"key":"REST"},{"floor":10.0,"key":"DIG"},{"floor":15.0,"key":"DIG"},{"floor":23.0,"key":"REST"},{"floor":25.0,"key":"REST"},{"floor":27.0,"key":"REST"},{"data":"Machine Learning","floor":32.0,"key":"SMITH"},{"floor":40.0,"key":"REST"}],"neow_cost":"TEN_PERCENT_HP_LOSS","seed_source_timestamp":419960678866397,"circlet_count":0,"master_deck":["AscendersBane","Strike_B+1","Strike_B+1","Strike_B+1","Defend_B+1","Defend_B+1","Defend_B+1","Defend_B+1","Zap","Dualcast","Compile Driver+1","Beam Cell+1","Cold Snap","Reinforced Body","Machine Learning+1","Lockon+1","Go for the Eyes","Capacitor","Electrodynamics","Capacitor","White Noise+1","Bandage Up","Doom and Gloom+1","Force Field","Good Instincts","White Noise+1","Conserve Battery","Core Surge","Coolheaded+1","Melter","Redo+1","Violence","Regret"],"special_seed":0,"relics":["Cracked Core","DataDisk","PreservedInsect","Calipers","Shovel","Pear","The Courier","Cursed Key","Omamori","Potion Belt","Blood Vial","Whetstone","Eternal Feather","OrangePellets","Red Mask","Du-Vu Doll","Shuriken"],"potions_floor_usage":[],"damage_taken":[{"damage":9.0,"enemies":"Jaw Worm","floor":1.0,"turns":3.0},{"damage":2.0,"enemies":"2 Louse","floor":5.0,"turns":2.0},{"damage":13.0,"enemies":"Gremlin Nob","floor":6.0,"turns":3.0},{"damage":0.0,"enemies":"Small Slimes","floor":8.0,"turns":2.0},{"damage":6.0,"enemies":"Looter","floor":11.0,"turns":3.0},{"damage":13.0,"enemies":"Large Slime","floor":13.0,"turns":5.0},{"damage":2.0,"enemies":"3 Louse","floor":14.0,"turns":2.0},{"damage":24.0,"enemies":"Hexaghost","floor":16.0,"turns":12.0},{"damage":6.0,"enemies":"Chosen","floor":18.0,"turns":4.0},{"damage":6.0,"enemies":"3 Byrds","floor":19.0,"turns":3.0},{"damage":37.0,"enemies":"Cultist and Chosen","floor":21.0,"turns":5.0},{"damage":40.0,"enemies":"Slavers","floor":24.0,"turns":5.0},{"damage":2.0,"enemies":"Gremlin Leader","floor":29.0,"turns":5.0},{"damage":42.0,"enemies":"Collector","floor":33.0,"turns":11.0},{"damage":33.0,"enemies":"Orb Walker","floor":35.0,"turns":5.0},{"damage":41.0,"enemies":"3 Darklings","floor":38.0,"turns":6.0},{"damage":0.0,"enemies":"Mind Bloom Boss Battle","floor":41.0,"turns":5.0},{"damage":45.0,"enemies":"Writhing Mass","floor":42.0,"turns":5.0},{"damage":37,"enemies":"Transient","floor":44,"turns":4}],"seed_played":"-11266014554606419","potions_obtained":[{"floor":6.0,"key":"Poison Potion"},{"floor":11.0,"key":"Fruit Juice"},{"floor":13.0,"key":"Fire Potion"},{"floor":18.0,"key":"LiquidBronze"},{"floor":21.0,"key":"Ancient Potion"},{"floor":33.0,"key":"PowerPotion"},{"floor":38.0,"key":"Swift Potion"}],"is_trial":false,"path_per_floor":["M","?","$","?","M","E","R","M","T","R","M","?","M","M","R","B",null,"M","M","?","M","$","R","E","R","T","R","?","E","?","?","R","B",null,"M","$","?","M","?","R","?","M","T","M"],"character_chosen":"DEFECT","items_purchased":["DataDisk","PreservedInsect","Beam Cell","Omamori","Force Field","Good Instincts","OrangePellets","Melter"],"campfire_rested":5,"item_purchase_floors":[3,3,3,22,22,22,36,36],"current_hp_per_floor":[59,45,45,45,43,30,50,50,50,60,59,59,46,44,44,20,67,61,55,55,22,22,46,14,38,38,62,62,66,66,66,66,30,70,43,43,43,8,8,50,56,17,17,0],"gold":135,"neow_bonus":"TWO_FIFTY_GOLD","is_prod":false,"is_daily":false,"chose_seed":false,"campfire_upgraded":1,"win_rate":0,"timestamp":1548300803,"path_taken":["M","?","$","?","M","E","R","M","T","R","M","?","?","M","R","BOSS","M","M","?","?","$","R","E","R","T","R","?","E","?","?","R","BOSS","M","$","?","M","?","R","?","M","T","M"],"build_version":"2019-01-23","purchased_purges":1,"victory":false,"max_hp_per_floor":[68,68,68,68,68,68,68,68,68,78,83,83,83,83,83,83,83,83,83,83,83,83,83,83,83,83,83,83,83,83,83,83,83,83,83,83,83,83,83,83,83,83,83,83],"card_choices":[{"not_picked":["Hologram","Barrage"],"picked":"Compile Driver","floor":1.0},{"not_picked":["Streamline","Compile Driver"],"picked":"Cold Snap","floor":5.0},{"not_picked":["Cold Snap","Hello World"],"picked":"Reinforced Body","floor":6.0},{"not_picked":["Stack","Ball Lightning"],"picked":"Machine Learning","floor":8.0},{"not_picked":["Redo","Aggregate"],"picked":"Lockon","floor":11.0},{"not_picked":["Chaos","Buffer"],"picked":"Go for the Eyes","floor":13.0},{"not_picked":["Leap","Ball Lightning"],"picked":"Capacitor","floor":14.0},{"not_picked":["All For One","Multi-Cast"],"picked":"Electrodynamics","floor":16.0},{"not_picked":["Cold Snap","Turbo"],"picked":"Capacitor","floor":18.0},{"not_picked":["Steam","Leap"],"picked":"White Noise+1","floor":19.0},{"not_picked":["Streamline","Hologram"],"picked":"Doom and Gloom+1","floor":21.0},{"not_picked":["Barrage","Gash"],"picked":"White Noise+1","floor":24.0},{"not_picked":["Compile Driver+1","Go for the Eyes"],"picked":"Conserve Battery","floor":29.0},{"not_picked":["Seek","Buffer"],"picked":"Core Surge","floor":33.0},{"not_picked":["Gash","Leap"],"picked":"Coolheaded+1","floor":35.0},{"not_picked":["Cold Snap+1","Hologram"],"picked":"Redo+1","floor":38.0},{"not_picked":["Chrysalis","Enlightenment"],"picked":"Violence","floor":39.0},{"not_picked":["Chaos","Lockon+1","Rebound"],"picked":"SKIP","floor":42.0}],"player_experience":555466,"relics_obtained":[{"floor":6.0,"key":"Calipers"},{"floor":9.0,"key":"Shovel"},{"floor":10.0,"key":"Pear"},{"floor":15.0,"key":"The Courier"},{"floor":24.0,"key":"Potion Belt"},{"floor":26.0,"key":"Blood Vial"},{"floor":29.0,"key":"Whetstone"},{"floor":41.0,"key":"Du-Vu Doll"},{"floor":43.0,"key":"Shuriken"}],"event_choices":[{"damage_healed":0.0,"max_hp_gain":0.0,"max_hp_loss":0.0,"gold_gain":0.0,"event_name":"Shining Light","player_choice":"Entered Light","floor":2.0,"gold_loss":0.0,"damage_taken":14.0,"cards_upgraded":["Compile Driver","Defend_B"]},{"damage_healed":0.0,"max_hp_gain":0.0,"max_hp_loss":0.0,"gold_gain":0.0,"event_name":"Golden Idol","player_choice":"Ignored","floor":4.0,"gold_loss":0.0,"damage_taken":0.0},{"damage_healed":0.0,"max_hp_gain":0.0,"max_hp_loss":0.0,"gold_gain":67.0,"event_name":"Golden Wing","player_choice":"Gained Gold","floor":12.0,"gold_loss":0.0,"damage_taken":0.0},{"damage_healed":0.0,"max_hp_gain":0.0,"max_hp_loss":0.0,"gold_gain":0.0,"event_name":"Match and Keep!","player_choice":"1 cards matched","floor":20.0,"gold_loss":0.0,"damage_taken":0.0,"cards_obtained":["Bandage Up"]},{"damage_healed":0.0,"max_hp_gain":0.0,"max_hp_loss":0.0,"gold_gain":0.0,"event_name":"Back to Basics","player_choice":"Simplicity","floor":28.0,"gold_loss":0.0,"damage_taken":0.0,"cards_upgraded":["Strike_B","Strike_B","Strike_B","Defend_B","Defend_B","Defend_B"]},{"damage_healed":0.0,"max_hp_gain":0.0,"max_hp_loss":0.0,"gold_gain":0.0,"event_name":"Forgotten Altar","player_choice":"Smashed Altar","floor":30.0,"gold_loss":0.0,"damage_taken":0.0,"cards_obtained":["Decay"]},{"damage_healed":0.0,"max_hp_gain":0.0,"max_hp_loss":0.0,"gold_gain":99.0,"event_name":"Nest","player_choice":"Stole From Cult","floor":31.0,"gold_loss":0.0,"damage_taken":0.0},{"damage_healed":0.0,"max_hp_gain":0.0,"max_hp_loss":0.0,"gold_gain":0.0,"event_name":"Tomb of Lord Red Mask","player_choice":"Paid","floor":37.0,"gold_loss":76.0,"damage_taken":0.0,"relics_obtained":["Red Mask"]},{"damage_healed":0.0,"max_hp_gain":0.0,"max_hp_loss":0.0,"gold_gain":0.0,"event_name":"SensoryStone","player_choice":"Memory 1","floor":39.0,"gold_loss":0.0,"damage_taken":0.0},{"damage_healed":0.0,"max_hp_gain":0.0,"max_hp_loss":0.0,"gold_gain":0.0,"event_name":"MindBloom","player_choice":"Fight","floor":41.0,"gold_loss":0.0,"damage_taken":0.0}],"is_beta":true,"boss_relics":[{"not_picked":["Nuclear Battery","Lizard Tail"],"picked":"Cursed Key"},{"not_picked":["Pandora\u0027s Box","Calling Bell"],"picked":"Eternal Feather"}],"items_purged_floors":[22],"is_endless":false,"potions_floor_spawned":[6,11,13,16,18,21,33,38],"killed_by":"Transient","ascension_level":12}