{"gold_per_floor":[113,133,153,153,3,3,38,38,38,38,54,19,19,31,31,104,104,121,221,136,152,162,162,187,146,146,146,162,162,225,324,324,403,403,421,432,432,445,463,463,494,494,543,617,179,207,222,222,222,222],"floor_reached":51,"playtime":1660,"items_purged":["Strike_G"],"score":1342,"play_id":"150d526b-918c-4ebf-b48a-04ebcda89f3f","local_time":"20181224150129","is_ascension_mode":true,"campfire_choices":[{"data":"Die Die Die","floor":6,"key":"SMITH"},{"data":"1","floor":8,"key":"LIFT"},{"data":"2","floor":10,"key":"LIFT"},{"data":"3","floor":13,"key":"LIFT"},{"data":"Cloak And Dagger","floor":15,"key":"SMITH"},{"floor":23,"key":"REST"},{"floor":27,"key":"REST"},{"data":"Blade Dance","floor":29,"key":"SMITH"},{"data":"Cloak And Dagger","floor":32,"key":"SMITH"},{"data":"Infinite Blades","floor":40,"key":"SMITH"},{"data":"Well Laid Plans","floor":42,"key":"SMITH"},{"floor":49,"key":"REST"}],"neow_cost":"NONE","seed_source_timestamp":266842671492995,"circlet_count":0,"master_deck":["AscendersBane","Defend_G+1","Defend_G+1","Defend_G+1","Defend_G+1","Defend_G+1","Strike_G+1","Strike_G+1","Strike_G+1","Strike_G+1","Survivor+1","Neutralize+1","Die Die Die+1","Deflect+1","Terror+1","Dagger Spray+1","Cloak And Dagger+1","Backflip+1","Skewer+1","Die Die Die+1","Backflip+1","Blade Dance+1","Well Laid Plans+1","PiercingWail+1","Endless Agony+1","Escape Plan+1","Dagger Spray+1","Cloak And Dagger+1","Malaise+1","Blur+1","Infinite Blades+1","Leg Sweep+1","Dodge and Roll+1","Choke+1","Leg Sweep+1"],"relics":["Ring of the Snake","Anchor","Girya","Tough Bandages","WristBlade","Du-Vu Doll","Ninja Scroll","Matryoshka","Dodecahedron","Orichalcum","Bottled Flame","Tiny Chest","Philosopher\u0027s Stone","Bottled Tornado","Sundial","PreservedInsect","Ornamental Fan","Oddly Smooth Stone","Bag of Preparation","Mark of the Bloom"],"potions_floor_usage":[19,19,33],"damage_taken":[{"damage":1,"enemies":"Cultist","floor":1,"turns":5},{"damage":0,"enemies":"2 Louse","floor":2,"turns":3},{"damage":0,"enemies":"Jaw Worm","floor":3,"turns":3},{"damage":16,"enemies":"3 Sentries","floor":7,"turns":7},{"damage":0,"enemies":"Exordium Wildlife","floor":11,"turns":2},{"damage":0,"enemies":"2 Fungi Beasts","floor":14,"turns":3},{"damage":24,"enemies":"Slime Boss","floor":16,"turns":9},{"damage":4,"enemies":"Shell Parasite","floor":18,"turns":4},{"damage":8,"enemies":"Colosseum Slavers","floor":19,"turns":3},{"damage":33,"enemies":"Colosseum Nobs","floor":19,"turns":4},{"damage":0,"enemies":"3 Byrds","floor":21,"turns":2},{"damage":0,"enemies":"Centurion and Healer","floor":22,"turns":3},{"damage":2,"enemies":"Slavers","floor":24,"turns":3},{"damage":0,"enemies":"Snecko","floor":28,"turns":2},{"damage":0,"enemies":"Book of Stabbing","floor":30,"turns":2},{"damage":46,"enemies":"Collector","floor":33,"turns":7},{"damage":0,"enemies":"3 Shapes","floor":35,"turns":1},{"damage":0,"enemies":"3 Darklings","floor":36,"turns":2},{"damage":0,"enemies":"Sphere and 2 Shapes","floor":38,"turns":4},{"damage":9,"enemies":"Maw","floor":39,"turns":6},{"damage":0,"enemies":"Reptomancer","floor":41,"turns":4},{"damage":0,"enemies":"Giant Head","floor":46,"turns":5},{"damage":0,"enemies":"Writhing Mass","floor":47,"turns":4},{"damage":25,"enemies":"Donu and Deca","floor":50,"turns":10}],"seed_played":"-7197818356231102834","potions_obtained":[{"floor":7,"key":"Strength Potion"},{"floor":11,"key":"SkillPotion"},{"floor":18,"key":"Ancient Potion"},{"floor":19,"key":"Fire Potion"},{"floor":24,"key":"SkillPotion"},{"floor":28,"key":"GhostInAJar"},{"floor":33,"key":"LiquidBronze"},{"floor":39,"key":"SteroidPotion"},{"floor":41,"key":"SteroidPotion"},{"floor":46,"key":"Strength Potion"}],"is_trial":false,"path_per_floor":["M","M","M","?","$","R","E","R","T","R","M","?","R","M","R","B",null,"M","?","?","M","M","R","E","$","T","R","M","R","E","?","R","B",null,"M","M","?","M","M","R","E","R","T","T","$","E","M","?","R","B",null],"character_chosen":"THE_SILENT","items_purchased":["Anchor","Escape Plan","Oddly Smooth Stone","Leg Sweep","Dodge and Roll","Choke"],"campfire_rested":3,"item_purchase_floors":[5,25,45,45,45,45],"current_hp_per_floor":[62,62,62,48,48,48,32,32,32,32,32,49,49,49,49,25,59,55,14,14,14,14,35,33,33,33,54,54,54,54,54,54,8,55,55,55,55,55,46,46,46,46,46,46,46,46,46,46,46,21],"gold":222,"neow_bonus":"ONE_RANDOM_RARE_CARD","is_prod":false,"is_daily":false,"chose_seed":false,"campfire_upgraded":6,"win_rate":0,"timestamp":1545660089,"path_taken":["M","M","?","?","$","R","E","R","T","R","M","?","R","M","R","BOSS","M","?","?","M","M","R","E","?","T","R","M","R","E","?","R","BOSS","M","M","?","?","M","R","E","R","T","?","$","E","M","?","R","BOSS"],"build_version":"2018-12-20","purchased_purges":1,"victory":true,"max_hp_per_floor":[70,70,70,70,70,70,70,70,70,70,70,70,70,70,70,70,70,70,70,70,70,70,70,70,70,70,70,70,70,70,70,70,70,70,70,70,70,70,70,70,70,70,70,70,70,70,70,70,70,70],"card_choices":[{"not_picked":["Outmaneuver","Prepared"],"picked":"Deflect","floor":1},{"not_picked":["Crippling Poison","Dagger Throw"],"picked":"Terror","floor":2},{"not_picked":["Flying Knee","Noxious Fumes"],"picked":"Dagger Spray","floor":3},{"not_picked":["Acrobatics","Dodge and Roll"],"picked":"Cloak And Dagger","floor":7},{"not_picked":["Night Terror","Outmaneuver"],"picked":"Backflip","floor":11},{"not_picked":["Noxious Fumes","Masterful Stab"],"picked":"Skewer","floor":14},{"not_picked":["Bullet Time","Venomology"],"picked":"Die Die Die","floor":16},{"not_picked":["Flechettes","Dagger Spray"],"picked":"Backflip","floor":18},{"not_picked":["Dash","Acrobatics"],"picked":"Blade Dance","floor":19},{"not_picked":["Dodge and Roll","Underhanded Strike"],"picked":"Well Laid Plans","floor":21},{"not_picked":["Quick Slash","Predator"],"picked":"PiercingWail","floor":22},{"not_picked":["Bane","Flying Knee"],"picked":"Endless Agony","floor":24},{"not_picked":["Predator","Sucker Punch"],"picked":"Dagger Spray+1","floor":28},{"not_picked":["Flying Knee","Backflip"],"picked":"Cloak And Dagger","floor":30},{"not_picked":["Phantasmal Killer","Burst"],"picked":"Malaise","floor":33},{"not_picked":["Skewer+1","Noxious Fumes","Catalyst+1"],"picked":"SKIP","floor":35},{"not_picked":["Dagger Spray+1","Calculated Gamble+1"],"picked":"Blur","floor":36},{"not_picked":["Skewer","All Out Attack","Flying Knee"],"picked":"SKIP","floor":38},{"not_picked":["Outmaneuver","Catalyst"],"picked":"Infinite Blades","floor":39},{"not_picked":["Dagger Throw","Sucker Punch","All Out Attack"],"picked":"SKIP","floor":41},{"not_picked":["Backstab+1","Dodge and Roll"],"picked":"Leg Sweep+1","floor":46},{"not_picked":["Quick Slash","Blur","Outmaneuver"],"picked":"SKIP","floor":47}],"player_experience":785487,"relics_obtained":[{"floor":7,"key":"Girya"},{"floor":9,"key":"Tough Bandages"},{"floor":19,"key":"Du-Vu Doll"},{"floor":19,"key":"Ninja Scroll"},{"floor":24,"key":"Dodecahedron"},{"floor":26,"key":"Orichalcum"},{"floor":26,"key":"Bottled Flame"},{"floor":30,"key":"Tiny Chest"},{"floor":41,"key":"Bottled Tornado"},{"floor":43,"key":"Sundial"},{"floor":43,"key":"PreservedInsect"},{"floor":44,"key":"Ornamental Fan"},{"floor":46,"key":"Bag of Preparation"}],"event_choices":[{"damage_healed":0,"gold_gain":0,"player_choice":"Entered Light","damage_taken":14,"max_hp_gain":0,"max_hp_loss":0,"event_name":"Shining Light","floor":4,"gold_loss":0,"cards_upgraded":["Survivor","Strike_G"]},{"damage_healed":17,"gold_gain":0,"player_choice":"Healed","damage_taken":0,"max_hp_gain":0,"max_hp_loss":0,"event_name":"The Cleric","floor":12,"gold_loss":35},{"damage_healed":0,"gold_gain":0,"player_choice":"Fight","damage_taken":0,"max_hp_gain":0,"max_hp_loss":0,"event_name":"Colosseum","floor":19,"gold_loss":0},{"damage_healed":0,"gold_gain":0,"player_choice":"Fought Nobs","damage_taken":0,"max_hp_gain":0,"max_hp_loss":0,"event_name":"Colosseum","floor":19,"gold_loss":0},{"damage_healed":0,"gold_gain":0,"player_choice":"Obtained Relic","damage_taken":0,"relics_obtained":["Matryoshka"],"max_hp_gain":0,"max_hp_loss":0,"event_name":"Addict","floor":20,"gold_loss":85},{"damage_healed":0,"gold_gain":99,"player_choice":"Stole From Cult","damage_taken":0,"max_hp_gain":0,"max_hp_loss":0,"event_name":"Nest","floor":31,"gold_loss":0},{"damage_healed":0,"gold_gain":0,"player_choice":"Leave","damage_taken":0,"max_hp_gain":0,"max_hp_loss":0,"event_name":"FaceTrader","floor":37,"gold_loss":0},{"damage_healed":0,"gold_gain":0,"player_choice":"Upgrade","damage_taken":0,"relics_obtained":["Mark of the Bloom"],"max_hp_gain":0,"max_hp_loss":0,"event_name":"MindBloom","floor":48,"gold_loss":0,"cards_upgraded":["Defend_G","Defend_G","Defend_G","Defend_G","Defend_G","Strike_G","Strike_G","Strike_G","Neutralize","Deflect","Terror","Dagger Spray","Backflip","Skewer","Die Die Die","Backflip","PiercingWail","Endless Agony","Escape Plan","Malaise","Blur","Leg Sweep","Dodge and Roll","Choke"]}],"is_beta":false,"boss_relics":[{"not_picked":["Black Star","Tiny House"],"picked":"WristBlade"},{"not_picked":["Coffee Dripper","Lizard Tail"],"picked":"Philosopher\u0027s Stone"}],"items_purged_floors":[45],"is_endless":false,"potions_floor_spawned":[7,11,18,19,24,28,33,39,41,46],"ascension_level":13}