{"gold_per_floor":[115,115,40,61,11,11,51,66,66,81,81,96,96,127,127,127],"floor_reached":16,"playtime":984,"items_purged":["Defend_R"],"score":143,"play_id":"72e3bb10-114f-4b17-a381-45f26803c7b1","local_time":"20190212025805","is_ascension_mode":true,"campfire_choices":[{"data":"Armaments","floor":6,"key":"SMITH"},{"data":"Body Slam","floor":11,"key":"SMITH"},{"data":"True Grit","floor":15,"key":"SMITH"}],"neow_cost":"TEN_PERCENT_HP_LOSS","seed_source_timestamp":884191238754710,"circlet_count":0,"master_deck":["Strike_R","Strike_R","Strike_R+1","Defend_R","Defend_R","Defend_R","Bash","Armaments+1","Immolate+1","Feel No Pain","Body Slam+1","Sword Boomerang","True Grit+1","Anger"],"relics":["Burning Blood","Mango","Golden Idol","Unceasing Top","Bird Faced Urn","Whetstone"],"potions_floor_usage":[16,16,16],"damage_taken":[{"damage":18,"enemies":"Small Slimes","floor":1,"turns":6},{"damage":0,"enemies":"2 Louse","floor":4,"turns":3},{"damage":17,"enemies":"3 Sentries","floor":7,"turns":5},{"damage":1,"enemies":"Cultist","floor":8,"turns":3},{"damage":7,"enemies":"Gremlin Gang","floor":10,"turns":2},{"damage":6,"enemies":"Looter","floor":12,"turns":2},{"damage":24,"enemies":"Lagavulin","floor":14,"turns":6},{"damage":36,"enemies":"The Guardian","floor":16,"turns":10}],"seed_played":"2332841766046162872","potions_obtained":[{"floor":4,"key":"Weak Potion"},{"floor":8,"key":"Energy Potion"},{"floor":10,"key":"Dexterity Potion"},{"floor":14,"key":"FearPotion"}],"is_trial":false,"path_per_floor":["M","?","$","M","?","R","E","M","T","M","R","M","?","E","R","B"],"character_chosen":"IRONCLAD","items_purchased":[],"campfire_rested":0,"item_purchase_floors":[],"current_hp_per_floor":[74,53,53,59,59,59,48,53,53,52,52,52,52,34,34,0],"gold":127,"neow_bonus":"ONE_RARE_RELIC","is_prod":false,"is_daily":false,"chose_seed":false,"campfire_upgraded":3,"win_rate":0,"timestamp":1549936685,"path_taken":["M","?","$","M","?","R","E","M","T","M","R","M","?","E","R","BOSS"],"build_version":"2019-01-23","purchased_purges":1,"victory":false,"max_hp_per_floor":[86,86,86,86,86,86,86,86,86,86,86,86,86,86,86,86],"card_choices":[{"not_picked":["Anger","True Grit"],"picked":"Armaments","floor":1},{"not_picked":["Iron Wave","Fire Breathing"],"picked":"Immolate","floor":4},{"not_picked":["Corruption","Havoc"],"picked":"Feel No Pain","floor":7},{"not_picked":["Sword Boomerang","Clash"],"picked":"Body Slam","floor":8},{"not_picked":["Clothesline","Searing Blow"],"picked":"Sword Boomerang","floor":10},{"not_picked":["Pommel Strike","Anger"],"picked":"True Grit","floor":12},{"not_picked":["Armaments","Iron Wave"],"picked":"Anger","floor":14}],"player_experience":374253,"relics_obtained":[{"floor":7,"key":"Unceasing Top"},{"floor":9,"key":"Bird Faced Urn"},{"floor":14,"key":"Whetstone"}],"event_choices":[{"damage_healed":0,"gold_gain":0,"player_choice":"Take Damage","damage_taken":21,"relics_obtained":["Golden Idol"],"max_hp_gain":0,"max_hp_loss":0,"event_name":"Golden Idol","floor":2,"gold_loss":0},{"cards_removed":["Strike_R"],"damage_healed":0,"gold_gain":0,"player_choice":"Card Removal","damage_taken":0,"max_hp_gain":0,"max_hp_loss":0,"event_name":"The Cleric","floor":5,"gold_loss":50},{"cards_removed":["Strike_R"],"damage_healed":0,"gold_gain":0,"player_choice":"Purged","damage_taken":0,"max_hp_gain":0,"max_hp_loss":0,"event_name":"Purifier","floor":13,"gold_loss":0}],"is_beta":false,"boss_relics":[],"items_purged_floors":[3],"is_endless":false,"potions_floor_spawned":[4,8,10,14],"killed_by":"The Guardian","ascension_level":6}