{"gold_per_floor":[113,124,136,136,147,147,72,92,115,115,150,162,162,175,175,273,273,292,292,310,18,18,18,18],"floor_reached":24,"playtime":1038,"items_purged":["Strike_B"],"score":322,"play_id":"a6ecc0cd-23d2-4389-8177-fa62f40fbfdc","local_time":"20180902152959","is_ascension_mode":true,"campfire_choices":[{"data":"Creative AI","floor":6.0,"key":"SMITH"},{"data":"Defragment","floor":10.0,"key":"SMITH"},{"floor":15.0,"key":"REST"},{"floor":23,"key":"REST"}],"neow_cost":"NONE","seed_source_timestamp":0,"circlet_count":0,"master_deck":["Defend_B+1","Defend_B","Defend_B+1","Defend_B","Zap","Dualcast","Barrage","Defragment+1","Coolheaded","Creative AI+1","Storm","Core Surge","Compile Driver","Buffer","Tempest+1"],"special_seed":0,"relics":["Empty Cage","Ancient Tea Set","Vajra","Black Star","MutagenicStrength","Ice Cream","Art of War"],"potions_floor_usage":[18,20],"damage_taken":[{"damage":0.0,"enemies":"Small Slimes","floor":1.0,"turns":3.0},{"damage":1.0,"enemies":"Cultist","floor":2.0,"turns":4.0},{"damage":0.0,"enemies":"2 Louse","floor":3.0,"turns":3.0},{"damage":12.0,"enemies":"Large Slime","floor":5.0,"turns":8.0},{"damage":4.0,"enemies":"Red Slaver","floor":8.0,"turns":6.0},{"damage":6.0,"enemies":"Lagavulin","floor":11.0,"turns":7.0},{"damage":2.0,"enemies":"Looter","floor":12.0,"turns":5.0},{"damage":10.0,"enemies":"3 Louse","floor":14.0,"turns":7.0},{"damage":0.0,"enemies":"The Guardian","floor":16.0,"turns":10.0},{"damage":53,"enemies":"3 Byrds","floor":18,"turns":5},{"damage":4,"enemies":"Spheric Guardian","floor":20,"turns":4},{"damage":33,"enemies":"Book of Stabbing","floor":24,"turns":4}],"seed_played":"-599244337095675989","potions_obtained":[{"floor":1.0,"key":"GamblersBrew"},{"floor":2.0,"key":"Dexterity Potion"},{"floor":11.0,"key":"Block Potion"},{"floor":14.0,"key":"Block Potion"},{"floor":16.0,"key":"Explosive Potion"},{"floor":18,"key":"Block Potion"}],"is_trial":false,"path_per_floor":["M","M","M","?","M","R","$","M","T","R","E","M","?","M","R","B",null,"M","?","M","$","?","R"],"character_chosen":"DEFECT","items_purchased":["Ice Cream"],"campfire_rested":2,"item_purchase_floors":[21],"current_hp_per_floor":[68,67,67,67,55,55,55,51,51,51,45,43,28,18,40,40,66,13,13,9,9,9,31,0],"gold":18,"neow_bonus":"BOSS_RELIC","is_prod":false,"is_daily":false,"chose_seed":false,"campfire_upgraded":2,"win_rate":0,"timestamp":1535894999,"path_taken":["M","M","M","?","M","R","$","M","T","R","E","?","?","M","R","BOSS","M","?","?","$","?","R","E"],"build_version":"2018-08-30","purchased_purges":1,"victory":false,"max_hp_per_floor":[75,75,75,75,75,75,75,75,75,75,75,75,75,75,75,75,75,75,75,75,75,75,75,75],"card_choices":[{"not_picked":["Consume","Scrape"],"picked":"Barrage","floor":1.0},{"not_picked":["Compile Driver","Conserve Battery"],"picked":"Defragment","floor":2.0},{"not_picked":["Doom and Gloom","Leap"],"picked":"Coolheaded","floor":3.0},{"not_picked":["Gash","BootSequence","Steam"],"picked":"SKIP","floor":5.0},{"not_picked":["Barrage","Sweeping Beam","Go for the Eyes"],"picked":"SKIP","floor":8.0},{"not_picked":["Cold Snap","Beam Cell"],"picked":"Storm","floor":11.0},{"not_picked":["Streamline","Gash"],"picked":"Core Surge","floor":12.0},{"not_picked":["Go for the Eyes","Sweeping Beam"],"picked":"Compile Driver","floor":14.0},{"not_picked":["Amplify","Machine Learning"],"picked":"Buffer","floor":16.0},{"not_picked":["Rebound","Redo+1"],"picked":"Tempest+1","floor":18},{"not_picked":["Go for the Eyes","Hologram","Compile Driver"],"picked":"SKIP","floor":20}],"player_experience":387800,"relics_obtained":[{"floor":9.0,"key":"Ancient Tea Set"},{"floor":11.0,"key":"Vajra"},{"floor":22,"key":"Art of War"}],"event_choices":[{"event_name":"Transmorgrifier","player_choice":"Transform","floor":4.0,"damage_taken":0.0},{"event_name":"Shining Light","player_choice":"Entered Light","floor":13.0,"damage_taken":0.0},{"event_name":"Drug Dealer","player_choice":"Inject Mutagens","floor":19,"damage_taken":0},{"event_name":"Wheel of Change","player_choice":"Relic","floor":22,"damage_taken":0}],"is_beta":false,"boss_relics":[{"not_picked":["Astrolabe","Runic Dome"],"picked":"Black Star"}],"items_purged_floors":[7],"is_endless":false,"potions_floor_spawned":[1,2,11,14,16,18],"killed_by":"Book of Stabbing","ascension_level":6}