{"gold_per_floor":[118,193,149,159,170,170,197,70,70,85,85,110,128,143,143,143],"floor_reached":16,"playtime":591,"items_purged":[],"score":184,"play_id":"eda05472-b896-4afe-b642-8772c3ea6c41","local_time":"20190221192416","is_ascension_mode":true,"campfire_choices":[{"data":"Bash","floor":6,"key":"SMITH"},{"floor":15,"key":"REST"}],"neow_cost":"NONE","seed_source_timestamp":380763778837775,"circlet_count":0,"master_deck":["AscendersBane","Strike_R","Strike_R","Strike_R","Strike_R","Strike_R","Defend_R","Defend_R","Defend_R","Defend_R","Bash+1","Sword Boomerang","Carnage","Dual Wield","Flame Barrier","True Grit","Spot Weakness","Shrug It Off","Iron Wave"],"relics":["Burning Blood","Pear","Kunai","Bag of Preparation","Potion Belt"],"potions_floor_usage":[7,10,16,16],"damage_taken":[{"damage":10,"enemies":"2 Louse","floor":1,"turns":4},{"damage":5,"enemies":"Small Slimes","floor":4,"turns":3},{"damage":9,"enemies":"Jaw Worm","floor":5,"turns":3},{"damage":48,"enemies":"Gremlin Nob","floor":7,"turns":5},{"damage":6,"enemies":"Looter","floor":10,"turns":3},{"damage":11,"enemies":"Red Slaver","floor":13,"turns":4},{"damage":4,"enemies":"2 Fungi Beasts","floor":14,"turns":4},{"damage":63,"enemies":"Hexaghost","floor":16,"turns":9}],"seed_played":"-5852526692940890069","potions_obtained":[{"floor":1,"key":"Explosive Potion"},{"floor":5,"key":"BloodPotion"},{"floor":14,"key":"Explosive Potion"}],"is_trial":false,"path_per_floor":["M","?","$","M","M","R","E","$","T","M","?","T","M","M","R","B"],"character_chosen":"IRONCLAD","items_purchased":["Carnage","Regen Potion","Spot Weakness"],"campfire_rested":1,"item_purchase_floors":[3,8,8],"current_hp_per_floor":[71,60,60,61,58,58,34,34,34,43,38,38,33,35,62,0],"gold":143,"neow_bonus":"TEN_PERCENT_HP_BONUS","is_prod":false,"is_daily":false,"chose_seed":false,"campfire_upgraded":1,"win_rate":0,"timestamp":1550805856,"path_taken":["M","?","$","M","M","R","E","$","T","M","?","?","M","M","R","BOSS"],"build_version":"2019-01-23","purchased_purges":0,"victory":false,"max_hp_per_floor":[82,82,82,82,82,82,92,92,92,92,92,92,92,92,92,92],"card_choices":[{"not_picked":["Infernal Blade","Clash"],"picked":"Sword Boomerang","floor":1},{"not_picked":["Clash","Heavy Blade"],"picked":"Dual Wield","floor":4},{"not_picked":["Armaments","Headbutt"],"picked":"Flame Barrier","floor":5},{"not_picked":["Pummel","Demon Form"],"picked":"True Grit","floor":7},{"not_picked":["Cleave","Rupture"],"picked":"Shrug It Off","floor":10},{"not_picked":["Headbutt","Inflame","Heavy Blade"],"picked":"SKIP","floor":13},{"not_picked":["Havoc","Clothesline"],"picked":"Iron Wave","floor":14}],"player_experience":541017,"relics_obtained":[{"floor":7,"key":"Pear"},{"floor":9,"key":"Kunai"},{"floor":12,"key":"Potion Belt"}],"event_choices":[{"damage_healed":0,"gold_gain":75,"player_choice":"Gather Gold","damage_taken":11,"max_hp_gain":0,"max_hp_loss":0,"event_name":"World of Goop","floor":2,"gold_loss":0},{"damage_healed":0,"gold_gain":0,"player_choice":"Success","damage_taken":5,"relics_obtained":["Bag of Preparation"],"max_hp_gain":0,"max_hp_loss":0,"event_name":"Scrap Ooze","floor":11,"gold_loss":0}],"is_beta":false,"boss_relics":[],"items_purged_floors":[],"is_endless":false,"potions_floor_spawned":[1,5,14],"killed_by":"Hexaghost","ascension_level":16}