{"gold_per_floor":[11,11,11,11,11,11,23,23,97,97,126,140,155,174,174,251,251,270,288,288,307,322,322,351,123,123,133,153,153,173,190,190,266,266,284,296,1295,1307,577,577,589,601,628,647,647,14,25,0,0,0],"floor_reached":51,"playtime":1854,"items_purged":["Gash","Normality","Normality"],"score":1163,"play_id":"edc90a11-986c-4384-a671-e47590e679ab","local_time":"20181028144734","is_ascension_mode":true,"campfire_choices":[{"data":"Coolheaded","floor":6.0,"key":"SMITH"},{"data":"Defragment","floor":10.0,"key":"SMITH"},{"data":"Capacitor","floor":15.0,"key":"SMITH"},{"floor":23.0,"key":"REST"},{"floor":29.0,"key":"REST"},{"floor":32.0,"key":"REST"},{"floor":40.0,"key":"REST"},{"floor":49,"key":"REST"}],"neow_cost":"NO_GOLD","seed_source_timestamp":0,"circlet_count":0,"master_deck":["Zap+1","Dualcast+1","AscendersBane","Coolheaded+1","Defragment+1","Leap","Capacitor+1","Ball Lightning","Compile Driver","Electrodynamics","Cold Snap","Stack","Barrage","Beam Cell","Steam","Compile Driver","Leap","Coolheaded","Barrage","Cold Snap","Biased Cognition","Seek","Hologram","Lockon","Defragment+1","Master of Strategy","Apotheosis","Blizzard"],"special_seed":0,"relics":["Cracked Core","Ginger","Pear","Shuriken","Bronze Scales","Pandora\u0027s Box","Vajra","Bag of Preparation","Happy Flower","Sozu","DollysMirror","Cables","Ancient Tea Set","Mango","Red Mask"],"potions_floor_usage":[44,50],"damage_taken":[{"damage":7.0,"enemies":"Jaw Worm","floor":1.0,"turns":3.0},{"damage":2.0,"enemies":"Small Slimes","floor":7.0,"turns":3.0},{"damage":36.0,"enemies":"Gremlin Nob","floor":11.0,"turns":5.0},{"damage":0.0,"enemies":"Cultist","floor":12.0,"turns":3.0},{"damage":8.0,"enemies":"Blue Slaver","floor":13.0,"turns":3.0},{"damage":11.0,"enemies":"Lots of Slimes","floor":14.0,"turns":3.0},{"damage":8.0,"enemies":"Hexaghost","floor":16.0,"turns":8.0},{"damage":5.0,"enemies":"Spheric Guardian","floor":18.0,"turns":3.0},{"damage":0.0,"enemies":"Chosen","floor":19.0,"turns":3.0},{"damage":0.0,"enemies":"Snecko","floor":21.0,"turns":3.0},{"damage":16.0,"enemies":"Snake Plant","floor":22.0,"turns":4.0},{"damage":45.0,"enemies":"Book of Stabbing","floor":24.0,"turns":5.0},{"damage":7.0,"enemies":"Sentry and Sphere","floor":27.0,"turns":4.0},{"damage":7.0,"enemies":"Centurion and Healer","floor":28.0,"turns":4.0},{"damage":0.0,"enemies":"Chosen and Byrds","floor":30.0,"turns":4.0},{"damage":12.0,"enemies":"Snake Plant","floor":31.0,"turns":3.0},{"damage":37.0,"enemies":"Collector","floor":33.0,"turns":8.0},{"damage":8.0,"enemies":"3 Darklings","floor":35.0,"turns":3.0},{"damage":0.0,"enemies":"3 Shapes","floor":36.0,"turns":3.0},{"damage":42.0,"enemies":"Transient","floor":38.0,"turns":5.0},{"damage":16.0,"enemies":"4 Shapes","floor":41.0,"turns":2.0},{"damage":10.0,"enemies":"Jaw Worm Horde","floor":42.0,"turns":2.0},{"damage":1,"enemies":"Transient","floor":44,"turns":5},{"damage":14,"enemies":"4 Shapes","floor":47,"turns":5},{"damage":31,"enemies":"Awakened One","floor":50,"turns":10}],"seed_played":"-1025305220101578923","potions_obtained":[{"floor":7.0,"key":"Strength Potion"},{"floor":12.0,"key":"SpeedPotion"},{"floor":14.0,"key":"Energy Potion"},{"floor":16.0,"key":"Weak Potion"},{"floor":22.0,"key":"SneckoOil"},{"floor":27.0,"key":"SpeedPotion"},{"floor":30.0,"key":"Energy Potion"},{"floor":31.0,"key":"Weak Potion"},{"floor":33.0,"key":"GamblersBrew"}],"is_trial":false,"path_per_floor":["M","?","$","?","T","R","M","?","T","R","E","M","M","M","R","B",null,"M","M","?","M","M","R","E","$","T","M","M","R","M","M","R","B",null,"M","M","?","M","$","R","M","M","T","M","?","$","M","?","R","B"],"character_chosen":"DEFECT","items_purchased":["Bag of Preparation","DollysMirror","Master of Strategy","Cables","Apotheosis","Mango","Blizzard"],"campfire_rested":5,"item_purchase_floors":[25,39,39,39,46,46,46],"current_hp_per_floor":[57,43,43,43,53,53,51,78,78,78,42,42,34,23,23,15,65,60,60,60,60,44,68,23,23,23,16,9,33,33,21,45,8,63,55,55,55,13,13,37,21,11,11,10,10,24,10,10,38,7],"gold":0,"neow_bonus":"ONE_RARE_RELIC","is_prod":false,"is_daily":false,"chose_seed":false,"campfire_upgraded":3,"win_rate":0,"timestamp":1540734454,"path_taken":["M","?","$","?","?","R","M","?","T","R","E","M","M","M","R","BOSS","M","M","?","M","M","R","E","$","T","M","M","R","M","M","R","BOSS","M","M","?","?","$","R","M","M","T","M","?","$","M","?","R","BOSS"],"build_version":"2018-10-25v2","purchased_purges":3,"victory":true,"max_hp_per_floor":[71,71,71,71,81,81,81,81,81,81,81,81,81,81,81,81,81,81,81,81,81,81,81,81,81,81,81,81,81,81,81,81,81,81,81,81,81,81,81,81,81,81,81,81,81,95,95,95,95,95],"card_choices":[{"not_picked":["Rebound","Turbo"],"picked":"Coolheaded","floor":1.0},{"not_picked":["Darkness","Coolheaded"],"picked":"Defragment","floor":7.0},{"not_picked":["Reprogram","Rebound"],"picked":"Leap","floor":11.0},{"not_picked":["Hologram","Go for the Eyes"],"picked":"Capacitor","floor":12.0},{"not_picked":["Leap","Go for the Eyes"],"picked":"Ball Lightning","floor":13.0},{"not_picked":["Scrape","Rainbow"],"picked":"Compile Driver","floor":14.0},{"not_picked":["Amplify","Rainbow"],"picked":"Electrodynamics","floor":16.0},{"not_picked":["Turbo","FTL","Rebound"],"picked":"SKIP","floor":18.0},{"not_picked":["Turbo","Leap"],"picked":"Coolheaded","floor":19.0},{"not_picked":["Doom and Gloom","Rebound","Barrage"],"picked":"SKIP","floor":21.0},{"not_picked":["Loop","Conserve Battery","Force Field"],"picked":"SKIP","floor":22.0},{"not_picked":["Ball Lightning","Hologram"],"picked":"Barrage","floor":24.0},{"not_picked":["Consume","Gash"],"picked":"Cold Snap","floor":27.0},{"not_picked":["Ball Lightning","Compile Driver+1","Streamline"],"picked":"SKIP","floor":28.0},{"not_picked":["Compile Driver","Coolheaded"],"picked":"Biased Cognition","floor":30.0},{"not_picked":["Coolheaded","Skim","Steam"],"picked":"SKIP","floor":31.0},{"not_picked":["Amplify","Machine Learning"],"picked":"Seek","floor":33.0},{"not_picked":["Melter","Rebound"],"picked":"Hologram","floor":35.0},{"not_picked":["Barrage","Stack"],"picked":"Lockon","floor":36.0},{"not_picked":["Barrage+1","Hologram","Storm"],"picked":"SKIP","floor":38.0},{"not_picked":["Lockon","Static Discharge+1","Redo"],"picked":"SKIP","floor":41.0},{"not_picked":["Turbo","Static Discharge","Go for the Eyes"],"picked":"SKIP","floor":42.0},{"not_picked":["Conserve Battery","Undo+1","Machine Learning"],"picked":"SKIP","floor":44},{"not_picked":["Stack","Conserve Battery+1","Storm+1"],"picked":"SKIP","floor":47}],"player_experience":594306,"relics_obtained":[{"floor":5.0,"key":"Pear"},{"floor":9.0,"key":"Shuriken"},{"floor":11.0,"key":"Bronze Scales"},{"floor":24.0,"key":"Vajra"},{"floor":26.0,"key":"Happy Flower"},{"floor":43.0,"key":"Ancient Tea Set"}],"event_choices":[{"damage_healed":0.0,"max_hp_gain":0.0,"max_hp_loss":0.0,"gold_gain":0.0,"event_name":"Shining Light","player_choice":"Entered Light","floor":2.0,"gold_loss":0.0,"damage_taken":14.0,"cards_upgraded":["Zap","Strike_B"]},{"damage_healed":0.0,"max_hp_gain":0.0,"max_hp_loss":0.0,"gold_gain":0.0,"event_name":"Accursed Blacksmith","player_choice":"Forge","floor":4.0,"gold_loss":0.0,"damage_taken":0.0,"cards_upgraded":["Dualcast"]},{"damage_healed":27.0,"max_hp_gain":0.0,"max_hp_loss":0.0,"gold_gain":0.0,"event_name":"Big Fish","player_choice":"Banana","floor":8.0,"gold_loss":0.0,"damage_taken":0.0},{"damage_healed":0.0,"max_hp_gain":0.0,"max_hp_loss":0.0,"gold_gain":0.0,"event_name":"Vampires","player_choice":"Ignored","floor":20.0,"gold_loss":0.0,"damage_taken":0.0},{"damage_healed":0.0,"max_hp_gain":0.0,"max_hp_loss":0.0,"gold_gain":999.0,"event_name":"MindBloom","player_choice":"Gold","floor":37.0,"gold_loss":0.0,"damage_taken":0.0,"cards_obtained":["Normality","Normality"]},{"damage_healed":0,"gold_gain":0,"player_choice":"Ignored","damage_taken":0,"max_hp_gain":0,"max_hp_loss":0,"event_name":"Mysterious Sphere","floor":45,"gold_loss":0},{"damage_healed":0,"gold_gain":0,"player_choice":"Paid","damage_taken":0,"relics_obtained":["Red Mask"],"max_hp_gain":0,"max_hp_loss":0,"event_name":"Tomb of Lord Red Mask","floor":48,"gold_loss":25}],"is_beta":false,"boss_relics":[{"not_picked":["Black Star","White Beast Statue"],"picked":"Pandora\u0027s Box"},{"not_picked":["Fusion Hammer","Eternal Feather"],"picked":"Sozu"}],"items_purged_floors":[25,39,46],"is_endless":false,"potions_floor_spawned":[7,12,14,16,22,27,30,31,33,36,44],"ascension_level":14}