{"gold_per_floor":[111,124,49,60,74,74,85,98,121,132,132,142,159,84,84,159,159,179,179,198,198,148,148,161,161,161,161],"floor_reached":27,"playtime":3364,"items_purged":[],"score":397,"play_id":"4ab2dd03-eb95-436f-8da4-a649a758f0ff","local_time":"20181214220809","is_ascension_mode":true,"campfire_choices":[{"data":"Body Slam","floor":6,"key":"SMITH"},{"data":"True Grit","floor":11,"key":"SMITH"},{"data":"Entrench","floor":15,"key":"SMITH"},{"floor":23,"key":"REST"},{"floor":25,"key":"REST"}],"neow_cost":"NONE","seed_source_timestamp":118322601816574,"circlet_count":0,"master_deck":["AscendersBane","Strike_R","Strike_R","Strike_R","Strike_R","Defend_R","Defend_R","Defend_R","Defend_R","Bash","Shrug It Off","Iron Wave","Metallicize","Reckless Charge","Body Slam+1","Entrench+1","Metallicize","True Grit+1","Feel No Pain","Impervious"],"relics":["Burning Blood","NeowsBlessing","Bronze Scales","Busted Crown","Toxic Egg 2"],"potions_floor_usage":[7,16,27],"damage_taken":[{"damage":0,"enemies":"Cultist","floor":1,"turns":1},{"damage":0,"enemies":"Small Slimes","floor":2,"turns":2},{"damage":0,"enemies":"2 Louse","floor":4,"turns":1},{"damage":14,"enemies":"Gremlin Gang","floor":5,"turns":6},{"damage":1,"enemies":"Lots of Slimes","floor":7,"turns":5},{"damage":19,"enemies":"3 Louse","floor":8,"turns":5},{"damage":6,"enemies":"2 Fungi Beasts","floor":10,"turns":4},{"damage":14,"enemies":"Blue Slaver","floor":12,"turns":4},{"damage":0,"enemies":"Looter","floor":13,"turns":4},{"damage":56,"enemies":"Hexaghost","floor":16,"turns":17},{"damage":23,"enemies":"3 Byrds","floor":18,"turns":4},{"damage":21,"enemies":"Shell Parasite","floor":20,"turns":8},{"damage":41,"enemies":"Snecko","floor":24,"turns":11},{"damage":40,"enemies":"Snake Plant","floor":27,"turns":2}],"seed_played":"-5417463410216404371","potions_obtained":[{"floor":5,"key":"AttackPotion"},{"floor":8,"key":"Energy Potion"},{"floor":10,"key":"SpeedPotion"},{"floor":19,"key":"LiquidBronze"}],"is_trial":false,"path_per_floor":["M","M","$","M","M","R","M","M","T","M","R","M","M","?","R","B",null,"M","?","M","?","?","R","M","R","T","M"],"character_chosen":"IRONCLAD","items_purchased":["Metallicize"],"campfire_rested":2,"item_purchase_floors":[3],"current_hp_per_floor":[74,75,75,75,67,67,72,59,59,59,59,51,57,57,57,7,58,41,41,26,26,26,48,13,35,35,0],"gold":161,"neow_bonus":"THREE_ENEMY_KILL","is_prod":false,"is_daily":false,"chose_seed":false,"campfire_upgraded":3,"win_rate":0,"timestamp":1544821689,"path_taken":["M","M","?","?","M","R","M","M","T","M","R","M","M","?","R","BOSS","M","?","?","?","?","R","M","R","T","M"],"build_version":"2018-12-13","purchased_purges":0,"victory":false,"max_hp_per_floor":[75,75,75,75,75,75,75,75,75,75,75,75,75,75,75,75,75,75,75,75,75,75,75,75,75,75,75],"card_choices":[{"not_picked":["Havoc","Entrench"],"picked":"Shrug It Off","floor":1},{"not_picked":["Warcry","Shrug It Off"],"picked":"Iron Wave","floor":2},{"not_picked":["Iron Wave","Seeing Red"],"picked":"Reckless Charge","floor":4},{"not_picked":["True Grit","Pommel Strike"],"picked":"Body Slam","floor":5},{"not_picked":["Searing Blow","Berserk"],"picked":"Entrench","floor":7},{"not_picked":["Warcry","Disarm"],"picked":"Metallicize","floor":8},{"not_picked":["Bloodletting","Anger"],"picked":"True Grit","floor":10},{"not_picked":["Cleave","Clothesline","Rage"],"picked":"SKIP","floor":12},{"not_picked":["Headbutt","Flex"],"picked":"Feel No Pain","floor":13},{"not_picked":["Bludgeon","Feed"],"picked":"Impervious","floor":16},{"not_picked":["Seeing Red"],"picked":"SKIP","floor":18},{"not_picked":["Burning Pact"],"picked":"SKIP","floor":20},{"not_picked":["Clash"],"picked":"SKIP","floor":24}],"player_experience":753217,"relics_obtained":[{"floor":9,"key":"Bronze Scales"},{"floor":26,"key":"Toxic Egg 2"}],"event_choices":[{"cards_removed":["Strike_R"],"damage_healed":0,"gold_gain":0,"player_choice":"Card Removal","damage_taken":0,"max_hp_gain":0,"max_hp_loss":0,"event_name":"The Cleric","floor":14,"gold_loss":75},{"damage_healed":0,"gold_gain":0,"player_choice":"Got Potions","damage_taken":0,"max_hp_gain":0,"max_hp_loss":0,"event_name":"Lab","floor":19,"gold_loss":0},{"damage_healed":0,"gold_gain":0,"player_choice":"Ignored","damage_taken":0,"max_hp_gain":0,"max_hp_loss":0,"event_name":"The Mausoleum","floor":21,"gold_loss":0},{"damage_healed":0,"gold_gain":0,"player_choice":"Bet on Murderer","damage_taken":0,"max_hp_gain":0,"max_hp_loss":0,"event_name":"The Joust","floor":22,"gold_loss":50}],"is_beta":false,"boss_relics":[{"not_picked":["Runic Pyramid","Ectoplasm"],"picked":"Busted Crown"}],"items_purged_floors":[],"is_endless":false,"potions_floor_spawned":[5,8,10,20,24],"killed_by":"Snake Plant","ascension_level":18}