{"gold_per_floor":[114,129,204,204,223,223,255,255,278,304,304,321,321,335,335,335],"floor_reached":16,"playtime":1101,"items_purged":[],"score":135,"play_id":"8ab61219-ce49-481e-a498-796433bf422d","local_time":"20190212033010","is_ascension_mode":true,"campfire_choices":[{"data":"Zap","floor":6,"key":"SMITH"},{"data":"Dualcast","floor":8,"key":"SMITH"},{"floor":13,"key":"REST"},{"data":"Hologram","floor":15,"key":"SMITH"}],"neow_cost":"NONE","seed_source_timestamp":885998677049342,"circlet_count":0,"master_deck":["Strike_B","Strike_B","Strike_B","Strike_B","Defend_B","Defend_B","Defend_B","Zap+1","Dualcast+1","Coolheaded","Seek","Conserve Battery","Hologram+1","Leap","Stack"],"relics":["Cracked Core","Oddly Smooth Stone","Pen Nib","Odd Mushroom","Strawberry"],"potions_floor_usage":[],"damage_taken":[{"damage":0,"enemies":"Cultist","floor":1,"turns":4},{"damage":10,"enemies":"2 Louse","floor":2,"turns":4},{"damage":0,"enemies":"Small Slimes","floor":5,"turns":3},{"damage":21,"enemies":"3 Sentries","floor":7,"turns":9},{"damage":8,"enemies":"The Mushroom Lair","floor":10,"turns":5},{"damage":6,"enemies":"Gremlin Gang","floor":12,"turns":5},{"damage":2,"enemies":"Large Slime","floor":14,"turns":5},{"damage":45,"enemies":"Hexaghost","floor":16,"turns":16}],"seed_played":"-1380072297990203335","potions_obtained":[{"floor":2,"key":"Swift Potion"},{"floor":5,"key":"Poison Potion"}],"is_trial":false,"path_per_floor":["M","M","?","?","M","R","E","R","T","?","?","M","R","M","R","B"],"character_chosen":"DEFECT","items_purchased":[],"campfire_rested":1,"item_purchase_floors":[],"current_hp_per_floor":[75,65,54,54,54,54,33,33,33,25,25,19,45,43,43,0],"gold":335,"neow_bonus":"TEN_PERCENT_HP_BONUS","is_prod":false,"is_daily":false,"chose_seed":false,"campfire_upgraded":3,"win_rate":0,"timestamp":1549938610,"path_taken":["M","M","?","?","M","R","E","R","T","?","?","M","R","M","R","BOSS"],"build_version":"2019-01-23","purchased_purges":0,"victory":false,"max_hp_per_floor":[82,82,82,82,82,82,82,82,82,82,89,89,89,89,89,89],"card_choices":[{"not_picked":["Steam","Tempest"],"picked":"Coolheaded","floor":1},{"not_picked":["Steam","Gash"],"picked":"Seek","floor":2},{"not_picked":["Streamline","Compile Driver","Barrage"],"picked":"SKIP","floor":5},{"not_picked":["Darkness","Steam"],"picked":"Conserve Battery","floor":7},{"not_picked":["Thunder Strike","Steam"],"picked":"Hologram","floor":10},{"not_picked":["Heatsinks","Hello World"],"picked":"Leap","floor":12},{"not_picked":["Thunder Strike","Turbo"],"picked":"Stack","floor":14}],"player_experience":376031,"relics_obtained":[{"floor":7,"key":"Oddly Smooth Stone"},{"floor":9,"key":"Pen Nib"},{"floor":10,"key":"Odd Mushroom"}],"event_choices":[{"damage_healed":0,"gold_gain":75,"player_choice":"Gather Gold","damage_taken":11,"max_hp_gain":0,"max_hp_loss":0,"event_name":"World of Goop","floor":3,"gold_loss":0},{"cards_removed":["Defend_B"],"damage_healed":0,"gold_gain":0,"player_choice":"Forget","damage_taken":0,"max_hp_gain":0,"max_hp_loss":0,"event_name":"Living Wall","floor":4,"gold_loss":0},{"damage_healed":0,"gold_gain":0,"player_choice":"Fought Mushrooms","damage_taken":0,"max_hp_gain":0,"max_hp_loss":0,"event_name":"Mushrooms","floor":10,"gold_loss":0},{"damage_healed":0,"gold_gain":0,"player_choice":"Success","damage_taken":7,"relics_obtained":["Strawberry"],"max_hp_gain":0,"max_hp_loss":0,"event_name":"Scrap Ooze","floor":11,"gold_loss":0}],"is_beta":false,"boss_relics":[],"items_purged_floors":[],"is_endless":false,"potions_floor_spawned":[2,5],"killed_by":"Hexaghost","ascension_level":7}