{"gold_per_floor":[11,29,88,363,37,37,50,84,108,108,108,108,121,140,140,140],"floor_reached":16,"playtime":405,"items_purged":["Regret"],"score":190,"play_id":"0999e3aa-0d6d-4421-abf4-33058cfe0430","local_time":"20181227144754","is_ascension_mode":true,"campfire_choices":[{"data":"Whirlwind","floor":6,"key":"SMITH"},{"data":"Heavy Blade","floor":11,"key":"SMITH"},{"data":"Sucker Punch","floor":15,"key":"SMITH"}],"neow_cost":"NO_GOLD","seed_source_timestamp":526498829678457,"circlet_count":0,"master_deck":["AscendersBane","Strike_R+1","Strike_R","Strike_R","Strike_R","Strike_R","Defend_R","Defend_R","Defend_R","Defend_R","Bash","Heavy Blade+1","Shrug It Off","Whirlwind+1","Good Instincts+1","Turbo","Sucker Punch+1","Leap"],"relics":["Burning Blood","Du-Vu Doll","PrismaticShard","Blood Vial","Lantern"],"potions_floor_usage":[],"damage_taken":[{"damage":0,"enemies":"2 Louse","floor":1,"turns":3},{"damage":6,"enemies":"Small Slimes","floor":2,"turns":3},{"damage":1,"enemies":"Cultist","floor":7,"turns":3},{"damage":27,"enemies":"3 Sentries","floor":8,"turns":6},{"damage":6,"enemies":"Looter","floor":13,"turns":3},{"damage":1,"enemies":"3 Louse","floor":14,"turns":2},{"damage":53,"enemies":"Hexaghost","floor":16,"turns":11}],"seed_played":"-7681981995682773429","potions_obtained":[{"floor":8,"key":"SteroidPotion"},{"floor":14,"key":"SpeedPotion"}],"is_trial":false,"path_per_floor":["M","M","?","?","$","R","M","E","T","?","R","?","M","M","R","B"],"character_chosen":"IRONCLAD","items_purchased":["PrismaticShard","Whirlwind"],"campfire_rested":0,"item_purchase_floors":[5,5],"current_hp_per_floor":[74,74,74,74,74,74,75,54,54,31,31,36,38,45,45,0],"gold":140,"neow_bonus":"ONE_RARE_RELIC","is_prod":false,"is_daily":false,"chose_seed":false,"campfire_upgraded":3,"win_rate":0,"timestamp":1545918474,"path_taken":["M","M","?","?","$","R","?","E","T","?","R","?","?","M","R","BOSS"],"build_version":"2018-12-20","purchased_purges":1,"victory":false,"max_hp_per_floor":[75,75,75,75,75,75,75,75,75,75,75,80,80,80,80,80],"card_choices":[{"not_picked":["Cleave","Flame Barrier"],"picked":"Heavy Blade","floor":1},{"not_picked":["Twin Strike","Searing Blow"],"picked":"Shrug It Off","floor":2},{"not_picked":["Bane","Thunderclap"],"picked":"Good Instincts","floor":7},{"not_picked":["Power Through","Rupture"],"picked":"Turbo","floor":8},{"not_picked":["PiercingWail","Dagger Throw"],"picked":"Sucker Punch","floor":13},{"not_picked":["Searing Blow","Purity"],"picked":"Leap","floor":14}],"player_experience":793298,"relics_obtained":[{"floor":8,"key":"Blood Vial"},{"floor":9,"key":"Lantern"}],"event_choices":[{"damage_healed":0,"gold_gain":59,"player_choice":"Gained Gold","damage_taken":0,"max_hp_gain":0,"max_hp_loss":0,"event_name":"Golden Wing","floor":3,"gold_loss":0},{"damage_healed":0,"gold_gain":275,"player_choice":"Desecrate","damage_taken":0,"max_hp_gain":0,"max_hp_loss":0,"event_name":"Golden Shrine","floor":4,"gold_loss":0,"cards_obtained":["Regret"]},{"damage_healed":0,"gold_gain":0,"player_choice":"Entered Light","damage_taken":23,"max_hp_gain":0,"max_hp_loss":0,"event_name":"Shining Light","floor":10,"gold_loss":0,"cards_upgraded":["Good Instincts","Strike_R"]},{"damage_healed":0,"gold_gain":0,"player_choice":"Donut","damage_taken":0,"max_hp_gain":5,"max_hp_loss":0,"event_name":"Big Fish","floor":12,"gold_loss":0}],"is_beta":false,"boss_relics":[],"items_purged_floors":[5],"is_endless":false,"potions_floor_spawned":[8,14],"killed_by":"Hexaghost","ascension_level":18}