{"gold_per_floor":[114,114,114,123,131,154,154,180,217,217,217,50,60,60,60,120,120,129,142,62,62,72,72,93,93,93,93,113,113,113,158,158,158,158,295,295,311,177,177,177,177,199,225,248,248,57,224,244,269,269,224,270,290,290,129,42,67,325],"floor_reached":59,"playtime":2711,"items_purged":["Strike_G"],"score":3340,"play_id":"4a2e8131-8623-4022-a500-f16dbf5f328a","local_time":"20190216003835","is_ascension_mode":true,"campfire_choices":[{"data":"Neutralize","floor":7.0,"key":"SMITH"},{"floor":11.0,"key":"RECALL"},{"data":"Survivor","floor":15.0,"key":"SMITH"},{"data":"Defend_G","floor":23.0,"key":"SMITH"},{"data":"Accuracy","floor":34.0,"key":"SMITH"}],"neow_cost":"","seed_source_timestamp":0,"circlet_count":0,"master_deck":["AscendersBane","Defend_G+2","Defend_G+1","Defend_G","Defend_G","Survivor+1","Neutralize+1","Slice+1","Sucker Punch+1","strawberrySpire:SpinKick+1","Heel Hook+1","strawberrySpire:Rummage+1","hubris:Counter+1","Adrenaline+1","strawberrySpire:Urgency+1","jedi:forcepush+1","strawberrySpire:SpinKick+1","Terror+1","Tactician+1","Accuracy+1","ReplayTheSpireMod:Exploit Weakness+1","Adrenaline+1","Blade Dance+1","Heel Hook+1","strawberrySpire:SpinKick+1","Cloak And Dagger+1","ReplayTheSpireMod:Private Reserves+1"],"special_seed":0,"relics":["Ring of the Snake","EnergyCheck","HushsDoor","GuppysPaw","halation:Sosunser","halation:Pancakes","halation:Diary","ZombieTooth","Gremlin Horn","Molten Egg 2","AnarchistCookbook","ReplayTheSpireMod:Lightbulb","Chemical X","jedi:fakemustache","PreservedInsect","Strawberry","Medical Kit","Nyarlathotep","Membership Card","TheBible","OneHitWonder","hubris:AncientText","GnawedLeaf","Replay:Accelerometer","Bag of Preparation","Toxic Egg 2","DeadEye","Temperance","DeathBook","Snake Skull","Replay:WaspNest","Bandana","hubris:DisguiseKit","aspiration:SupercapacitiveCoin","ReplayTheSpireMod:DimensionalGlitch","BelialBook","JudasShadow","Singing Bowl","halation:PapillonHeart","Regal Pillow","ReplayFunnel","ToxicTincture","Simple Rune","Boot","Basket Of Snakes","Muramasa","SnailShell","hubris:CrystalStatue"],"potions_floor_usage":[],"damage_taken":[{"damage":0.0,"enemies":"Cultist","floor":1.0,"turns":4.0},{"damage":2.0,"enemies":"2 Louse","floor":4.0,"turns":3.0},{"damage":0.0,"enemies":"Small Slimes","floor":5.0,"turns":2.0},{"damage":9.0,"enemies":"3 Sentries","floor":6.0,"turns":8.0},{"damage":2.0,"enemies":"Lagavulin","floor":8.0,"turns":5.0},{"damage":0.0,"enemies":"Looter","floor":13.0,"turns":2.0},{"damage":0.0,"enemies":"Monstro","floor":16.0,"turns":10.0},{"damage":0.0,"enemies":"Shell Parasite","floor":18.0,"turns":1.0},{"damage":0.0,"enemies":"Chosen","floor":19.0,"turns":2.0},{"damage":0.0,"enemies":"Centurion and Healer","floor":22.0,"turns":1.0},{"damage":0.0,"enemies":"Book of Stabbing","floor":24.0,"turns":2.0},{"damage":0.0,"enemies":"conspire:Head Lice","floor":28.0,"turns":1.0},{"damage":0.0,"enemies":"conspire:SneckoGhost","floor":31.0,"turns":2.0},{"damage":0.0,"enemies":"Pondfish","floor":35.0,"turns":4.0},{"damage":0.0,"enemies":"Orb Walker","floor":37.0,"turns":1.0},{"damage":0.0,"enemies":"R_Hoarder","floor":42.0,"turns":1.0},{"damage":0.0,"enemies":"3 Darklings","floor":43.0,"turns":1.0},{"damage":0.0,"enemies":"Nemesis","floor":44.0,"turns":1.0},{"damage":0.0,"enemies":"Writhing Mass","floor":47.0,"turns":1.0},{"damage":0.0,"enemies":"Spire Growth","floor":48.0,"turns":1.0},{"damage":0.0,"enemies":"3 Darklings","floor":49.0,"turns":1.0},{"damage":0.0,"enemies":"Awakened One","floor":52.0,"turns":2.0},{"damage":0.0,"enemies":"Time Eater","floor":53.0,"turns":3.0},{"damage":0.0,"enemies":"Shield and Spear","floor":57.0,"turns":1.0},{"damage":0,"enemies":"LittleHush","floor":58,"turns":5}],"seed_played":"-868467123635643206","potions_obtained":[{"floor":4.0,"key":"Death Potion"},{"floor":6.0,"key":"SkillPotion"},{"floor":18.0,"key":"Fire Potion"}],"is_trial":false,"path_per_floor":["M","T","?","M","M","E","R","E","T","T","R","$","M","?","R","B",null,"M","M","?","$","M","R","E","$","T","?","E","PTL","PTL","E","?","?","R","B",null,"M","$","?","?","?","E","M","E","T","$","M","M","M","$","R","B","B",null,"R","$","E","B",null],"character_chosen":"THE_SILENT","items_purchased":["halation:Sosunser","halation:Pancakes","halation:Diary","ZombieTooth","Gremlin Horn","Molten Egg 2","AnarchistCookbook","Backstab+1","ReplayTheSpireMod:Lightbulb","Chemical X","jedi:fakemustache","PreservedInsect","Strawberry","Medical Kit","Membership Card","TheBible","DeadEye","strawberrySpire:Rummage+1","DeathBook","strawberrySpire:Urgency+1","jedi:forcepush+1","BelialBook","ReplayTheSpireMod:Exploit Weakness+1","Adrenaline+1","JudasShadow","Singing Bowl","ToxicTincture","Simple Rune","ReplayTheSpireMod:Private Reserves+1","Muramasa","SnailShell"],"campfire_rested":0,"item_purchase_floors":[0,0,0,0,0,0,0,0,0,0,0,0,0,0,0,0,12,12,17,17,17,36,36,36,36,38,46,46,51,55,56],"current_hp_per_floor":[73,73,58,56,56,47,47,45,45,45,45,53,53,46,46,46,53,53,53,53,53,53,53,53,53,53,53,53,53,53,53,37,22,22,22,1,1,1,1,1,1,1,1,3,3,1,1,1,1,1,1,1,1,1,1,1,1,1],"gold":325,"neow_bonus":"","is_prod":false,"is_daily":false,"chose_seed":false,"campfire_upgraded":4,"win_rate":0,"timestamp":1550248715,"path_taken":["M","?","?","M","M","E","R","E","T","?","R","$","M","?","R","BOSS","M","M","?","$","M","R","E","$","T","?","E","PTL","PTL","E","?","?","R","BOSS","M","$","?","?","?","E","M","E","T","$","?","M","M","$","R","BOSS","BOSS","R","$","E","BOSS"],"build_version":"2019-01-23","purchased_purges":1,"victory":true,"max_hp_per_floor":[73,73,73,73,73,73,73,73,73,73,73,73,73,73,73,73,58,58,58,58,58,58,58,58,58,58,58,58,58,58,58,63,63,63,63,1,1,1,1,1,1,1,1,3,3,1,1,1,1,1,1,1,1,1,1,1,1,1],"card_choices":[{"not_picked":[],"picked":"SuicideKing","floor":0.0},{"not_picked":["Distraction","Toxin Wave"],"picked":"Sucker Punch+1","floor":1.0},{"not_picked":["Reflex","Dodge and Roll","Slice+1"],"picked":"SKIP","floor":4.0},{"not_picked":["Phantasmal Killer","strawberrySpire:Swampstar"],"picked":"strawberrySpire:SpinKick+1","floor":5.0},{"not_picked":["strawberrySpire:HopSkipAndJump","Fluid Movement"],"picked":"Heel Hook+1","floor":6.0},{"not_picked":["Acrobatics","ReplayTheSpireMod:Shiv Toss","Dodge and Roll"],"picked":"SKIP","floor":8.0},{"not_picked":["Fluid Movement","Noxious Fumes"],"picked":"hubris:Counter+1","floor":13.0},{"not_picked":["strawberrySpire:Lockstep","A Thousand Cuts"],"picked":"Adrenaline+1","floor":16.0},{"not_picked":["Deflect+1","Poisoned Stab+1"],"picked":"strawberrySpire:SpinKick+1","floor":18.0},{"not_picked":["Choke+1","Hidden Blade+1"],"picked":"Terror+1","floor":19.0},{"not_picked":["strawberrySpire:Rummage+1","Dodge and Roll+1"],"picked":"Tactician+1","floor":22.0},{"not_picked":["strawberrySpire:Trickbox+1","strawberrySpire:DreamfoilDart+1","Underhanded Strike+1"],"picked":"SKIP","floor":24.0},{"not_picked":["Dagger Spray+1","InfectiousVector+1","strawberrySpire:HopSkipAndJump+1"],"picked":"SKIP","floor":28.0},{"not_picked":["ReplayTheSpireMod:Necrosis+1","Die Die Die+1"],"picked":"Accuracy","floor":31.0},{"not_picked":["strawberrySpire:SideSwipe+1","InfectiousVector+1","Blizzard"],"picked":"Blade Dance+1","floor":37.0},{"not_picked":["Poisoned Stab+1","Pace+1","strawberrySpire:Slide+1","hubris:Ukulele"],"picked":"Singing Bowl","floor":42.0},{"not_picked":["All Out Attack+1","Dodge and Roll+1","Cloak And Dagger+1","Fusion"],"picked":"Singing Bowl","floor":43.0},{"not_picked":["strawberrySpire:Fastroyer+1","Dagger Spray+1","Catalyst+1","Sweeping Beam"],"picked":"Singing Bowl","floor":44.0},{"not_picked":["Blade Dance+1","hubris:Sniper+1","ReplaySolidLightProjector"],"picked":"Cloak And Dagger+1","floor":47.0},{"not_picked":["Predator+1","Quick Slash+1","strawberrySpire:DeltaFlow+1","hubris:SpecializedCircuitry"],"picked":"Singing Bowl","floor":47.0},{"not_picked":["Bouncing Flask+1","Cloak And Dagger+1","ShadowRift+1","strawberrySpire:SearchEngine"],"picked":"Singing Bowl","floor":47.0},{"not_picked":["strawberrySpire:Pant+1","Catalyst+1","ShadowRift+1","Turbo"],"picked":"Singing Bowl","floor":48.0},{"not_picked":["Bouncing Flask+1","Pace+1","Replay:Poison Smokescreen+1","strawberrySpire:DataDump"],"picked":"Singing Bowl","floor":49.0},{"not_picked":["jedi:poisonivy","Grand Finale+1","PiercingWail+1","Reprogram"],"picked":"Singing Bowl","floor":57.0}],"player_experience":775710,"relics_obtained":[{"floor":2.0,"key":"OneHitWonder"},{"floor":6.0,"key":"GnawedLeaf"},{"floor":8.0,"key":"Replay:Accelerometer"},{"floor":9.0,"key":"Bag of Preparation"},{"floor":10.0,"key":"Toxic Egg 2"},{"floor":24.0,"key":"Snake Skull"},{"floor":26.0,"key":"Replay:WaspNest"},{"floor":28.0,"key":"Bandana"},{"floor":31.0,"key":"hubris:DisguiseKit"},{"floor":42.0,"key":"Regal Pillow"},{"floor":44.0,"key":"ReplayFunnel"},{"floor":47.0,"key":"Boot"},{"floor":47.0,"key":"Basket Of Snakes"},{"floor":57.0,"key":"hubris:CrystalStatue"}],"event_choices":[{"cards_removed":["Strike_G"],"damage_healed":0.0,"max_hp_gain":0.0,"max_hp_loss":0.0,"gold_gain":0.0,"event_name":"Golden Wing","player_choice":"Card Removal","floor":14.0,"gold_loss":0.0,"damage_taken":7.0},{"damage_healed":0.0,"max_hp_gain":0.0,"max_hp_loss":0.0,"gold_gain":0.0,"event_name":"Ghosts","player_choice":"Ignored","floor":27.0,"gold_loss":0.0,"damage_taken":0.0},{"damage_healed":0.0,"max_hp_gain":5.0,"max_hp_loss":0.0,"gold_gain":0.0,"event_name":"Forgotten Altar","player_choice":"Shed Blood","floor":32.0,"gold_loss":0.0,"damage_taken":20.0}],"is_beta":false,"boss_relics":[{"not_picked":["conspire:RoyalGoblet","TimeTraveler"],"picked":"Temperance"},{"not_picked":[]},{"not_picked":["Replay:Grab Bag","halation:LoveArrow"],"picked":"ReplayTheSpireMod:DimensionalGlitch"},{"not_picked":[]}],"items_purged_floors":[36],"is_endless":false,"potions_floor_spawned":[4,6,8,18,24,35,44,48,49,57],"ascension_level":24}