{"gold_per_floor":[110,185,185,65,75,75,87,105,105,105,123,155,169,185,185,262,262,277,287,212,45,59,59],"floor_reached":23,"playtime":1236,"items_purged":["Strike_B"],"score":332,"play_id":"72ebac00-9d3a-43ec-986c-3f1d001790cd","local_time":"20190226132313","is_ascension_mode":true,"campfire_choices":[{"data":"Zap","floor":6,"key":"SMITH"},{"floor":10,"key":"REST"},{"floor":15,"key":"REST"}],"neow_cost":"PERCENT_DAMAGE","seed_source_timestamp":927783794797348,"circlet_count":0,"master_deck":["AscendersBane","Strike_B","Strike_B+1","Strike_B","Defend_B","Defend_B","Defend_B","Zap+1","Dualcast","Coolheaded+1","Sunder","Reinforced Body","FTL","Tempest","BootSequence","Echo Form","Stack","Doom and Gloom","Good Instincts","Hologram"],"relics":["Cracked Core","Bird Faced Urn","Girya","Bottled Lightning","Runic Pyramid"],"potions_floor_usage":[12,12,16,19,22,23],"damage_taken":[{"damage":2,"enemies":"2 Louse","floor":1,"turns":3},{"damage":0,"enemies":"Small Slimes","floor":5,"turns":3},{"damage":0,"enemies":"Cultist","floor":7,"turns":3},{"damage":9,"enemies":"Lots of Slimes","floor":8,"turns":5},{"damage":0,"enemies":"Large Slime","floor":11,"turns":4},{"damage":11,"enemies":"3 Sentries","floor":12,"turns":4},{"damage":8,"enemies":"Blue Slaver","floor":13,"turns":3},{"damage":11,"enemies":"3 Louse","floor":14,"turns":2},{"damage":14,"enemies":"The Guardian","floor":16,"turns":14},{"damage":2,"enemies":"Chosen","floor":18,"turns":4},{"damage":15,"enemies":"2 Thieves","floor":19,"turns":4},{"damage":8,"enemies":"3 Cultists","floor":22,"turns":5},{"damage":55,"enemies":"Slavers","floor":23,"turns":3}],"seed_played":"-5447736530152045645","potions_obtained":[{"floor":8,"key":"EssenceOfSteel"},{"floor":11,"key":"Explosive Potion"},{"floor":13,"key":"FocusPotion"},{"floor":14,"key":"GamblersBrew"},{"floor":18,"key":"EssenceOfSteel"},{"floor":22,"key":"AttackPotion"}],"is_trial":false,"path_per_floor":["M","?","?","?","M","R","M","M","T","R","M","E","M","M","R","B",null,"M","M","?","$","M","E"],"character_chosen":"DEFECT","items_purchased":["Good Instincts"],"campfire_rested":2,"item_purchase_floors":[21],"current_hp_per_floor":[58,47,30,30,30,30,30,21,21,46,46,35,27,16,41,27,71,71,56,56,56,50,0],"gold":59,"neow_bonus":"TWENTY_PERCENT_HP_BONUS","is_prod":false,"is_daily":false,"chose_seed":false,"campfire_upgraded":1,"win_rate":0,"timestamp":1551165793,"path_taken":["M","?","?","?","?","R","M","?","T","R","M","E","M","M","R","BOSS","M","M","?","$","M","E"],"build_version":"2019-01-23","purchased_purges":1,"victory":false,"max_hp_per_floor":[85,85,85,85,85,85,85,85,85,85,85,85,85,85,85,85,85,85,85,85,85,85,85],"card_choices":[{"not_picked":["Conserve Battery","Steam"],"picked":"Coolheaded","floor":1},{"not_picked":["Compile Driver","Hello World"],"picked":"Sunder","floor":5},{"not_picked":["Conserve Battery","Beam Cell"],"picked":"Reinforced Body","floor":7},{"not_picked":["Beam Cell","Leap"],"picked":"FTL","floor":8},{"not_picked":["Consume","Blizzard"],"picked":"Tempest","floor":11},{"not_picked":["Streamline","Barrage","Hyperbeam"],"picked":"SKIP","floor":12},{"not_picked":["Steam Power","Ball Lightning"],"picked":"BootSequence","floor":13},{"not_picked":["Beam Cell","Cold Snap","Reprogram"],"picked":"SKIP","floor":14},{"not_picked":["Amplify","All For One"],"picked":"Echo Form","floor":16},{"not_picked":["Sweeping Beam","Go for the Eyes"],"picked":"Stack","floor":18},{"not_picked":["Rebound","Leap+1"],"picked":"Doom and Gloom","floor":19},{"not_picked":["White Noise","Darkness"],"picked":"Hologram","floor":22}],"player_experience":886411,"relics_obtained":[{"floor":9,"key":"Girya"},{"floor":12,"key":"Bottled Lightning"}],"event_choices":[{"damage_healed":0,"gold_gain":75,"player_choice":"Gather Gold","damage_taken":11,"max_hp_gain":0,"max_hp_loss":0,"event_name":"World of Goop","floor":2,"gold_loss":0},{"damage_healed":0,"gold_gain":0,"player_choice":"Entered Light","damage_taken":17,"max_hp_gain":0,"max_hp_loss":0,"event_name":"Shining Light","floor":3,"gold_loss":0,"cards_upgraded":["Strike_B","Coolheaded"]},{"damage_healed":0,"gold_gain":0,"player_choice":"Paid Gold","damage_taken":0,"relics_obtained":["Bird Faced Urn"],"max_hp_gain":0,"max_hp_loss":0,"event_name":"WeMeetAgain","floor":4,"gold_loss":120},{"cards_removed":["Defend_B"],"damage_healed":0,"gold_gain":0,"player_choice":"Gave Gold","damage_taken":0,"max_hp_gain":0,"max_hp_loss":0,"event_name":"Beggar","floor":20,"gold_loss":75}],"is_beta":false,"boss_relics":[{"not_picked":["Calling Bell","Black Star"],"picked":"Runic Pyramid"}],"items_purged_floors":[21],"is_endless":false,"potions_floor_spawned":[8,11,13,14,18,22],"killed_by":"Slavers","ascension_level":14}