{"gold_per_floor":[116,135,152,152,102,102,130,130,130,164,164,89,89,100,100,173,173,186,205,205,205,205,231,231,249,249,278,278,297,314,326,326,403,403,415,429,479,139,149,149,149,149,149,149,169,169,186,196,196,196],"floor_reached":50,"playtime":2562,"items_purged":["Regret","Cleave"],"score":887,"play_id":"4b82e426-b188-4782-955f-311043b4ce35","local_time":"20190130160714","is_ascension_mode":true,"campfire_choices":[{"data":"Perfected Strike","floor":6.0,"key":"SMITH"},{"data":"Pommel Strike","floor":8.0,"key":"SMITH"},{"data":"Perfected Strike","floor":15.0,"key":"SMITH"},{"data":"1","floor":24.0,"key":"LIFT"},{"data":"2","floor":28.0,"key":"LIFT"},{"data":"Perfected Strike","floor":32.0,"key":"SMITH"},{"data":"Ghostly","floor":40.0,"key":"SMITH"},{"data":"Ghostly","floor":44.0,"key":"SMITH"},{"data":"Ghostly","floor":46.0,"key":"SMITH"},{"data":"Perfected Strike","floor":49.0,"key":"SMITH"}],"neow_cost":"NONE","seed_source_timestamp":4390962994027,"circlet_count":0,"master_deck":["AscendersBane","Strike_R","Strike_R","Strike_R","Strike_R","Strike_R","Bash+1","Ghostly Armor","Pommel Strike+1","Perfected Strike+1","Metallicize","Flex","Perfected Strike+1","Feed","Inflame+1","Pommel Strike+1","Spot Weakness","Perfected Strike+1","Ghostly","Ghostly","Ghostly+1","Ghostly+1","Ghostly+1","Thunderclap","Shrug It Off+1","Perfected Strike+1","Immolate","Wild Strike+1","Wild Strike","Offering+1","Pommel Strike","Havoc+1","Shockwave+1","Double Tap+1","Perfected Strike+1"],"special_seed":0,"relics":["Burning Blood","Letter Opener","Anchor","Oddly Smooth Stone","Vajra","Astrolabe","Girya","Ancient Tea Set","Toxic Egg 2","Bag of Preparation","Sozu","Shovel","Bronze Scales"],"potions_floor_usage":[],"damage_taken":[{"damage":1.0,"enemies":"Cultist","floor":1.0,"turns":4.0},{"damage":0.0,"enemies":"Small Slimes","floor":2.0,"turns":3.0},{"damage":0.0,"enemies":"Jaw Worm","floor":3.0,"turns":3.0},{"damage":25.0,"enemies":"Lagavulin","floor":7.0,"turns":6.0},{"damage":15.0,"enemies":"3 Sentries","floor":10.0,"turns":7.0},{"damage":0.0,"enemies":"Red Slaver","floor":14.0,"turns":5.0},{"damage":53.0,"enemies":"Hexaghost","floor":16.0,"turns":9.0},{"damage":19.0,"enemies":"Spheric Guardian","floor":18.0,"turns":4.0},{"damage":12.0,"enemies":"2 Thieves","floor":19.0,"turns":3.0},{"damage":2.0,"enemies":"Book of Stabbing","floor":23.0,"turns":6.0},{"damage":2.0,"enemies":"Sentry and Sphere","floor":25.0,"turns":4.0},{"damage":10.0,"enemies":"Slavers","floor":27.0,"turns":7.0},{"damage":1.0,"enemies":"Centurion and Healer","floor":29.0,"turns":3.0},{"damage":1.0,"enemies":"Snecko","floor":30.0,"turns":3.0},{"damage":3.0,"enemies":"Shelled Parasite and Fungi","floor":31.0,"turns":3.0},{"damage":30.0,"enemies":"Automaton","floor":33.0,"turns":9.0},{"damage":2.0,"enemies":"3 Darklings","floor":35.0,"turns":5.0},{"damage":0.0,"enemies":"3 Shapes","floor":36.0,"turns":2.0},{"damage":4.0,"enemies":"2 Orb Walkers","floor":37.0,"turns":4.0},{"damage":14.0,"enemies":"Sphere and 2 Shapes","floor":39.0,"turns":3.0},{"damage":6.0,"enemies":"Jaw Worm Horde","floor":45.0,"turns":2.0},{"damage":0.0,"enemies":"3 Darklings","floor":47.0,"turns":2.0},{"damage":0.0,"enemies":"Transient","floor":48.0,"turns":5.0},{"damage":62,"enemies":"Awakened One","floor":50,"turns":4}],"seed_played":"8776194837677660877","potions_obtained":[{"floor":10.0,"key":"Weak Potion"},{"floor":16.0,"key":"Dexterity Potion"},{"floor":29.0,"key":"PowerPotion"},{"floor":30.0,"key":"FairyPotion"}],"is_trial":false,"path_per_floor":["M","M","?","?","?","$","T","?","?","M","?","?","?"],"character_chosen":"IRONCLAD","items_purchased":["Offering+1","Pommel Strike","Havoc+1"],"campfire_rested":0,"item_purchase_floors":[38,38,38],"current_hp_per_floor":[77,80,80,80,80,80,61,61,61,52,52,52,52,58,58,11,63,50,44,44,29,29,33,33,37,37,33,33,38,42,42,42,18,36,43,45,45,45,37,37,37,37,37,37,40,40,46,48,48,0],"gold":196,"neow_bonus":"UPGRADE_CARD","is_prod":false,"is_daily":false,"chose_seed":false,"campfire_upgraded":8,"win_rate":0,"timestamp":1548835634,"path_taken":["M","?","?","?","?","R","E","R","T","E","?","?","$","M","R","BOSS","M","M","?","?","?","E","R","M","T","E","R","?","M","M","R","BOSS","M","M","?","$","M","R","?","?","T","R","M","R","M","M","R","BOSS"],"build_version":"2019-01-23","purchased_purges":2,"victory":false,"max_hp_per_floor":[80,80,80,80,80,80,80,80,80,80,80,80,80,80,80,80,80,80,80,80,85,42,42,42,42,42,42,42,42,42,42,42,42,42,45,45,45,45,45,45,45,45,45,45,48,48,48,48,48,48],"card_choices":[{"not_picked":["Sword Boomerang","Havoc"],"picked":"Ghostly Armor","floor":1.0},{"not_picked":["Clash","Metallicize"],"picked":"Pommel Strike","floor":2.0},{"not_picked":["Twin Strike","Cleave"],"picked":"Perfected Strike","floor":3.0},{"not_picked":["Heavy Blade","Havoc"],"picked":"Metallicize","floor":7.0},{"not_picked":["Warcry","Havoc"],"picked":"Flex","floor":10.0},{"not_picked":["Rupture","Juggernaut"],"picked":"Perfected Strike","floor":14.0},{"not_picked":["Double Tap","Exhume"],"picked":"Feed","floor":16.0},{"not_picked":["Rampage","Blood for Blood"],"picked":"Spot Weakness","floor":18.0},{"not_picked":["Pommel Strike+1","Armaments"],"picked":"Perfected Strike+1","floor":19.0},{"not_picked":["Infernal Blade","Rage+1"],"picked":"Cleave","floor":23.0},{"not_picked":["Anger","Burning Pact"],"picked":"Thunderclap","floor":25.0},{"not_picked":["Feel No Pain+1","Cleave","Entrench+1"],"picked":"SKIP","floor":27.0},{"not_picked":["Sever Soul","Body Slam"],"picked":"Shrug It Off+1","floor":29.0},{"not_picked":["Carnage","Dropkick","Flame Barrier+1"],"picked":"SKIP","floor":30.0},{"not_picked":["Wild Strike","Impervious+1"],"picked":"Perfected Strike","floor":31.0},{"not_picked":["Dark Embrace","Juggernaut"],"picked":"Immolate","floor":33.0},{"not_picked":["Twin Strike","Armaments+1"],"picked":"Wild Strike+1","floor":35.0},{"not_picked":["Flex+1","Dropkick","Headbutt"],"picked":"SKIP","floor":36.0},{"not_picked":["Sword Boomerang","Thunderclap"],"picked":"Wild Strike","floor":37.0},{"not_picked":["Anger","Rampage"],"picked":"Shockwave+1","floor":39.0},{"not_picked":["Sentinel+1","Entrench+1"],"picked":"Double Tap+1","floor":45.0},{"not_picked":["Rupture+1","Anger+1"],"picked":"Perfected Strike","floor":47.0},{"not_picked":["Shrug It Off+1","Anger+1","Rupture+1"],"picked":"SKIP","floor":48.0}],"player_experience":148226,"relics_obtained":[{"floor":7.0,"key":"Letter Opener"},{"floor":9.0,"key":"Anchor"},{"floor":10.0,"key":"Oddly Smooth Stone"},{"floor":20.0,"key":"Girya"},{"floor":23.0,"key":"Ancient Tea Set"},{"floor":26.0,"key":"Toxic Egg 2"},{"floor":27.0,"key":"Bag of Preparation"},{"floor":37.0,"key":"Shovel"},{"floor":43.0,"key":"Bronze Scales"}],"event_choices":[{"damage_healed":0.0,"max_hp_gain":0.0,"max_hp_loss":0.0,"gold_gain":0.0,"event_name":"Liars Game","player_choice":"Ignored","floor":4.0,"gold_loss":0.0,"damage_taken":0.0},{"cards_removed":["Defend_R"],"damage_healed":0.0,"max_hp_gain":0.0,"max_hp_loss":0.0,"gold_gain":0.0,"event_name":"The Cleric","player_choice":"Card Removal","floor":5.0,"gold_loss":50.0,"damage_taken":0.0},{"damage_healed":0.0,"max_hp_gain":0.0,"max_hp_loss":0.0,"gold_gain":0.0,"event_name":"Big Fish","player_choice":"Box","floor":11.0,"gold_loss":0.0,"damage_taken":0.0,"relics_obtained":["Vajra"],"cards_obtained":["Regret"]},{"damage_healed":0.0,"max_hp_gain":5.0,"max_hp_loss":0.0,"gold_gain":0.0,"event_name":"Forgotten Altar","player_choice":"Shed Blood","floor":21.0,"gold_loss":0.0,"damage_taken":20.0},{"damage_healed":0.0,"max_hp_gain":0.0,"max_hp_loss":43.0,"gold_gain":0.0,"event_name":"Ghosts","player_choice":"Became a Ghost","floor":22.0,"gold_loss":0.0,"damage_taken":0.0,"cards_obtained":["Ghostly","Ghostly","Ghostly","Ghostly","Ghostly"]},{"damage_healed":0.0,"max_hp_gain":0.0,"max_hp_loss":0.0,"gold_gain":0.0,"event_name":"Mysterious Sphere","player_choice":"Fight","floor":37.0,"gold_loss":0.0,"damage_taken":0.0},{"cards_removed":["Demon Form"],"damage_healed":0.0,"max_hp_gain":0.0,"max_hp_loss":0.0,"gold_gain":0.0,"event_name":"Falling","player_choice":"Removed Power","floor":41.0,"gold_loss":0.0,"damage_taken":0.0},{"damage_healed":0.0,"max_hp_gain":0.0,"max_hp_loss":0.0,"gold_gain":0.0,"event_name":"Match and Keep!","player_choice":"0 cards matched","floor":42.0,"gold_loss":0.0,"damage_taken":0.0,"cards_obtained":[]}],"is_beta":false,"boss_relics":[{"not_picked":["Runic Pyramid","Coffee Dripper"],"picked":"Astrolabe"},{"not_picked":["White Beast Statue","Calling Bell"],"picked":"Sozu"}],"items_purged_floors":[12,38],"is_endless":false,"potions_floor_spawned":[10,16,23,29,30,31,35,37,39,45,48],"killed_by":"Awakened One","ascension_level":13}