{"gold_per_floor":[109,109,109,109,32,32,72,84,120,170,182,215,245,295,307,319],"floor_reached":16,"playtime":684,"items_purged":[],"score":186,"play_id":"8728872b-4a1c-4cb3-b262-c370606137a8","local_time":"20181209153503","is_ascension_mode":true,"campfire_choices":[{"data":"Dash","floor":6,"key":"SMITH"},{"floor":8,"key":"REST"},{"floor":15,"key":"REST"}],"neow_cost":"NONE","seed_source_timestamp":183306851197654,"circlet_count":0,"master_deck":["AscendersBane","Defend_G","Defend_G","Defend_G","Defend_G+1","Strike_G+1","Strike_G","Strike_G","Strike_G","Strike_G","Survivor","Neutralize+1","PiercingWail","Dash+1","Venomology","Flying Knee","Dagger Spray","Leg Sweep"],"relics":["Ring of the Snake","Golden Idol","MawBank","Oddly Smooth Stone","Vajra","Anchor"],"potions_floor_usage":[10,14,14,14,16,16],"damage_taken":[{"damage":1,"enemies":"2 Louse","floor":1,"turns":4},{"damage":20,"enemies":"3 Sentries","floor":7,"turns":13},{"damage":17,"enemies":"Gremlin Nob","floor":10,"turns":6},{"damage":0,"enemies":"Small Slimes","floor":12,"turns":3},{"damage":0,"enemies":"Jaw Worm","floor":13,"turns":2},{"damage":7,"enemies":"Lagavulin","floor":14,"turns":5},{"damage":38,"enemies":"Slime Boss","floor":16,"turns":10}],"seed_played":"-5956383151763394420","potions_obtained":[{"floor":12,"key":"Energy Potion"},{"floor":14,"key":"SteroidPotion"}],"is_trial":false,"path_per_floor":["M","?","?","?","$","R","E","R","T","E","$","M","M","E","R","B"],"character_chosen":"THE_SILENT","items_purchased":["Dash"],"campfire_rested":2,"item_purchase_floors":[5],"current_hp_per_floor":[62,62,55,42,42,42,22,41,41,24,24,24,24,17,36,0],"gold":319,"neow_bonus":"UPGRADE_CARD","is_prod":false,"is_daily":false,"chose_seed":false,"campfire_upgraded":1,"win_rate":0,"timestamp":1544366103,"path_taken":["M","?","?","?","?","R","E","R","T","E","$","M","M","E","R","BOSS"],"build_version":"2018-12-06","purchased_purges":0,"victory":false,"max_hp_per_floor":[70,65,65,65,65,65,65,65,65,65,65,65,65,65,65,65],"card_choices":[{"not_picked":["Dagger Throw","Infinite Blades"],"picked":"PiercingWail","floor":1},{"not_picked":["Reflex","Dagger Spray"],"picked":"Venomology","floor":7},{"not_picked":["Dagger Throw","Prepared","Concentrate"],"picked":"SKIP","floor":10},{"not_picked":["Prepared","Crippling Poison"],"picked":"Flying Knee","floor":12},{"not_picked":["Outmaneuver","Infinite Blades"],"picked":"Dagger Spray","floor":13},{"not_picked":["Acrobatics","Catalyst"],"picked":"Leg Sweep","floor":14}],"player_experience":725967,"relics_obtained":[{"floor":7,"key":"MawBank"},{"floor":9,"key":"Oddly Smooth Stone"},{"floor":10,"key":"Vajra"},{"floor":14,"key":"Anchor"}],"event_choices":[{"damage_healed":0,"gold_gain":0,"player_choice":"Lose Max HP","damage_taken":0,"relics_obtained":["Golden Idol"],"max_hp_gain":0,"max_hp_loss":5,"event_name":"Golden Idol","floor":2,"gold_loss":0},{"cards_removed":["Defend_G"],"damage_healed":0,"gold_gain":0,"player_choice":"Card Removal","damage_taken":7,"max_hp_gain":0,"max_hp_loss":0,"event_name":"Golden Wing","floor":3,"gold_loss":0},{"damage_healed":0,"gold_gain":0,"player_choice":"Entered Light","damage_taken":13,"max_hp_gain":0,"max_hp_loss":0,"event_name":"Shining Light","floor":4,"gold_loss":0,"cards_upgraded":["Defend_G","Strike_G"]}],"is_beta":false,"boss_relics":[],"items_purged_floors":[],"is_endless":false,"potions_floor_spawned":[12,14],"killed_by":"Slime Boss","ascension_level":12}