{"gold_per_floor":[110,127,139,23,39,39,72,72,72,72,72,72,87,12,12,140,140,159,159,12,25,48,48,89,89,89,89],"floor_reached":27,"playtime":951,"items_purged":["Night Terror"],"score":370,"play_id":"9dfecf13-c09e-433e-976c-d4edb251013e","local_time":"20181104140556","is_ascension_mode":true,"campfire_choices":[{"data":"Glass Knife","floor":6,"key":"SMITH"},{"data":"Noxious Fumes","floor":8,"key":"SMITH"},{"floor":12,"key":"REST"},{"data":"Bane","floor":15,"key":"SMITH"},{"data":"Adrenaline","floor":23,"key":"SMITH"}],"neow_cost":"NONE","seed_source_timestamp":1102384342790,"circlet_count":0,"master_deck":["AscendersBane","Defend_G","Defend_G","Defend_G","Defend_G+1","Defend_G","Strike_G","Strike_G","Strike_G","Strike_G","Strike_G","Survivor+1","Neutralize","Noxious Fumes+1","Bane+1","Glass Knife+1","Deflect","Calculated Gamble","Dagger Spray","Caltrops","Adrenaline+1","Deadly Poison+1","Noxious Fumes","Crippling Poison"],"relics":["Ring of the Snake","The Specimen","Ice Cream","Golden Idol","Runic Pyramid","War Paint","Unceasing Top","GremlinMask","Centennial Puzzle"],"potions_floor_usage":[7,18,21,24],"damage_taken":[{"damage":4,"enemies":"Cultist","floor":1,"turns":5},{"damage":0,"enemies":"Jaw Worm","floor":2,"turns":6},{"damage":2,"enemies":"Small Slimes","floor":3,"turns":4},{"damage":5,"enemies":"Exordium Wildlife","floor":5,"turns":3},{"damage":17,"enemies":"3 Sentries","floor":7,"turns":8},{"damage":9,"enemies":"Exordium Thugs","floor":13,"turns":6},{"damage":24,"enemies":"Hexaghost","floor":16,"turns":9},{"damage":1,"enemies":"2 Thieves","floor":18,"turns":4},{"damage":16,"enemies":"Spheric Guardian","floor":21,"turns":4},{"damage":1,"enemies":"Chosen and Byrds","floor":22,"turns":4},{"damage":26,"enemies":"Book of Stabbing","floor":24,"turns":5},{"damage":10,"enemies":"Shelled Parasite and Fungi","floor":27,"turns":3}],"seed_played":"-1254433335626987952","potions_obtained":[{"floor":1,"key":"Strength Potion"},{"floor":5,"key":"Energy Potion"},{"floor":16,"key":"PowerPotion"},{"floor":21,"key":"GhostInAJar"}],"is_trial":false,"path_per_floor":["M","M","M","$","M","R","E","R","T","?","?","R","M","$","R","B",null,"M","?","$","M","M","R","E","?","T","M"],"character_chosen":"THE_SILENT","items_purchased":["Glass Knife","Deflect","War Paint"],"campfire_rested":1,"item_purchase_floors":[4,4,20],"current_hp_per_floor":[59,59,57,57,52,52,35,35,35,35,18,39,30,30,30,6,54,53,53,53,37,36,36,10,10,10,0],"gold":89,"neow_bonus":"ONE_RANDOM_RARE_CARD","is_prod":false,"is_daily":false,"chose_seed":false,"campfire_upgraded":4,"win_rate":0,"timestamp":1541336756,"path_taken":["M","M","?","$","M","R","E","R","T","?","?","R","M","?","R","BOSS","M","?","$","M","M","R","E","?","T","?"],"build_version":"2018-11-01","purchased_purges":1,"victory":false,"max_hp_per_floor":[70,70,70,70,70,70,70,70,70,70,70,70,70,70,70,70,70,70,70,70,70,70,70,70,70,70,70],"card_choices":[{"not_picked":["Slice","Dagger Throw"],"picked":"Noxious Fumes","floor":1},{"not_picked":["Quick Slash","Flying Knee"],"picked":"Bane","floor":2},{"not_picked":["Outmaneuver","Underhanded Strike","Slice"],"picked":"SKIP","floor":3},{"not_picked":["Riddle With Holes","Deflect"],"picked":"Calculated Gamble","floor":5},{"not_picked":["Outmaneuver","Endless Agony"],"picked":"Dagger Spray","floor":7},{"not_picked":["Cloak And Dagger","Flying Knee"],"picked":"Caltrops","floor":13},{"not_picked":["Die Die Die","Grand Finale"],"picked":"Adrenaline","floor":16},{"not_picked":["Slice","Distraction"],"picked":"Deadly Poison+1","floor":18},{"not_picked":["Dagger Spray+1","Dodge and Roll"],"picked":"Noxious Fumes","floor":21},{"not_picked":["Sucker Punch","Underhanded Strike+1","Well Laid Plans"],"picked":"SKIP","floor":22},{"not_picked":["Sucker Punch","Underhanded Strike+1","Well Laid Plans"],"picked":"SKIP","floor":22},{"not_picked":["Poisoned Stab","Calculated Gamble"],"picked":"Crippling Poison","floor":24}],"player_experience":636426,"relics_obtained":[{"floor":7,"key":"The Specimen"},{"floor":9,"key":"Ice Cream"},{"floor":24,"key":"Unceasing Top"},{"floor":26,"key":"Centennial Puzzle"}],"event_choices":[{"damage_healed":0,"gold_gain":0,"player_choice":"Ignored","damage_taken":0,"max_hp_gain":0,"max_hp_loss":0,"event_name":"Liars Game","floor":10,"gold_loss":0},{"damage_healed":0,"gold_gain":0,"player_choice":"Take Damage","damage_taken":17,"relics_obtained":["Golden Idol"],"max_hp_gain":0,"max_hp_loss":0,"event_name":"Golden Idol","floor":11,"gold_loss":0},{"damage_healed":0,"gold_gain":0,"player_choice":"Ignored","damage_taken":0,"max_hp_gain":0,"max_hp_loss":0,"event_name":"Vampires","floor":19,"gold_loss":0},{"damage_healed":0,"gold_gain":0,"player_choice":"Trade","damage_taken":0,"relics_obtained":["GremlinMask"],"max_hp_gain":0,"max_hp_loss":0,"event_name":"FaceTrader","floor":25,"gold_loss":0}],"is_beta":false,"boss_relics":[{"not_picked":["Snecko Eye","Pandora\u0027s Box"],"picked":"Runic Pyramid"}],"items_purged_floors":[14],"is_endless":false,"potions_floor_spawned":[1,5,16,21],"killed_by":"Shelled Parasite and Fungi","ascension_level":12}