{"gold_per_floor":[112,112,187,199,212,212,226,226,226,226,226,226,253,273,273,373,373,388,23,43,57,9,39,57,57,57,57,75,90,103,132,132,236,236,256,181,196,196,211,211,222,232,232,252,262,262,7,7,7,7],"floor_reached":51,"playtime":2212,"items_purged":["Strike_R","Strike_R"],"score":1087,"play_id":"2e68f663-e6e3-483c-9673-7d8c2a328051","local_time":"20181012234848","is_ascension_mode":true,"campfire_choices":[{"data":"Bash","floor":6,"key":"SMITH"},{"floor":10,"key":"DIG"},{"floor":12,"key":"DIG"},{"data":"Demon Form","floor":15,"key":"SMITH"},{"floor":23,"key":"DIG"},{"floor":25,"key":"DIG"},{"floor":27,"key":"DIG"},{"floor":32,"key":"REST"},{"floor":40,"key":"DIG"},{"floor":46,"key":"REST"},{"floor":49,"key":"DIG"}],"neow_cost":"","seed_source_timestamp":213750157180506,"circlet_count":0,"master_deck":["Strike_R","Strike_R+1","Defend_R+1","Defend_R","Defend_R","Bash+1","AscendersBane","Reckless Charge","Impervious","Demon Form+1","Pummel","True Grit","Battle Trance","Seeing Red","True Grit","Power Through","Heavy Blade+1","Offering","Cleave+1","Shrug It Off+1","Feel No Pain","Whirlwind+1","True Grit+1","Armaments","Demon Form"],"relics":["Burning Blood","Shovel","Girya","Dream Catcher","Kunai","Pocketwatch","Fusion Hammer","Thread and Needle","Tiny Chest","Prayer Wheel","Paper Frog","Orichalcum","Centennial Puzzle","Sozu","Gambling Chip","Meat on the Bone","The Courier"],"potions_floor_usage":[7,7,20,21,28,50],"damage_taken":[{"damage":5,"enemies":"Small Slimes","floor":1,"turns":3},{"damage":0,"enemies":"2 Louse","floor":4,"turns":2},{"damage":7,"enemies":"Jaw Worm","floor":5,"turns":4},{"damage":0,"enemies":"3 Louse","floor":7,"turns":3},{"damage":37,"enemies":"Lagavulin","floor":13,"turns":7},{"damage":0,"enemies":"2 Fungi Beasts","floor":14,"turns":4},{"damage":1,"enemies":"The Guardian","floor":16,"turns":10},{"damage":6,"enemies":"Chosen","floor":18,"turns":5},{"damage":6,"enemies":"2 Thieves","floor":20,"turns":4},{"damage":0,"enemies":"Sentry and Sphere","floor":21,"turns":4},{"damage":0,"enemies":"Centurion and Healer","floor":24,"turns":7},{"damage":11,"enemies":"3 Cultists","floor":28,"turns":5},{"damage":10,"enemies":"Snake Plant","floor":29,"turns":4},{"damage":10,"enemies":"Cultist and Chosen","floor":30,"turns":6},{"damage":40,"enemies":"Slavers","floor":31,"turns":9},{"damage":24,"enemies":"Champ","floor":33,"turns":10},{"damage":6,"enemies":"Orb Walker","floor":35,"turns":2},{"damage":19,"enemies":"3 Darklings","floor":37,"turns":5},{"damage":8,"enemies":"4 Shapes","floor":39,"turns":5},{"damage":0,"enemies":"Sphere and 2 Shapes","floor":41,"turns":3},{"damage":11,"enemies":"Reptomancer","floor":42,"turns":4},{"damage":21,"enemies":"4 Shapes","floor":44,"turns":6},{"damage":9,"enemies":"Maw","floor":45,"turns":7},{"damage":34,"enemies":"Donu and Deca","floor":50,"turns":8}],"seed_played":"518946175578828347","potions_obtained":[{"floor":1,"key":"Energy Potion"},{"floor":4,"key":"GamblersBrew"},{"floor":7,"key":"Ancient Potion"},{"floor":16,"key":"EssenceOfSteel"},{"floor":18,"key":"SteroidPotion"},{"floor":21,"key":"Fire Potion"},{"floor":33,"key":"Energy Potion"}],"is_trial":false,"path_per_floor":["M","?","?","M","M","R","M","?","T","R","?","R","E","M","R","B",null,"M","$","M","M","$","R","M","R","T","R","M","M","M","E","R","B",null,"M","$","M","?","M","R","M","M","T","M","M","R","$","?","R","B"],"character_chosen":"IRONCLAD","items_purchased":["Thread and Needle","True Grit","True Grit","Demon Form"],"campfire_rested":2,"item_purchase_floors":[19,19,22,47],"current_hp_per_floor":[73,57,46,52,51,51,57,57,57,57,57,57,26,32,32,37,69,69,69,69,75,75,75,80,80,80,80,75,71,67,33,57,39,70,70,70,57,57,55,55,61,56,56,53,50,74,74,74,74,58],"gold":7,"neow_bonus":"","is_prod":false,"is_daily":false,"chose_seed":false,"campfire_upgraded":2,"win_rate":0,"timestamp":1539380928,"path_taken":["M","?","?","M","M","R","?","?","T","R","?","R","E","M","R","BOSS","M","$","M","M","$","R","?","R","T","R","M","?","?","E","R","BOSS","M","$","M","?","M","R","M","M","T","M","M","R","$","?","R","BOSS"],"build_version":"2018-10-11","purchased_purges":2,"victory":true,"max_hp_per_floor":[80,80,80,80,80,80,80,80,80,80,80,80,80,80,80,80,80,80,80,80,80,80,80,80,80,80,80,80,80,80,80,80,80,80,80,80,80,80,80,80,80,80,80,80,80,80,80,80,80,80],"card_choices":[{"not_picked":["Flex","Iron Wave"],"picked":"Reckless Charge","floor":1},{"not_picked":["Pummel","Fire Breathing","Warcry"],"picked":"SKIP","floor":4},{"not_picked":["Entrench","Sentinel","Flex"],"picked":"SKIP","floor":5},{"not_picked":["Spot Weakness","Rupture"],"picked":"Impervious","floor":7},{"not_picked":["Heavy Blade","Twin Strike"],"picked":"Demon Form","floor":13},{"not_picked":["Dual Wield","Corruption","Twin Strike"],"picked":"SKIP","floor":14},{"not_picked":["Infernal Blade","Sword Boomerang"],"picked":"Pummel","floor":18},{"not_picked":["Seeing Red","Iron Wave"],"picked":"Battle Trance","floor":20},{"not_picked":["Rampage","Bloodletting"],"picked":"Seeing Red","floor":21},{"not_picked":["Thunderclap","Bloodletting","Pommel Strike+1"],"picked":"SKIP","floor":24},{"not_picked":["Warcry","Uppercut","Rupture"],"picked":"SKIP","floor":28},{"not_picked":["Corruption","Burning Pact","Wild Strike"],"picked":"SKIP","floor":28},{"not_picked":["Combust","Pommel Strike+1","Sever Soul+1"],"picked":"SKIP","floor":29},{"not_picked":["Clothesline","Wild Strike","Warcry"],"picked":"SKIP","floor":29},{"not_picked":["Flame Barrier","Carnage"],"picked":"Power Through","floor":30},{"not_picked":["Second Wind","Flex","Sword Boomerang"],"picked":"SKIP","floor":30},{"not_picked":["Thunderclap","Combust","Dual Wield"],"picked":"SKIP","floor":31},{"not_picked":["Iron Wave","Pummel"],"picked":"Heavy Blade+1","floor":32},{"not_picked":["Double Tap","Fiend Fire"],"picked":"Offering","floor":33},{"not_picked":["Warcry","Body Slam+1"],"picked":"Cleave+1","floor":35},{"not_picked":["Warcry","Sever Soul","Flex+1"],"picked":"SKIP","floor":35},{"not_picked":["Cleave","Evolve"],"picked":"Shrug It Off+1","floor":37},{"not_picked":["Clothesline","Pommel Strike"],"picked":"Feel No Pain","floor":37},{"not_picked":["Seeing Red","Twin Strike+1"],"picked":"Whirlwind+1","floor":39},{"not_picked":["Spot Weakness","Anger","Offering"],"picked":"SKIP","floor":39},{"not_picked":["Perfected Strike+1","Body Slam","Disarm"],"picked":"SKIP","floor":41},{"not_picked":["Heavy Blade","Flex","Pommel Strike"],"picked":"SKIP","floor":41},{"not_picked":["Feel No Pain","Iron Wave"],"picked":"True Grit+1","floor":42},{"not_picked":["Heavy Blade","Seeing Red","Flex"],"picked":"SKIP","floor":42},{"not_picked":["Feel No Pain","Combust","Uppercut+1"],"picked":"SKIP","floor":44},{"not_picked":["Uppercut","Sword Boomerang","Power Through"],"picked":"SKIP","floor":44},{"not_picked":["Disarm","Sever Soul","Headbutt"],"picked":"SKIP","floor":45},{"not_picked":["Shockwave","Sever Soul","Sword Boomerang+1"],"picked":"SKIP","floor":45},{"not_picked":["Whirlwind","True Grit"],"picked":"Armaments","floor":46}],"player_experience":507270,"relics_obtained":[{"floor":9,"key":"Girya"},{"floor":10,"key":"Dream Catcher"},{"floor":12,"key":"Kunai"},{"floor":13,"key":"Pocketwatch"},{"floor":23,"key":"Tiny Chest"},{"floor":25,"key":"Prayer Wheel"},{"floor":26,"key":"Paper Frog"},{"floor":27,"key":"Orichalcum"},{"floor":31,"key":"Centennial Puzzle"},{"floor":40,"key":"Gambling Chip"},{"floor":43,"key":"Meat on the Bone"},{"floor":49,"key":"The Courier"}],"event_choices":[{"event_name":"Shining Light","player_choice":"Entered Light","floor":2,"damage_taken":0},{"event_name":"World of Goop","player_choice":"Gather Gold","floor":3,"damage_taken":0},{"event_name":"WeMeetAgain","player_choice":"Potion","floor":8,"damage_taken":0},{"event_name":"Liars Game","player_choice":"disagreed","floor":11,"damage_taken":0},{"event_name":"Purifier","player_choice":"One Purge","floor":38,"damage_taken":0},{"event_name":"Falling","player_choice":"Removed Skill","floor":48,"damage_taken":0}],"is_beta":false,"boss_relics":[{"not_picked":["Coffee Dripper","Busted Crown"],"picked":"Fusion Hammer"},{"not_picked":["Philosopher\u0027s Stone","Empty Cage"],"picked":"Sozu"}],"items_purged_floors":[36,47],"is_endless":false,"potions_floor_spawned":[1,4,7,16,18,21,33,37,44,45],"ascension_level":12}