{"gold_per_floor":[18,36,36,36,36,36,36,36,61,61,97,110,145,170,170,268,268,289,308,349,349,361,373,404,416,497,532,544],"floor_reached":28,"playtime":681,"items_purged":[],"score":407,"play_id":"0bf51cd3-cfbd-49b4-a8d5-05fb11b8f380","local_time":"20181030185743","is_ascension_mode":true,"campfire_choices":[{"data":"Zap","floor":6,"key":"SMITH"},{"data":"Dualcast","floor":10,"key":"SMITH"},{"floor":15,"key":"REST"},{"floor":23,"key":"REST"},{"floor":25,"key":"REST"}],"neow_cost":"NO_GOLD","seed_source_timestamp":282537401296930,"circlet_count":0,"master_deck":["Strike_B","Strike_B","Strike_B","Defend_B","Defend_B","Defend_B","Defend_B","Zap+1","Dualcast+1","AscendersBane","All For One","Gash","Gash","Streamline","Auto Shields","Reinforced Body","Reboot","Gash","Conserve Battery","Conserve Battery","Steam","Parasite"],"relics":["Cracked Core","Golden Idol","Pen Nib","Singing Bowl","Bronze Scales","Cursed Key","Red Mask","MawBank","Dodecahedron"],"potions_floor_usage":[11,20,28],"damage_taken":[{"damage":3,"enemies":"Small Slimes","floor":1,"turns":3},{"damage":7,"enemies":"Jaw Worm","floor":2,"turns":3},{"damage":12,"enemies":"Gremlin Nob","floor":11,"turns":3},{"damage":2,"enemies":"2 Louse","floor":12,"turns":2},{"damage":30,"enemies":"Lagavulin","floor":13,"turns":4},{"damage":8,"enemies":"Blue Slaver","floor":14,"turns":2},{"damage":18,"enemies":"Slime Boss","floor":16,"turns":6},{"damage":12,"enemies":"Chosen","floor":18,"turns":2},{"damage":0,"enemies":"3 Byrds","floor":19,"turns":2},{"damage":36,"enemies":"Masked Bandits","floor":20,"turns":5},{"damage":31,"enemies":"Sentry and Sphere","floor":24,"turns":6},{"damage":16,"enemies":"Centurion and Healer","floor":27,"turns":5},{"damage":11,"enemies":"3 Cultists","floor":28,"turns":3}],"seed_played":"-7976160308816927691","potions_obtained":[{"floor":1,"key":"FairyPotion"},{"floor":2,"key":"Poison Potion"},{"floor":11,"key":"Energy Potion"},{"floor":24,"key":"GamblersBrew"}],"is_trial":false,"path_per_floor":["M","M","?","?","?","R","$","?","T","R","E","M","E","M","R","B",null,"M","M","?","?","?","R","M","R","T","M"],"character_chosen":"DEFECT","items_purchased":[],"campfire_rested":3,"item_purchase_floors":[],"current_hp_per_floor":[61,54,54,54,54,54,54,54,54,54,42,42,12,4,23,5,51,39,39,3,3,3,22,6,25,25,11,0],"gold":544,"neow_bonus":"THREE_RARE_CARDS","is_prod":false,"is_daily":false,"chose_seed":false,"campfire_upgraded":2,"win_rate":0,"timestamp":1540922263,"path_taken":["M","M","?","?","?","R","$","?","T","R","E","M","E","M","R","BOSS","M","M","?","?","?","R","M","R","T","M","M"],"build_version":"2018-10-25v2","purchased_purges":0,"victory":false,"max_hp_per_floor":[71,71,71,71,64,64,64,64,64,64,64,66,66,66,66,66,66,66,66,66,66,66,66,66,66,66,68,68],"card_choices":[{"not_picked":["Fission","Electrodynamics"],"picked":"All For One","floor":0},{"not_picked":["Chill","Consume"],"picked":"Gash","floor":1},{"not_picked":["Lockon","Stack"],"picked":"Gash","floor":2},{"not_picked":["Core Surge","Doom and Gloom"],"picked":"Streamline","floor":11},{"not_picked":["Redo","Turbo","Lockon"],"picked":"Singing Bowl","floor":12},{"not_picked":["Streamline","Redo"],"picked":"Auto Shields","floor":13},{"not_picked":["Chill","Coolheaded"],"picked":"Reinforced Body","floor":14},{"not_picked":["Biased Cognition","Amplify"],"picked":"Reboot","floor":16},{"not_picked":["Go for the Eyes","Force Field+1"],"picked":"Gash","floor":18},{"not_picked":["Redo","Rebound"],"picked":"Conserve Battery","floor":19},{"not_picked":["Turbo","Go for the Eyes"],"picked":"Conserve Battery","floor":20},{"not_picked":["Go for the Eyes","Stack"],"picked":"Steam","floor":24},{"not_picked":["Melter","Capacitor","Reprogram"],"picked":"Singing Bowl","floor":27}],"player_experience":602974,"relics_obtained":[{"floor":9,"key":"Pen Nib"},{"floor":11,"key":"Singing Bowl"},{"floor":13,"key":"Bronze Scales"},{"floor":20,"key":"Red Mask"},{"floor":21,"key":"MawBank"},{"floor":26,"key":"Dodecahedron"}],"event_choices":[{"cards_removed":["Strike_B"],"damage_healed":0,"gold_gain":0,"player_choice":"Forget","damage_taken":0,"max_hp_gain":0,"max_hp_loss":0,"event_name":"Living Wall","floor":3,"gold_loss":0},{"damage_healed":0,"gold_gain":0,"player_choice":"Fled","damage_taken":0,"max_hp_gain":0,"max_hp_loss":0,"event_name":"Scrap Ooze","floor":4,"gold_loss":0},{"damage_healed":0,"gold_gain":0,"player_choice":"Lose Max HP","damage_taken":0,"relics_obtained":["Golden Idol"],"max_hp_gain":0,"max_hp_loss":7,"event_name":"Golden Idol","floor":5,"gold_loss":0},{"damage_healed":0,"gold_gain":0,"player_choice":"Ignored","damage_taken":0,"max_hp_gain":0,"max_hp_loss":0,"event_name":"Liars Game","floor":8,"gold_loss":0},{"damage_healed":0,"gold_gain":0,"player_choice":"Fought Bandits","damage_taken":0,"max_hp_gain":0,"max_hp_loss":0,"event_name":"Masked Bandits","floor":20,"gold_loss":0},{"damage_healed":0,"gold_gain":0,"player_choice":"Relic","damage_taken":0,"max_hp_gain":0,"max_hp_loss":0,"event_name":"Wheel of Change","floor":21,"gold_loss":0},{"damage_healed":0,"gold_gain":0,"player_choice":"Ignored","damage_taken":0,"max_hp_gain":0,"max_hp_loss":0,"event_name":"Vampires","floor":22,"gold_loss":0}],"is_beta":false,"boss_relics":[{"not_picked":["Runic Dome","Inserter"],"picked":"Cursed Key"}],"items_purged_floors":[],"is_endless":false,"potions_floor_spawned":[1,2,11,19,24],"killed_by":"3 Cultists","ascension_level":16}