{"gold_per_floor":[210,89,103,119,130,158,158,178,202,202,219,219,219,230,230,230],"floor_reached":16,"playtime":1543,"items_purged":["Strike_R"],"score":104,"play_id":"6961c2f9-0162-4224-a1ef-be60fdfc0b9f","local_time":"20190226164921","is_ascension_mode":false,"campfire_choices":[{"data":"Armaments","floor":7.0,"key":"SMITH"},{"data":"Clothesline","floor":10.0,"key":"SMITH"},{"data":"Defend_R","floor":12.0,"key":"SMITH"},{"data":"Flex","floor":15.0,"key":"SMITH"}],"neow_cost":"NONE","seed_source_timestamp":867702678454569,"circlet_count":0,"master_deck":["Strike_R","Strike_R","Strike_R","Strike_R","Defend_R","Defend_R","Defend_R","Defend_R+1","Bash","Clothesline+1","Armaments+1","Flex+1"],"special_seed":0,"relics":["Burning Blood","Pear","Bag of Marbles","NlothsMask"],"potions_floor_usage":[16],"damage_taken":[{"damage":5.0,"enemies":"Small Slimes","floor":1.0,"turns":4.0},{"damage":2.0,"enemies":"Cultist","floor":3.0,"turns":4.0},{"damage":0.0,"enemies":"Jaw Worm","floor":4.0,"turns":4.0},{"damage":20.0,"enemies":"Exordium Wildlife","floor":5.0,"turns":8.0},{"damage":54.0,"enemies":"3 Sentries","floor":6.0,"turns":16.0},{"damage":0.0,"enemies":"Exordium Thugs","floor":8.0,"turns":5.0},{"damage":1.0,"enemies":"Looter","floor":11.0,"turns":3.0},{"damage":6.0,"enemies":"Blue Slaver","floor":14.0,"turns":3.0},{"damage":76,"enemies":"The Guardian","floor":16,"turns":19}],"seed_played":"-3292930206958002351","potions_obtained":[{"floor":4.0,"key":"Energy Potion"},{"floor":8.0,"key":"EssenceOfSteel"},{"floor":11.0,"key":"BloodPotion"}],"is_trial":false,"path_per_floor":["M","$","M","M","M","E","R","M","T","R","M","R","?","M","R","B"],"character_chosen":"IRONCLAD","items_purchased":["Armaments"],"campfire_rested":0,"item_purchase_floors":[2],"current_hp_per_floor":[80,80,80,80,66,28,28,34,34,34,39,39,39,39,39,0],"gold":230,"neow_bonus":"HUNDRED_GOLD","is_prod":false,"is_daily":false,"chose_seed":false,"campfire_upgraded":4,"win_rate":0,"timestamp":1551167361,"path_taken":["M","$","M","M","M","E","R","M","T","R","M","R","?","M","R","BOSS"],"build_version":"2019-01-23","purchased_purges":1,"victory":false,"max_hp_per_floor":[80,80,80,80,80,90,90,90,90,90,90,90,90,90,90,90],"card_choices":[{"not_picked":["Thunderclap","Flex"],"picked":"Clothesline","floor":1.0},{"not_picked":["Perfected Strike","Thunderclap","Havoc"],"picked":"SKIP","floor":3.0},{"not_picked":["Anger","Hemokinesis","Combust"],"picked":"SKIP","floor":4.0},{"not_picked":["Sword Boomerang","Dropkick","Thunderclap"],"picked":"SKIP","floor":5.0},{"not_picked":["Evolve","Second Wind","Immolate"],"picked":"SKIP","floor":6.0},{"not_picked":["Clothesline","Twin Strike","Sword Boomerang"],"picked":"SKIP","floor":8.0},{"not_picked":["Perfected Strike","Infernal Blade","Havoc"],"picked":"SKIP","floor":11.0},{"not_picked":["Havoc","Warcry"],"picked":"Flex","floor":14.0}],"player_experience":450286,"relics_obtained":[{"floor":6.0,"key":"Pear"},{"floor":9.0,"key":"Bag of Marbles"}],"event_choices":[{"damage_healed":0.0,"max_hp_gain":0.0,"max_hp_loss":0.0,"gold_gain":0.0,"event_name":"FaceTrader","player_choice":"Trade","floor":13.0,"gold_loss":0.0,"damage_taken":0.0,"relics_obtained":["NlothsMask"]}],"is_beta":false,"boss_relics":[],"items_purged_floors":[2],"is_endless":false,"potions_floor_spawned":[4,8,11],"killed_by":"The Guardian","ascension_level":0}