{"gold_per_floor":[110,110,285,360,383,383,35,68,121,144,144,163,194,213,213,337,337],"floor_reached":17,"playtime":518,"items_purged":["Doubt"],"score":220,"play_id":"afd07556-6c1f-4051-8ca5-b62d01cabc00","local_time":"20180913154218","is_ascension_mode":true,"campfire_choices":[{"data":"Zap","floor":6,"key":"SMITH"},{"floor":11,"key":"REST"},{"floor":15,"key":"REST"}],"neow_cost":"","seed_source_timestamp":99938413340037,"circlet_count":0,"master_deck":["Strike_B","Strike_B","Strike_B","Strike_B","Defend_B","Defend_B","Defend_B","Defend_B","Zap+1","Dualcast","Conserve Battery","Rip and Tear","Streamline","Leap","Doom and Gloom","Blizzard","Cold Snap","Compile Driver","Biased Cognition"],"relics":["Cracked Core","Golden Idol","Runic Capacitor","Pantograph","Tiny Chest","Bag of Marbles","Oddly Smooth Stone"],"potions_floor_usage":[],"damage_taken":[{"damage":0,"enemies":"2 Louse","floor":1,"turns":1},{"damage":7,"enemies":"Small Slimes","floor":5,"turns":4},{"damage":26,"enemies":"3 Sentries","floor":8,"turns":9},{"damage":0,"enemies":"Cultist","floor":12,"turns":3},{"damage":25,"enemies":"Lagavulin","floor":13,"turns":6},{"damage":4,"enemies":"Large Slime","floor":14,"turns":5},{"damage":59,"enemies":"Hexaghost","floor":16,"turns":12}],"seed_played":"-7251991436432650664","potions_obtained":[{"floor":5,"key":"FairyPotion"},{"floor":13,"key":"GamblersBrew"}],"is_trial":false,"path_per_floor":["M","?","?","?","M","R","$","E","T","T","R","M","E","M","R","B"],"character_chosen":"DEFECT","items_purchased":["Runic Capacitor","Streamline","Leap"],"campfire_rested":2,"item_purchase_floors":[7,7,7],"current_hp_per_floor":[68,68,68,57,50,50,50,24,24,24,44,44,19,15,35,1,1],"gold":337,"neow_bonus":"","is_prod":false,"is_daily":false,"chose_seed":false,"campfire_upgraded":1,"win_rate":0,"timestamp":1536846138,"path_taken":["M","?","?","?","M","R","$","E","T","?","R","?","E","M","R","BOSS"],"build_version":"2018-09-06","purchased_purges":1,"victory":false,"max_hp_per_floor":[75,69,69,69,69,69,69,69,69,69,69,69,69,69,69,69,69],"card_choices":[{"not_picked":["Leap","Steam"],"picked":"Conserve Battery","floor":1},{"not_picked":["Chill","Ball Lightning"],"picked":"Rip and Tear","floor":5},{"not_picked":["Multi-Cast","Turbo"],"picked":"Doom and Gloom","floor":8},{"not_picked":["Coolheaded","White Noise"],"picked":"Blizzard","floor":12},{"not_picked":["Sunder","Hologram"],"picked":"Cold Snap","floor":13},{"not_picked":["Rebound","Blizzard"],"picked":"Compile Driver","floor":14},{"not_picked":["Echo Form","Rainbow"],"picked":"Biased Cognition","floor":16}],"player_experience":411518,"relics_obtained":[{"floor":8,"key":"Pantograph"},{"floor":9,"key":"Tiny Chest"},{"floor":10,"key":"Bag of Marbles"},{"floor":13,"key":"Oddly Smooth Stone"}],"event_choices":[{"event_name":"Golden Idol","player_choice":"Lose Max HP","floor":2,"damage_taken":0},{"event_name":"Liars Game","player_choice":"agreed","floor":3,"damage_taken":0},{"event_name":"World of Goop","player_choice":"Gather Gold","floor":4,"damage_taken":0}],"is_beta":false,"boss_relics":[],"items_purged_floors":[7],"is_endless":false,"potions_floor_spawned":[5,13],"ascension_level":7}