{"gold_per_floor":[10,30,42,56,72,72,107,107,107,122,156,216,232,267,267,371,371,387,406,420,420,29,29,29,29,29,44,44,56,72,72,72,72],"floor_reached":33,"playtime":2569,"items_purged":["Power Through"],"score":323,"play_id":"dc5d1cc9-1f75-48b9-85e5-a4abe6ae58c2","local_time":"20190211151400","is_ascension_mode":true,"campfire_choices":[{"data":"Clothesline","floor":6.0,"key":"SMITH"},{"data":"Offering","floor":8.0,"key":"SMITH"},{"data":"Spot Weakness","floor":15.0,"key":"SMITH"},{"data":"Armaments","floor":23.0,"key":"SMITH"},{"data":"Demon Form","floor":25.0,"key":"SMITH"},{"data":"Warcry","floor":28.0,"key":"SMITH"},{"data":"True Grit","floor":32.0,"key":"SMITH"}],"neow_cost":"NO_GOLD","seed_source_timestamp":0,"circlet_count":0,"master_deck":["Strike_R+1","Strike_R+1","Strike_R+1","Defend_R+1","Defend_R+1","Defend_R+1","Defend_R+1","Bash","Offering+1","Iron Wave+1","Anger","Carnage+1","Clothesline+1","Pommel Strike","Warcry+1","Spot Weakness+1","True Grit+1","Brutality","Seeing Red","Demon Form+1","Armaments+1","Fiend Fire","Whirlwind","Flame Barrier","Pommel Strike+1","Ghostly","Ghostly","Ghostly","Ghostly","Ghostly"],"special_seed":0,"relics":["Burning Blood","Self Forming Clay","Whetstone","Bag of Preparation","Ornamental Fan","Boot","Philosopher\u0027s Stone","Bottled Tornado","Gambling Chip"],"potions_floor_usage":[33],"damage_taken":[{"damage":6.0,"enemies":"2 Louse","floor":1.0,"turns":3.0},{"damage":13.0,"enemies":"Jaw Worm","floor":2.0,"turns":2.0},{"damage":6.0,"enemies":"Small Slimes","floor":3.0,"turns":3.0},{"damage":15.0,"enemies":"Exordium Wildlife","floor":4.0,"turns":4.0},{"damage":8.0,"enemies":"Looter","floor":5.0,"turns":2.0},{"damage":19.0,"enemies":"3 Sentries","floor":7.0,"turns":6.0},{"damage":6.0,"enemies":"Exordium Thugs","floor":10.0,"turns":2.0},{"damage":21.0,"enemies":"Lagavulin","floor":11.0,"turns":4.0},{"damage":16.0,"enemies":"Lagavulin Event","floor":12.0,"turns":4.0},{"damage":6.0,"enemies":"Exordium Wildlife","floor":13.0,"turns":2.0},{"damage":8.0,"enemies":"3 Sentries","floor":14.0,"turns":5.0},{"damage":12.0,"enemies":"Hexaghost","floor":16.0,"turns":7.0},{"damage":6.0,"enemies":"Chosen","floor":18.0,"turns":3.0},{"damage":6.0,"enemies":"Spheric Guardian","floor":19.0,"turns":3.0},{"damage":7.0,"enemies":"Snake Plant","floor":20.0,"turns":4.0},{"damage":6.0,"enemies":"3 Cultists","floor":27.0,"turns":4.0},{"damage":7.0,"enemies":"Centurion and Healer","floor":29.0,"turns":5.0},{"damage":8.0,"enemies":"Snecko","floor":30.0,"turns":4.0},{"damage":40,"enemies":"Automaton","floor":33,"turns":7}],"seed_played":"1747740325263395224","potions_obtained":[{"floor":2.0,"key":"GamblersBrew"},{"floor":3.0,"key":"SteroidPotion"},{"floor":4.0,"key":"AttackPotion"},{"floor":11.0,"key":"SteroidPotion"},{"floor":14.0,"key":"Explosive Potion"},{"floor":16.0,"key":"GamblersBrew"},{"floor":20.0,"key":"Regen Potion"}],"is_trial":false,"path_per_floor":["M","M","M","M","M","R","E","R","T","M","E","?","M","E","R","B",null,"M","M","M","?","$","R","?","R","T","M","R","M","M","?","R","B"],"character_chosen":"IRONCLAD","items_purchased":["Bottled Tornado","Whirlwind"],"campfire_rested":0,"item_purchase_floors":[22,22],"current_hp_per_floor":[80,73,73,64,62,62,49,49,49,49,34,24,24,22,22,16,80,80,80,79,79,79,79,79,79,79,79,79,78,76,40,40,0],"gold":72,"neow_bonus":"TRANSFORM_TWO_CARDS","is_prod":false,"is_daily":false,"chose_seed":false,"campfire_upgraded":7,"win_rate":1,"timestamp":1549894440,"path_taken":["M","M","M","M","M","R","E","R","T","M","E","?","M","E","R","BOSS","M","M","M","?","$","R","?","R","T","M","R","?","M","?","R","BOSS"],"build_version":"2019-02-06","purchased_purges":1,"victory":false,"max_hp_per_floor":[80,80,80,80,80,80,80,80,80,80,80,80,80,80,80,80,80,80,80,80,80,80,80,80,80,80,80,80,80,80,40,40,40],"card_choices":[{"not_picked":["Pommel Strike","Sword Boomerang"],"picked":"Iron Wave","floor":1.0},{"not_picked":["Flex","Second Wind"],"picked":"Anger","floor":2.0},{"not_picked":["Rage","Pommel Strike"],"picked":"Carnage","floor":3.0},{"not_picked":["Clash","Anger"],"picked":"Clothesline","floor":4.0},{"not_picked":["Second Wind","Dual Wield"],"picked":"Pommel Strike","floor":5.0},{"not_picked":["Dual Wield","Bludgeon"],"picked":"Warcry","floor":7.0},{"not_picked":["Corruption","Flex"],"picked":"Spot Weakness","floor":10.0},{"not_picked":["Clothesline","Uppercut"],"picked":"True Grit","floor":11.0},{"not_picked":["Clash","Corruption"],"picked":"Brutality","floor":13.0},{"not_picked":["Sword Boomerang","Hemokinesis"],"picked":"Seeing Red","floor":14.0},{"not_picked":["Bludgeon","Barricade"],"picked":"Demon Form","floor":16.0},{"not_picked":["Entrench","Headbutt","Hemokinesis+1"],"picked":"SKIP","floor":18.0},{"not_picked":["Pommel Strike","Flex"],"picked":"Armaments","floor":19.0},{"not_picked":["Warcry","Perfected Strike"],"picked":"Fiend Fire","floor":20.0},{"not_picked":["Dual Wield","Armaments"],"picked":"Flame Barrier","floor":27.0},{"not_picked":["Clothesline","Sword Boomerang+1"],"picked":"Pommel Strike+1","floor":29.0},{"not_picked":["Entrench","Clothesline","Flex+1"],"picked":"SKIP","floor":30.0}],"player_experience":24670,"relics_obtained":[{"floor":7.0,"key":"Self Forming Clay"},{"floor":9.0,"key":"Whetstone"},{"floor":11.0,"key":"Bag of Preparation"},{"floor":12.0,"key":"Ornamental Fan"},{"floor":14.0,"key":"Boot"},{"floor":26.0,"key":"Gambling Chip"}],"event_choices":[{"damage_healed":0.0,"max_hp_gain":0.0,"max_hp_loss":0.0,"gold_gain":30.0,"event_name":"Dead Adventurer","player_choice":"Searched \u00273\u0027 times","floor":12.0,"gold_loss":0.0,"damage_taken":0.0},{"damage_healed":0.0,"max_hp_gain":0.0,"max_hp_loss":0.0,"gold_gain":0.0,"event_name":"Back to Basics","player_choice":"Simplicity","floor":21.0,"gold_loss":0.0,"damage_taken":0.0,"cards_upgraded":["Strike_R","Strike_R","Strike_R","Defend_R","Defend_R","Defend_R","Defend_R"]},{"damage_healed":0.0,"max_hp_gain":0.0,"max_hp_loss":0.0,"gold_gain":0.0,"event_name":"Beggar","player_choice":"Ignored","floor":24.0,"gold_loss":0.0,"damage_taken":0.0},{"damage_healed":0.0,"max_hp_gain":0.0,"max_hp_loss":40.0,"gold_gain":0.0,"event_name":"Ghosts","player_choice":"Became a Ghost","floor":31.0,"gold_loss":0.0,"damage_taken":0.0,"cards_obtained":["Ghostly","Ghostly","Ghostly","Ghostly","Ghostly"]}],"is_beta":true,"boss_relics":[{"not_picked":["Runic Dome","Snecko Eye"],"picked":"Philosopher\u0027s Stone"}],"items_purged_floors":[22],"is_endless":false,"potions_floor_spawned":[2,3,4,11,14,16,18,20,30],"killed_by":"Automaton","ascension_level":2}