{"gold_per_floor":[117,267,284,209,220,220,240,274,297,297,326,349,368,400,400,400],"floor_reached":16,"playtime":547,"items_purged":["Doubt"],"score":228,"play_id":"71bac33e-2a36-4d88-98d1-aefab9f12e35","local_time":"20190105164834","is_ascension_mode":true,"campfire_choices":[{"data":"Whirlwind","floor":6,"key":"SMITH"},{"data":"Body Slam","floor":15,"key":"SMITH"}],"neow_cost":"NONE","seed_source_timestamp":1311223074127878,"circlet_count":0,"master_deck":["AscendersBane","Strike_R","Strike_R","Strike_R","Strike_R","Strike_R","Defend_R","Defend_R","Defend_R","Defend_R","Bash","Whirlwind+1","Iron Wave","Iron Wave","Evolve","Power Through","Infernal Blade","Body Slam+1","Corruption"],"relics":["Burning Blood","NeowsBlessing","Dream Catcher","Oddly Smooth Stone","Anchor","Odd Mushroom","PreservedInsect"],"potions_floor_usage":[8,11,14,16],"damage_taken":[{"damage":0,"enemies":"2 Louse","floor":1,"turns":1},{"damage":0,"enemies":"Jaw Worm","floor":3,"turns":1},{"damage":0,"enemies":"Cultist","floor":5,"turns":1},{"damage":0,"enemies":"3 Louse","floor":7,"turns":1},{"damage":35,"enemies":"Lagavulin","floor":8,"turns":6},{"damage":10,"enemies":"3 Sentries","floor":11,"turns":5},{"damage":11,"enemies":"The Mushroom Lair","floor":12,"turns":3},{"damage":12,"enemies":"Large Slime","floor":13,"turns":7},{"damage":50,"enemies":"Lagavulin","floor":14,"turns":10},{"damage":84,"enemies":"The Guardian","floor":16,"turns":8}],"seed_played":"-6318077624350826774","potions_obtained":[{"floor":1,"key":"Fire Potion"},{"floor":3,"key":"Strength Potion"},{"floor":8,"key":"FairyPotion"},{"floor":11,"key":"Poison Potion"},{"floor":14,"key":"Regen Potion"}],"is_trial":false,"path_per_floor":["M","?","M","$","M","R","M","E","T","?","E","?","M","E","R","B"],"character_chosen":"IRONCLAD","items_purchased":[],"campfire_rested":0,"item_purchase_floors":[],"current_hp_per_floor":[74,74,75,75,75,75,75,46,46,71,67,62,56,12,12,0],"gold":400,"neow_bonus":"THREE_ENEMY_KILL","is_prod":false,"is_daily":false,"chose_seed":false,"campfire_upgraded":2,"win_rate":0,"timestamp":1546703314,"path_taken":["M","?","M","$","M","R","M","E","T","?","E","?","M","E","R","BOSS"],"build_version":"2019-01-03v4","purchased_purges":1,"victory":false,"max_hp_per_floor":[75,75,75,75,75,75,75,75,75,75,75,75,75,75,75,75],"card_choices":[{"not_picked":["Pummel","Body Slam"],"picked":"Whirlwind","floor":1},{"not_picked":["Pommel Strike","Wild Strike"],"picked":"Iron Wave","floor":3},{"not_picked":["Fire Breathing","Dual Wield"],"picked":"Iron Wave","floor":5},{"not_picked":["Warcry","Clothesline"],"picked":"Evolve","floor":7},{"not_picked":["Havoc","Flex"],"picked":"Power Through","floor":8},{"not_picked":["Berserk","Dual Wield","Searing Blow"],"picked":"SKIP","floor":11},{"not_picked":["Burning Pact","Heavy Blade"],"picked":"Infernal Blade","floor":12},{"not_picked":["Perfected Strike","Evolve"],"picked":"Body Slam","floor":13},{"not_picked":["Combust","Iron Wave"],"picked":"Corruption","floor":14}],"player_experience":819901,"relics_obtained":[{"floor":8,"key":"Dream Catcher"},{"floor":9,"key":"Oddly Smooth Stone"},{"floor":11,"key":"Anchor"},{"floor":12,"key":"Odd Mushroom"},{"floor":14,"key":"PreservedInsect"}],"event_choices":[{"damage_healed":0,"gold_gain":150,"player_choice":"AGREE","damage_taken":0,"max_hp_gain":0,"max_hp_loss":0,"event_name":"Liars Game","floor":2,"gold_loss":0,"cards_obtained":["Doubt"]},{"damage_healed":25,"gold_gain":0,"player_choice":"Banana","damage_taken":0,"max_hp_gain":0,"max_hp_loss":0,"event_name":"Big Fish","floor":10,"gold_loss":0},{"damage_healed":0,"gold_gain":0,"player_choice":"Fought Mushrooms","damage_taken":0,"max_hp_gain":0,"max_hp_loss":0,"event_name":"Mushrooms","floor":12,"gold_loss":0}],"is_beta":false,"boss_relics":[],"items_purged_floors":[4],"is_endless":false,"potions_floor_spawned":[1,3,8,11,14],"killed_by":"The Guardian","ascension_level":18}