{"gold_per_floor":[111,124,199,213,227,227,252,252,300,313,61,74,0,15,15,113,113,129,145,170,182,23,23,39,39,92,2,2],"floor_reached":28,"playtime":3096,"items_purged":[],"score":247,"play_id":"e665bd1c-740b-40c5-b216-494eadab1d9c","local_time":"20190127024718","is_ascension_mode":false,"campfire_choices":[{"data":"Perfected Strike","floor":6,"key":"SMITH"},{"data":"Perfected Strike","floor":8,"key":"SMITH"},{"floor":15,"key":"REST"},{"data":"Inflame","floor":23,"key":"SMITH"},{"floor":25,"key":"REST"}],"neow_cost":"NONE","seed_source_timestamp":1783698115549276,"circlet_count":0,"master_deck":["Strike_R+1","Strike_R","Strike_R","Strike_R","Strike_R","Defend_R","Defend_R","Bash","Anger","Perfected Strike+1","Seeing Red","Feed","Perfected Strike+1","Dual Wield","Combust","The Bomb","True Grit","Thunderclap","Clash","Flex","Headbutt","True Grit","Berserk","Fire Breathing","Seeing Red","Cleave","Impervious","Ghostly Armor","Inflame+1","Shockwave"],"relics":["Black Blood","Bottled Flame","Happy Flower","Red Mask","Blood Vial"],"potions_floor_usage":[21,24,24],"damage_taken":[{"damage":0,"enemies":"2 Louse","floor":1,"turns":3},{"damage":0,"enemies":"Cultist","floor":2,"turns":2},{"damage":6,"enemies":"Jaw Worm","floor":4,"turns":2},{"damage":5,"enemies":"Looter","floor":5,"turns":2},{"damage":30,"enemies":"3 Sentries","floor":7,"turns":7},{"damage":15,"enemies":"Gremlin Gang","floor":10,"turns":4},{"damage":8,"enemies":"Blue Slaver","floor":12,"turns":3},{"damage":11,"enemies":"Exordium Wildlife","floor":14,"turns":2},{"damage":25,"enemies":"Slime Boss","floor":16,"turns":6},{"damage":0,"enemies":"Spheric Guardian","floor":18,"turns":3},{"damage":28,"enemies":"2 Thieves","floor":19,"turns":3},{"damage":34,"enemies":"Masked Bandits","floor":20,"turns":4},{"damage":11,"enemies":"Snecko","floor":21,"turns":4},{"damage":31,"enemies":"Centurion and Healer","floor":24,"turns":5},{"damage":68,"enemies":"Slavers","floor":28,"turns":3}],"seed_played":"6523129779894667289","potions_obtained":[{"floor":2,"key":"Weak Potion"},{"floor":7,"key":"GamblersBrew"},{"floor":12,"key":"Fire Potion"},{"floor":16,"key":"SteroidPotion"},{"floor":21,"key":"Poison Potion"}],"is_trial":false,"path_per_floor":["?","M","M","?","?"],"character_chosen":"IRONCLAD","items_purchased":["The Bomb","True Grit","Thunderclap","Flex","Headbutt","Ghostly Armor","Inflame"],"campfire_rested":2,"item_purchase_floors":[11,11,11,13,13,22,22],"current_hp_per_floor":[80,80,72,72,73,73,52,52,52,46,46,47,47,45,72,53,92,92,74,50,49,49,49,31,59,59,59,0],"gold":2,"neow_bonus":"TRANSFORM_CARD","is_prod":false,"is_daily":false,"chose_seed":false,"campfire_upgraded":3,"win_rate":0.0,"timestamp":1548528438,"path_taken":["M","M","?","M","?","R","E","R","T","?","$","M","$","M","R","BOSS","M","M","?","M","$","R","M","R","T","?","E"],"build_version":"2019-01-23","purchased_purges":0,"victory":false,"max_hp_per_floor":[80,80,80,80,80,80,83,83,83,86,86,89,89,92,92,92,92,92,92,92,92,92,92,95,95,95,95,95],"card_choices":[{"not_picked":["Twin Strike","Anger"],"picked":"Perfected Strike","floor":1},{"not_picked":["Sword Boomerang","Body Slam"],"picked":"Seeing Red","floor":2},{"not_picked":["Iron Wave","Warcry"],"picked":"Feed","floor":4},{"not_picked":["Shrug It Off","Flame Barrier"],"picked":"Perfected Strike","floor":5},{"not_picked":["Entrench","True Grit"],"picked":"Dual Wield","floor":7},{"not_picked":["Whirlwind","Cleave"],"picked":"Combust","floor":10},{"not_picked":["Seeing Red","Carnage"],"picked":"Clash","floor":12},{"not_picked":["Spot Weakness","Clothesline"],"picked":"True Grit","floor":14},{"not_picked":["Bludgeon","Limit Break"],"picked":"Berserk","floor":16},{"not_picked":["Corruption","Clash+1"],"picked":"Fire Breathing","floor":18},{"not_picked":["Shrug It Off","Dual Wield"],"picked":"Seeing Red","floor":19},{"not_picked":["Body Slam","Rampage"],"picked":"Cleave","floor":20},{"not_picked":["Clothesline","Pommel Strike+1"],"picked":"Impervious","floor":21},{"not_picked":["Flex","Fire Breathing"],"picked":"Shockwave","floor":24}],"player_experience":11817,"relics_obtained":[{"floor":7,"key":"Bottled Flame"},{"floor":9,"key":"Happy Flower"},{"floor":20,"key":"Red Mask"},{"floor":26,"key":"Blood Vial"}],"event_choices":[{"damage_healed":0,"gold_gain":75,"player_choice":"Touch","damage_taken":8,"max_hp_gain":0,"max_hp_loss":0,"event_name":"FaceTrader","floor":3,"gold_loss":0},{"damage_healed":0,"gold_gain":0,"player_choice":"Fought Bandits","damage_taken":0,"max_hp_gain":0,"max_hp_loss":0,"event_name":"Masked Bandits","floor":20,"gold_loss":0},{"cards_removed":["Defend_R"],"damage_healed":0,"gold_gain":0,"player_choice":"Upgrade and Remove","damage_taken":0,"max_hp_gain":0,"max_hp_loss":0,"event_name":"Designer","floor":27,"gold_loss":90,"cards_upgraded":["Strike_R"]}],"is_beta":false,"boss_relics":[{"not_picked":["Mark of Pain","Busted Crown"],"picked":"Black Blood"}],"items_purged_floors":[],"is_endless":false,"potions_floor_spawned":[2,7,12,16,18,21],"killed_by":"Slavers","ascension_level":0}