{"gold_per_floor":[118,13,26,45,65,65,96,96,96,124,36,36,47,64,64,139,139,113,38,38,38,58,58],"floor_reached":23,"playtime":1371,"items_purged":["Normality"],"score":362,"play_id":"8af723ca-1ebf-4644-b6f2-77671a9cb543","local_time":"20190207211711","is_ascension_mode":true,"campfire_choices":[{"data":"True Grit","floor":6,"key":"SMITH"},{"floor":8,"key":"REST"},{"data":"Strike_R","floor":12,"key":"PURGE"},{"floor":15,"key":"REST"}],"neow_cost":"CURSE","seed_source_timestamp":409020527757495,"circlet_count":0,"master_deck":["AscendersBane","Strike_R","Strike_R","Strike_R","Strike_R","Defend_R","Defend_R","Defend_R","Defend_R","Bash","Anger","Clothesline","True Grit+1","Feed","Disarm","Battle Trance","Flame Barrier","Bludgeon","Warcry","Ghostly","Ghostly","Ghostly","Shrug It Off"],"relics":["Burning Blood","Ice Cream","Singing Bowl","Pantograph","Kunai","Peace Pipe","Runic Cube"],"potions_floor_usage":[7,14,18],"damage_taken":[{"damage":13,"enemies":"2 Louse","floor":1,"turns":5},{"damage":1,"enemies":"Cultist","floor":3,"turns":3},{"damage":10,"enemies":"Small Slimes","floor":4,"turns":3},{"damage":4,"enemies":"2 Fungi Beasts","floor":5,"turns":4},{"damage":48,"enemies":"Gremlin Nob","floor":7,"turns":5},{"damage":18,"enemies":"Lagavulin","floor":10,"turns":8},{"damage":24,"enemies":"Exordium Thugs","floor":13,"turns":5},{"damage":1,"enemies":"Large Slime","floor":14,"turns":7},{"damage":23,"enemies":"The Guardian","floor":16,"turns":15},{"damage":29,"enemies":"2 Thieves","floor":18,"turns":5},{"damage":21,"enemies":"Shell Parasite","floor":22,"turns":11},{"damage":36,"enemies":"Slavers","floor":23,"turns":7}],"seed_played":"6116996700593448568","potions_obtained":[{"floor":3,"key":"PowerPotion"},{"floor":7,"key":"SmokeBomb"},{"floor":13,"key":"Fire Potion"},{"floor":16,"key":"Swift Potion"}],"is_trial":false,"path_per_floor":["M","?","M","M","M","R","E","R","T","E","$","R","M","M","R","B",null,"M","$","?","?","M","E"],"character_chosen":"IRONCLAD","items_purchased":["Battle Trance"],"campfire_rested":2,"item_purchase_floors":[11],"current_hp_per_floor":[61,61,66,62,64,64,27,51,51,42,42,42,24,34,60,68,83,63,63,45,45,33,0],"gold":58,"neow_bonus":"ONE_RARE_RELIC","is_prod":false,"is_daily":false,"chose_seed":false,"campfire_upgraded":1,"win_rate":0,"timestamp":1549603031,"path_taken":["M","?","M","M","M","R","E","R","T","E","$","R","M","M","R","BOSS","M","?","?","?","M","E"],"build_version":"2019-01-23","purchased_purges":1,"victory":false,"max_hp_per_floor":[75,75,75,75,75,75,80,80,80,83,83,83,83,88,88,88,88,91,91,45,45,48,48],"card_choices":[{"not_picked":["Rage","Twin Strike"],"picked":"Anger","floor":1},{"not_picked":["Entrench","Sentinel"],"picked":"Clothesline","floor":3},{"not_picked":["Body Slam","Warcry"],"picked":"True Grit","floor":4},{"not_picked":["Body Slam","Corruption"],"picked":"Feed","floor":5},{"not_picked":["Bloodletting","Evolve","Blood for Blood"],"picked":"Singing Bowl","floor":7},{"not_picked":["Bloodletting","Blood for Blood"],"picked":"Disarm","floor":10},{"not_picked":["Pummel","Iron Wave"],"picked":"Flame Barrier","floor":13},{"not_picked":["Flame Barrier","Clash","Headbutt"],"picked":"Singing Bowl","floor":14},{"not_picked":["Juggernaut","Offering"],"picked":"Bludgeon","floor":16},{"not_picked":["True Grit","Ghostly Armor"],"picked":"Warcry","floor":18},{"not_picked":["Body Slam","Feel No Pain"],"picked":"Shrug It Off","floor":22}],"player_experience":535605,"relics_obtained":[{"floor":7,"key":"Pantograph"},{"floor":9,"key":"Kunai"},{"floor":10,"key":"Peace Pipe"}],"event_choices":[{"damage_healed":0,"gold_gain":0,"player_choice":"Paid Gold","damage_taken":0,"relics_obtained":["Singing Bowl"],"max_hp_gain":0,"max_hp_loss":0,"event_name":"WeMeetAgain","floor":2,"gold_loss":105},{"damage_healed":0,"gold_gain":0,"player_choice":"Became a Ghost","damage_taken":0,"max_hp_gain":0,"max_hp_loss":46,"event_name":"Ghosts","floor":20,"gold_loss":0,"cards_obtained":["Ghostly","Ghostly","Ghostly"]},{"damage_healed":0,"gold_gain":0,"player_choice":"Ignored","damage_taken":0,"max_hp_gain":0,"max_hp_loss":0,"event_name":"N\u0027loth","floor":21,"gold_loss":0}],"is_beta":false,"boss_relics":[{"not_picked":["Velvet Choker","Lizard Tail"],"picked":"Runic Cube"}],"items_purged_floors":[19],"is_endless":false,"potions_floor_spawned":[3,7,13,16],"killed_by":"Slavers","ascension_level":16}