{"gold_per_floor":[111,125,103,122,142,177,193,193,241,259,274,300,31,46,46,46],"floor_reached":16,"playtime":972,"items_purged":[],"score":197,"play_id":"63da619b-5d33-4c9e-a48a-6c1f08706603","local_time":"20190225134722","is_ascension_mode":true,"campfire_choices":[{"data":"Zap","floor":8,"key":"SMITH"},{"data":"Genetic Algorithm","floor":15,"key":"SMITH"}],"neow_cost":"NONE","seed_source_timestamp":843096573839223,"circlet_count":0,"master_deck":["AscendersBane","Strike_B","Strike_B","Strike_B","Strike_B","Defend_B","Defend_B","Defend_B","Defend_B","Zap+1","Dualcast","Undo","Doom and Gloom","Steam","Reinforced Body","Glacier","Core Surge","Loop","FTL","Genetic Algorithm+1"],"relics":["Cracked Core","NeowsBlessing","Dream Catcher","Vajra","Bottled Lightning","PrismaticShard"],"potions_floor_usage":[6,6,7,16],"damage_taken":[{"damage":0,"enemies":"Cultist","floor":1,"turns":1},{"damage":0,"enemies":"Jaw Worm","floor":2,"turns":1},{"damage":0,"enemies":"Small Slimes","floor":4,"turns":1},{"damage":0,"enemies":"Looter","floor":5,"turns":5},{"damage":16,"enemies":"Gremlin Nob","floor":6,"turns":4},{"damage":5,"enemies":"Blue Slaver","floor":7,"turns":6},{"damage":4,"enemies":"Exordium Thugs","floor":10,"turns":5},{"damage":0,"enemies":"Looter","floor":11,"turns":3},{"damage":14,"enemies":"Lagavulin","floor":12,"turns":7},{"damage":0,"enemies":"Blue Slaver","floor":14,"turns":4},{"damage":45,"enemies":"Slime Boss","floor":16,"turns":12}],"seed_played":"2765817432974295571","potions_obtained":[{"floor":1,"key":"Poison Potion"},{"floor":4,"key":"SteroidPotion"},{"floor":6,"key":"Regen Potion"},{"floor":10,"key":"Dexterity Potion"}],"is_trial":false,"path_per_floor":["M","M","$","M","M","E","M","R","T","M","M","E","$","M","R","B"],"character_chosen":"DEFECT","items_purchased":["Steam","PrismaticShard","FTL"],"campfire_rested":0,"item_purchase_floors":[3,13,13],"current_hp_per_floor":[64,64,64,64,64,48,58,58,58,54,54,40,40,40,40,0],"gold":46,"neow_bonus":"THREE_ENEMY_KILL","is_prod":false,"is_daily":false,"chose_seed":false,"campfire_upgraded":2,"win_rate":0,"timestamp":1551080842,"path_taken":["M","?","$","?","?","E","M","R","T","M","?","E","$","M","R","BOSS"],"build_version":"2019-01-23","purchased_purges":0,"victory":false,"max_hp_per_floor":[71,71,71,71,71,71,71,71,71,71,71,71,71,71,71,71],"card_choices":[{"not_picked":["Gash","Capacitor"],"picked":"Undo","floor":1},{"not_picked":["Defragment","FTL"],"picked":"Doom and Gloom","floor":2},{"not_picked":["Sweeping Beam","Self Repair"],"picked":"Reinforced Body","floor":4},{"not_picked":["Steam","Compile Driver"],"picked":"Glacier","floor":5},{"not_picked":["Turbo","Gash","Scrape"],"picked":"SKIP","floor":6},{"not_picked":["Rebound","Skim","Sweeping Beam"],"picked":"SKIP","floor":7},{"not_picked":["Darkness","Go for the Eyes"],"picked":"Core Surge","floor":10},{"not_picked":["Auto Shields","Turbo"],"picked":"Loop","floor":11},{"not_picked":["Rebound","Reprogram","Gash"],"picked":"SKIP","floor":12},{"not_picked":["Blade Dance","Turbo"],"picked":"Genetic Algorithm","floor":14}],"player_experience":879980,"relics_obtained":[{"floor":6,"key":"Dream Catcher"},{"floor":9,"key":"Vajra"},{"floor":12,"key":"Bottled Lightning"}],"event_choices":[],"is_beta":false,"boss_relics":[],"items_purged_floors":[],"is_endless":false,"potions_floor_spawned":[1,4,6,10],"killed_by":"Slime Boss","ascension_level":14}