{"gold_per_floor":[114,189,201,217,60,60,92,92,166,194,194,211,227,245,245,321,321,333,152,170,184,184],"floor_reached":22,"playtime":1127,"items_purged":["Grand Finale"],"score":566,"play_id":"0d438485-db21-4a0e-b531-742c75121163","local_time":"20190116120829","is_ascension_mode":true,"campfire_choices":[{"data":"Footwork","floor":6.0,"key":"SMITH"},{"floor":8.0,"key":"REST"},{"floor":15.0,"key":"REST"}],"neow_cost":"NONE","seed_source_timestamp":0,"circlet_count":0,"master_deck":["AscendersBane","Survivor","Neutralize","Footwork+1","Distraction","Well Laid Plans","Discovery","Poisoned Stab","All Out Attack","Backflip","Flying Knee","Noxious Fumes","Leg Sweep","Glass Knife","Blur","Envenom","PiercingWail","Calculated Gamble","A Thousand Cuts","Distraction","Tools of the Trade","Dagger Throw","A Thousand Cuts","Enlightenment","Blade Dance","Backflip+1"],"special_seed":0,"relics":["Ring of the Snake","Strawberry","Potion Belt","Bottled Lightning","Ornamental Fan","Bottled Tornado","Pandora\u0027s Box"],"potions_floor_usage":[21,22],"damage_taken":[{"damage":1.0,"enemies":"Small Slimes","floor":1.0,"turns":3.0},{"damage":0.0,"enemies":"Jaw Worm","floor":3.0,"turns":9.0},{"damage":0.0,"enemies":"2 Louse","floor":4.0,"turns":5.0},{"damage":25.0,"enemies":"Lagavulin","floor":7.0,"turns":10.0},{"damage":38.0,"enemies":"Gremlin Nob","floor":10.0,"turns":4.0},{"damage":0.0,"enemies":"Looter","floor":12.0,"turns":4.0},{"damage":2.0,"enemies":"Blue Slaver","floor":13.0,"turns":5.0},{"damage":0.0,"enemies":"3 Louse","floor":14.0,"turns":4.0},{"damage":11.0,"enemies":"Slime Boss","floor":16.0,"turns":11.0},{"damage":26.0,"enemies":"Chosen","floor":18.0,"turns":7.0},{"damage":5.0,"enemies":"3 Byrds","floor":20.0,"turns":4.0},{"damage":20,"enemies":"Centurion and Healer","floor":21,"turns":9},{"damage":18,"enemies":"Cultist and Chosen","floor":22,"turns":4}],"seed_played":"8437160017496380137","potions_obtained":[{"floor":4.0,"key":"Block Potion"},{"floor":7.0,"key":"GamblersBrew"},{"floor":12.0,"key":"GamblersBrew"},{"floor":13.0,"key":"GhostInAJar"},{"floor":16.0,"key":"Explosive Potion"},{"floor":18.0,"key":"Regen Potion"},{"floor":20.0,"key":"Ancient Potion"},{"floor":21,"key":"GhostInAJar"}],"is_trial":false,"path_per_floor":["M","?","M","M","$","R","E","R","T","E","T","M","M","M","R","B",null,"M","$","M","M","M"],"character_chosen":"THE_SILENT","items_purchased":["Discovery","Poisoned Stab","Enlightenment"],"campfire_rested":2,"item_purchase_floors":[5,5,19],"current_hp_per_floor":[65,54,54,54,54,54,29,50,50,12,12,12,10,10,31,20,60,34,34,29,9,0],"gold":184,"neow_bonus":"RANDOM_COMMON_RELIC","is_prod":false,"is_daily":false,"chose_seed":false,"campfire_upgraded":1,"win_rate":0,"timestamp":1547636909,"path_taken":["M","?","M","M","$","R","E","R","T","E","?","M","M","?","R","BOSS","M","$","M","M","M"],"build_version":"2019-01-10","purchased_purges":1,"victory":false,"max_hp_per_floor":[73,73,73,73,73,73,73,73,73,73,73,73,73,73,73,73,73,73,73,73,73,73],"card_choices":[{"not_picked":["Slice","Cloak And Dagger"],"picked":"Footwork","floor":1.0},{"not_picked":["Underhanded Strike","Prepared"],"picked":"Distraction","floor":3.0},{"not_picked":["Setup","Quick Slash"],"picked":"Well Laid Plans","floor":4.0},{"not_picked":["Deflect","Tactician"],"picked":"All Out Attack","floor":7.0},{"not_picked":["Caltrops","Terror"],"picked":"Backflip","floor":10.0},{"not_picked":["PiercingWail","Backflip"],"picked":"Flying Knee","floor":12.0},{"not_picked":["Accuracy","Die Die Die"],"picked":"Noxious Fumes","floor":13.0},{"not_picked":["Cloak And Dagger","Choke"],"picked":"Leg Sweep","floor":14.0},{"not_picked":["Night Terror","Doppelganger"],"picked":"Glass Knife","floor":16.0},{"not_picked":["Well Laid Plans","Finisher","Bane"],"picked":"SKIP","floor":18.0},{"not_picked":["Masterful Stab","Infinite Blades"],"picked":"Blade Dance","floor":20.0},{"not_picked":["Outmaneuver","Blade Dance"],"picked":"Backflip+1","floor":21}],"player_experience":867336,"relics_obtained":[{"floor":7.0,"key":"Potion Belt"},{"floor":9.0,"key":"Bottled Lightning"},{"floor":10.0,"key":"Ornamental Fan"},{"floor":11.0,"key":"Bottled Tornado"}],"event_choices":[{"damage_healed":0.0,"max_hp_gain":0.0,"max_hp_loss":0.0,"gold_gain":75.0,"event_name":"World of Goop","player_choice":"Gather Gold","floor":2.0,"gold_loss":0.0,"damage_taken":11.0}],"is_beta":false,"boss_relics":[{"not_picked":["Lizard Tail","Eternal Feather"],"picked":"Pandora\u0027s Box"}],"items_purged_floors":[19],"is_endless":false,"potions_floor_spawned":[4,7,12,13,16,18,20,21],"killed_by":"Cultist and Chosen","ascension_level":18}