{"gold_per_floor":[118,133,133,148,148,148,188,212,212,65,65,65,140,164,164,164],"floor_reached":16,"playtime":1521,"items_purged":[],"score":155,"play_id":"58a3c677-c67d-46a1-9e06-cc297da4a1f4","local_time":"20181002163109","is_ascension_mode":true,"campfire_choices":[{"data":"Bash","floor":6,"key":"SMITH"},{"data":"Panacea","floor":12,"key":"SMITH"},{"data":"Reckless Charge","floor":15,"key":"SMITH"}],"neow_cost":"CURSE","seed_source_timestamp":538208212623519,"circlet_count":0,"master_deck":["Strike_R","Strike_R","Strike_R","Strike_R","Strike_R","Defend_R","Defend_R","Defend_R","Defend_R","Bash+1","AscendersBane","Pommel Strike","Reckless Charge+1","Armaments","Panacea+1","True Grit"],"relics":["Burning Blood","Nunchaku","Golden Idol","Strawberry","Pear","Anchor"],"potions_floor_usage":[7,8],"damage_taken":[{"damage":1,"enemies":"Cultist","floor":1,"turns":4},{"damage":0,"enemies":"Small Slimes","floor":2,"turns":3},{"damage":7,"enemies":"2 Louse","floor":4,"turns":3},{"damage":22,"enemies":"3 Sentries","floor":7,"turns":9},{"damage":6,"enemies":"Lots of Slimes","floor":8,"turns":5},{"damage":12,"enemies":"Large Slime","floor":14,"turns":6},{"damage":3,"enemies":"Hexaghost","floor":16,"turns":2}],"seed_played":"437250929427766196","potions_obtained":[{"floor":1,"key":"Dexterity Potion"},{"floor":7,"key":"PowerPotion"},{"floor":14,"key":"Explosive Potion"}],"is_trial":false,"path_per_floor":["M","M","?","M","?","R","E","M","T","$","T","R","?","M","R"],"character_chosen":"IRONCLAD","items_purchased":["Panacea","True Grit"],"campfire_rested":0,"item_purchase_floors":[10,10],"current_hp_per_floor":[77,80,73,72,72,72,63,63,73,73,73,73,62,56,56,53],"gold":164,"neow_bonus":"ONE_RARE_RELIC","is_prod":false,"is_daily":false,"chose_seed":false,"campfire_upgraded":3,"win_rate":0,"timestamp":1538490669,"path_taken":["M","?","?","M","?","R","E","M","T","$","?","R","?","M","R","BOSS"],"build_version":"2018-09-27","purchased_purges":0,"victory":false,"max_hp_per_floor":[80,80,80,80,74,74,81,81,91,91,91,91,91,91,91,91],"card_choices":[{"not_picked":["Anger","Sever Soul"],"picked":"Pommel Strike","floor":1},{"not_picked":["Evolve","Clothesline"],"picked":"Reckless Charge","floor":2},{"not_picked":["Iron Wave","Fire Breathing","Flex"],"picked":"SKIP","floor":4},{"not_picked":["Thunderclap","Clothesline"],"picked":"Armaments","floor":7},{"not_picked":["Second Wind","Fire Breathing","Infernal Blade"],"picked":"SKIP","floor":8},{"not_picked":["Searing Blow","Havoc","Clash"],"picked":"SKIP","floor":14}],"player_experience":478909,"relics_obtained":[{"floor":7,"key":"Strawberry"},{"floor":9,"key":"Pear"},{"floor":11,"key":"Anchor"}],"event_choices":[{"event_name":"Golden Wing","player_choice":"Card Removal","floor":3,"damage_taken":0},{"event_name":"Golden Idol","player_choice":"Lose Max HP","floor":5,"damage_taken":0},{"event_name":"World of Goop","player_choice":"Gather Gold","floor":13,"damage_taken":0}],"is_beta":false,"boss_relics":[],"items_purged_floors":[],"is_endless":false,"potions_floor_spawned":[1,7,14],"killed_by":"Hexaghost","ascension_level":11}