{"gold_per_floor":[119,137,137,153,169,169,202,202,226,242,258,284,284,349,349,452,452,467,467,456,475,475,475,489,489,489,508,527,540,550,550,550,655,655,666,353,353,367,380,380,405,405,432,451,468,468,500,518,518,518],"floor_reached":51,"playtime":4730,"items_purged":["Strike_B"],"score":810,"play_id":"6fd9a175-bb82-4a49-bb33-10a0a9f389b1","local_time":"20190226112712","is_ascension_mode":true,"campfire_choices":[{"data":"Coolheaded","floor":6.0,"key":"SMITH"},{"data":"Capacitor","floor":8.0,"key":"SMITH"},{"data":"Defragment","floor":13.0,"key":"SMITH"},{"floor":15.0,"key":"REST"},{"data":"Seek","floor":23.0,"key":"SMITH"},{"data":"Reboot","floor":25.0,"key":"SMITH"},{"floor":32.0,"key":"REST"},{"data":"Fission","floor":40.0,"key":"SMITH"},{"data":"Amplify","floor":42.0,"key":"SMITH"},{"data":"Consume","floor":46.0,"key":"SMITH"},{"floor":49.0,"key":"REST"}],"neow_cost":"NONE","seed_source_timestamp":0,"circlet_count":0,"master_deck":["Strike_B","Strike_B","Strike_B","Defend_B","Defend_B","Defend_B","Defend_B","Zap+1","Dualcast","Capacitor+1","Coolheaded+1","Core Surge","Undo","Rebound","Machine Learning","Ball Lightning","Defragment+1","BootSequence","Leap","Seek+1","Echo Form","Writhe","Reboot+1","Conserve Battery","Machine Learning","Capacitor","Force Field+1","Fission+1","Consume+1","Storm+1","Capacitor+1","Amplify+1","Buffer","Glacier+1"],"special_seed":0,"relics":["FrozenCore","Dream Catcher","Odd Mushroom","Tiny Chest","Darkstone Periapt","Nloth\u0027s Gift","Sundial","Blood Vial","Lizard Tail","Pantograph","Bottled Tornado","Regal Pillow","Letter Opener"],"potions_floor_usage":[50,50],"damage_taken":[{"damage":0.0,"enemies":"Small Slimes","floor":1.0,"turns":3.0},{"damage":1.0,"enemies":"Cultist","floor":2.0,"turns":3.0},{"damage":0.0,"enemies":"2 Louse","floor":4.0,"turns":3.0},{"damage":1.0,"enemies":"Looter","floor":5.0,"turns":4.0},{"damage":14.0,"enemies":"Lagavulin","floor":7.0,"turns":8.0},{"damage":11.0,"enemies":"2 Fungi Beasts","floor":10.0,"turns":4.0},{"damage":12.0,"enemies":"Red Slaver","floor":11.0,"turns":2.0},{"damage":9.0,"enemies":"The Mushroom Lair","floor":12.0,"turns":3.0},{"damage":21.0,"enemies":"Gremlin Nob","floor":14.0,"turns":4.0},{"damage":7.0,"enemies":"The Guardian","floor":16.0,"turns":10.0},{"damage":0.0,"enemies":"Spheric Guardian","floor":18.0,"turns":5.0},{"damage":5.0,"enemies":"2 Thieves","floor":20.0,"turns":4.0},{"damage":16.0,"enemies":"Snake Plant","floor":21.0,"turns":5.0},{"damage":22.0,"enemies":"Cultist and Chosen","floor":24.0,"turns":8.0},{"damage":0.0,"enemies":"Sentry and Sphere","floor":27.0,"turns":7.0},{"damage":9.0,"enemies":"Snake Plant","floor":28.0,"turns":6.0},{"damage":5.0,"enemies":"Centurion and Healer","floor":29.0,"turns":10.0},{"damage":37.0,"enemies":"3 Cultists","floor":30.0,"turns":8.0},{"damage":23.0,"enemies":"Collector","floor":33.0,"turns":14.0},{"damage":9.0,"enemies":"Orb Walker","floor":35.0,"turns":8.0},{"damage":4.0,"enemies":"3 Shapes","floor":38.0,"turns":9.0},{"damage":0.0,"enemies":"Sphere and 2 Shapes","floor":39.0,"turns":9.0},{"damage":1.0,"enemies":"Giant Head","floor":41.0,"turns":13.0},{"damage":11.0,"enemies":"4 Shapes","floor":44.0,"turns":6.0},{"damage":43.0,"enemies":"Jaw Worm Horde","floor":45.0,"turns":6.0},{"damage":9.0,"enemies":"Nemesis","floor":47.0,"turns":9.0},{"damage":0.0,"enemies":"Transient","floor":48.0,"turns":5.0},{"damage":41,"enemies":"Time Eater","floor":50,"turns":11}],"seed_played":"4577171633854614144","potions_obtained":[{"floor":4.0,"key":"SpeedPotion"},{"floor":5.0,"key":"Weak Potion"},{"floor":10.0,"key":"SpeedPotion"},{"floor":11.0,"key":"EntropicBrew"},{"floor":24.0,"key":"Regen Potion"},{"floor":29.0,"key":"FocusPotion"},{"floor":37.0,"key":"EntropicBrew"},{"floor":37.0,"key":"EssenceOfSteel"},{"floor":39.0,"key":"Explosive Potion"},{"floor":41.0,"key":"FocusPotion"},{"floor":47.0,"key":"Poison Potion"}],"is_trial":false,"path_per_floor":["M","M","?","M","M","R","E","R","T","M","M","?","R","E","R","B",null,"M","?","M","M","?","R","M","R","T","M","M","M","M","T","R","B",null,"M","$","?","M","M","R","E","R","T","M","M","R","E","M","R","B",null],"character_chosen":"DEFECT","items_purchased":["Pantograph"],"campfire_rested":3,"item_purchase_floors":[36],"current_hp_per_floor":[75,74,74,74,73,73,59,59,59,48,36,27,27,6,28,21,75,75,81,76,60,60,60,38,38,38,38,29,24,2,2,26,5,81,72,72,72,70,72,72,73,73,73,64,23,23,16,18,57,40],"gold":518,"neow_bonus":"UPGRADE_CARD","is_prod":false,"is_daily":false,"chose_seed":false,"campfire_upgraded":8,"win_rate":0,"timestamp":1551176832,"path_taken":["M","M","?","M","M","R","E","R","T","?","M","?","R","E","R","BOSS","M","?","M","M","?","R","M","R","T","M","M","?","M","?","R","BOSS","M","$","?","M","M","R","E","R","T","M","M","R","E","?","R","BOSS"],"build_version":"2019-02-06","purchased_purges":1,"victory":true,"max_hp_per_floor":[75,75,75,75,75,75,75,75,75,75,75,75,75,75,75,75,75,75,81,81,81,81,81,81,81,81,81,81,81,81,81,81,81,81,81,81,81,81,81,81,81,81,81,81,81,81,81,81,81,81],"card_choices":[{"not_picked":["Turbo","Beam Cell"],"picked":"Capacitor","floor":1.0},{"not_picked":["Compile Driver","Turbo"],"picked":"Coolheaded","floor":2.0},{"not_picked":["Compile Driver","Stack"],"picked":"Undo","floor":4.0},{"not_picked":["Storm","Streamline"],"picked":"Rebound","floor":5.0},{"not_picked":["Recycle","Turbo"],"picked":"Machine Learning","floor":7.0},{"not_picked":["Barrage","Compile Driver"],"picked":"Ball Lightning","floor":10.0},{"not_picked":["Stack","Undo"],"picked":"Defragment","floor":11.0},{"not_picked":["Reprogram","Barrage"],"picked":"BootSequence","floor":12.0},{"not_picked":["Barrage","Steam"],"picked":"Leap","floor":14.0},{"not_picked":["Sunder","Compile Driver"],"picked":"Seek","floor":15.0},{"not_picked":["Electrodynamics","Hyperbeam"],"picked":"Echo Form","floor":16.0},{"not_picked":["Ball Lightning","Hologram","Force Field"],"picked":"SKIP","floor":18.0},{"not_picked":["Turbo","Compile Driver","Sweeping Beam"],"picked":"SKIP","floor":20.0},{"not_picked":["Coolheaded","Stack+1"],"picked":"Reboot","floor":21.0},{"not_picked":["Steam","Compile Driver"],"picked":"Conserve Battery","floor":24.0},{"not_picked":["Melter","Force Field","Sweeping Beam+1"],"picked":"SKIP","floor":27.0},{"not_picked":["Ball Lightning","Reinforced Body+1"],"picked":"Machine Learning","floor":28.0},{"not_picked":["Leap+1","Go for the Eyes"],"picked":"Capacitor","floor":29.0},{"not_picked":["Beam Cell","Ball Lightning","Hologram+1"],"picked":"SKIP","floor":30.0},{"not_picked":["Undo","Barrage"],"picked":"Force Field+1","floor":32.0},{"not_picked":["All For One","Thunder Strike"],"picked":"Fission","floor":33.0},{"not_picked":["Conserve Battery","Go for the Eyes+1"],"picked":"Consume","floor":35.0},{"not_picked":["Go for the Eyes","Rebound+1"],"picked":"Storm+1","floor":38.0},{"not_picked":["Conserve Battery","Core Surge"],"picked":"Capacitor+1","floor":39.0},{"not_picked":["Stack+1","Coolheaded+1"],"picked":"Amplify","floor":41.0},{"not_picked":["Turbo","Go for the Eyes","Barrage"],"picked":"SKIP","floor":44.0},{"not_picked":["Cold Snap","Ball Lightning+1","Stack+1"],"picked":"SKIP","floor":45.0},{"not_picked":["Recycle+1","Reboot"],"picked":"Buffer","floor":47.0},{"not_picked":["Coolheaded","Melter+1"],"picked":"Glacier+1","floor":48.0}],"player_experience":63287,"relics_obtained":[{"floor":7.0,"key":"Vajra"},{"floor":9.0,"key":"Dream Catcher"},{"floor":12.0,"key":"Odd Mushroom"},{"floor":14.0,"key":"Tiny Chest"},{"floor":26.0,"key":"Sundial"},{"floor":31.0,"key":"Blood Vial"},{"floor":41.0,"key":"Bottled Tornado"},{"floor":43.0,"key":"Regal Pillow"},{"floor":47.0,"key":"Letter Opener"}],"event_choices":[{"damage_healed":0.0,"max_hp_gain":0.0,"max_hp_loss":0.0,"gold_gain":0.0,"event_name":"Match and Keep!","player_choice":"1 cards matched","floor":3.0,"gold_loss":0.0,"damage_taken":0.0,"cards_obtained":["Core Surge"]},{"damage_healed":0.0,"max_hp_gain":0.0,"max_hp_loss":0.0,"gold_gain":0.0,"event_name":"Mushrooms","player_choice":"Fought Mushrooms","floor":12.0,"gold_loss":0.0,"damage_taken":0.0},{"damage_healed":0.0,"max_hp_gain":0.0,"max_hp_loss":0.0,"gold_gain":0.0,"event_name":"The Mausoleum","player_choice":"Opened","floor":19.0,"gold_loss":0.0,"damage_taken":0.0,"relics_obtained":["Darkstone Periapt"],"cards_obtained":["Writhe"]},{"damage_healed":0.0,"max_hp_gain":0.0,"max_hp_loss":0.0,"gold_gain":0.0,"event_name":"N\u0027loth","player_choice":"Traded Relic","floor":22.0,"relics_lost":["Vajra"],"gold_loss":0.0,"damage_taken":0.0,"relics_obtained":["Nloth\u0027s Gift"]},{"damage_healed":0.0,"max_hp_gain":0.0,"max_hp_loss":0.0,"gold_gain":0.0,"event_name":"Lab","player_choice":"Got Potions","floor":37.0,"gold_loss":0.0,"damage_taken":0.0}],"is_beta":true,"boss_relics":[{"not_picked":["Coffee Dripper","Pandora\u0027s Box"],"picked":"FrozenCore"},{"not_picked":["Orrery","Snecko Eye"],"picked":"Lizard Tail"}],"items_purged_floors":[36],"is_endless":false,"potions_floor_spawned":[4,5,10,11,24,27,29,39,41,47],"ascension_level":4}