{"gold_per_floor":[109,284,49,49,59,59,91,103,103,103,138,138,157,178,178,283,333,344,344,31,18,32,62,62,62,87,101,30,30,30,65,65,65],"floor_reached":33,"playtime":1765,"items_purged":["Defend_R"],"score":455,"play_id":"36f17e88-0422-4ec0-ade6-7d00ceba7595","local_time":"20190221183649","is_ascension_mode":true,"campfire_choices":[{"data":"Pommel Strike","floor":6,"key":"SMITH"},{"data":"Warcry","floor":12,"key":"SMITH"},{"data":"Flex","floor":15,"key":"SMITH"},{"floor":24,"key":"REST"},{"floor":29,"key":"REST"},{"floor":32,"key":"REST"}],"neow_cost":"NONE","seed_source_timestamp":514061857710680,"circlet_count":0,"master_deck":["Strike_R","Strike_R","Strike_R+1","Strike_R","Strike_R","Defend_R","Defend_R","Defend_R","Bash","Fiend Fire","Pommel Strike+1","Flash of Steel","Headbutt","Warcry+1","Battle Trance","Regret","Flex+1","Flex","Limit Break","Havoc","Pommel Strike","Panacea","Warcry","Bludgeon","Burning Pact","Offering","Shrug It Off+1"],"relics":["Burning Blood","PreservedInsect","Question Card","Orichalcum","Red Skull","Odd Mushroom","Tiny House","Membership Card","Sundial","Nloth\u0027s Gift","Potion Belt","Nilry\u0027s Codex","Toxic Egg 2"],"potions_floor_usage":[11,22,23,23,27,31],"damage_taken":[{"damage":11,"enemies":"Small Slimes","floor":1,"turns":4},{"damage":2,"enemies":"Jaw Worm","floor":5,"turns":3},{"damage":13,"enemies":"Gremlin Nob","floor":7,"turns":3},{"damage":6,"enemies":"Cultist","floor":8,"turns":3},{"damage":0,"enemies":"Lagavulin","floor":11,"turns":2},{"damage":6,"enemies":"Looter","floor":13,"turns":2},{"damage":27,"enemies":"The Mushroom Lair","floor":14,"turns":4},{"damage":40,"enemies":"Hexaghost","floor":16,"turns":8},{"damage":19,"enemies":"Spheric Guardian","floor":18,"turns":4},{"damage":13,"enemies":"3 Byrds","floor":22,"turns":6},{"damage":37,"enemies":"Slavers","floor":23,"turns":4},{"damage":20,"enemies":"Cultist and Chosen","floor":27,"turns":5},{"damage":19,"enemies":"Gremlin Leader","floor":31,"turns":2},{"damage":88,"enemies":"Automaton","floor":33,"turns":6}],"seed_played":"-3533480181170598400","potions_obtained":[{"floor":8,"key":"Swift Potion"},{"floor":11,"key":"Regen Potion"},{"floor":13,"key":"Ancient Potion"},{"floor":17,"key":"Block Potion"},{"floor":22,"key":"FearPotion"},{"floor":23,"key":"Strength Potion"}],"is_trial":false,"path_per_floor":["M","?","$","?","M","R","E","M","T","?","E","R","M","?","R","B",null,"M","?","$","$","M","E","R","?","T","M","$","R","?","E","R","B"],"character_chosen":"IRONCLAD","items_purchased":["PreservedInsect","Flash of Steel","Panacea","Membership Card","Warcry","Offering"],"campfire_rested":3,"item_purchase_floors":[3,3,20,20,21,28],"current_hp_per_floor":[67,67,67,67,71,71,64,64,64,64,70,70,70,49,49,15,69,56,56,56,56,64,33,58,58,58,44,44,69,53,40,65,0],"gold":65,"neow_bonus":"ONE_RANDOM_RARE_CARD","is_prod":false,"is_daily":false,"chose_seed":false,"campfire_upgraded":3,"win_rate":0,"timestamp":1550752609,"path_taken":["M","?","$","?","M","R","E","M","T","?","E","R","M","?","R","BOSS","M","?","?","$","M","E","R","?","T","?","$","R","?","E","R","BOSS"],"build_version":"2019-01-23","purchased_purges":1,"victory":false,"max_hp_per_floor":[80,80,80,80,80,80,80,80,80,80,80,80,80,80,80,80,85,85,85,85,85,85,85,85,85,85,85,85,85,85,85,85,85],"card_choices":[{"not_picked":["Ghostly Armor","Shockwave"],"picked":"Pommel Strike","floor":1},{"not_picked":["Armaments","Heavy Blade"],"picked":"Headbutt","floor":5},{"not_picked":["Havoc","Armaments"],"picked":"Warcry","floor":7},{"not_picked":["Entrench","Intimidate","Dual Wield"],"picked":"Battle Trance","floor":8},{"not_picked":["Perfected Strike","Armaments","Heavy Blade","Sword Boomerang"],"picked":"SKIP","floor":11},{"not_picked":["Perfected Strike","Armaments","Heavy Blade","Sword Boomerang"],"picked":"SKIP","floor":11},{"not_picked":["Perfected Strike","Armaments","Heavy Blade","Sword Boomerang"],"picked":"SKIP","floor":11},{"not_picked":["Clash","Sentinel","Havoc"],"picked":"Flex","floor":13},{"not_picked":["Spot Weakness","Limit Break","Armaments"],"picked":"Flex","floor":14},{"not_picked":["Barricade","Impervious","Brutality"],"picked":"Limit Break","floor":16},{"not_picked":["Rage","Body Slam","Fire Breathing"],"picked":"Havoc","floor":17},{"not_picked":["Inflame","Havoc","Wild Strike"],"picked":"Pommel Strike","floor":18},{"not_picked":["Wild Strike","Twin Strike+1","Havoc","Headbutt"],"picked":"SKIP","floor":22},{"not_picked":["Feel No Pain","Perfected Strike","Thunderclap"],"picked":"Bludgeon","floor":23},{"not_picked":["True Grit","Pommel Strike","Armaments"],"picked":"Burning Pact","floor":27},{"not_picked":["Flex","Twin Strike","Immolate"],"picked":"Shrug It Off+1","floor":31}],"player_experience":855978,"relics_obtained":[{"floor":7,"key":"Question Card"},{"floor":9,"key":"Juzu Bracelet"},{"floor":11,"key":"Red Skull"},{"floor":14,"key":"Odd Mushroom"},{"floor":23,"key":"Sundial"},{"floor":26,"key":"Potion Belt"},{"floor":30,"key":"Nilry\u0027s Codex"},{"floor":31,"key":"Toxic Egg 2"}],"event_choices":[{"damage_healed":0,"gold_gain":175,"player_choice":"AGREE","damage_taken":0,"max_hp_gain":0,"max_hp_loss":0,"event_name":"Liars Game","floor":2,"gold_loss":0,"cards_obtained":["Doubt"]},{"cards_removed":["Doubt"],"damage_healed":0,"gold_gain":0,"player_choice":"Removed Curses","damage_taken":0,"max_hp_gain":0,"max_hp_loss":0,"event_name":"Fountain of Cleansing","floor":4,"gold_loss":0},{"damage_healed":0,"gold_gain":0,"player_choice":"Box","damage_taken":0,"relics_obtained":["Orichalcum"],"max_hp_gain":0,"max_hp_loss":0,"event_name":"Big Fish","floor":10,"gold_loss":0,"cards_obtained":["Regret"]},{"damage_healed":0,"gold_gain":0,"player_choice":"Fought Mushrooms","damage_taken":0,"max_hp_gain":0,"max_hp_loss":0,"event_name":"Mushrooms","floor":14,"gold_loss":0},{"damage_healed":0,"gold_gain":0,"player_choice":"Bought 0 Potions","damage_taken":0,"max_hp_gain":0,"max_hp_loss":0,"event_name":"The Woman in Blue","floor":19,"gold_loss":0},{"damage_healed":0,"gold_gain":0,"player_choice":"Traded Relic","damage_taken":0,"relics_obtained":["Nloth\u0027s Gift"],"max_hp_gain":0,"max_hp_loss":0,"event_name":"N\u0027loth","floor":25,"relics_lost":["Juzu Bracelet"],"gold_loss":0},{"damage_healed":0,"gold_gain":0,"player_choice":"Obtained Book","damage_taken":16,"max_hp_gain":0,"max_hp_loss":0,"event_name":"Cursed Tome","floor":30,"gold_loss":0}],"is_beta":false,"boss_relics":[{"not_picked":["Runic Dome","Orrery"],"picked":"Tiny House"}],"items_purged_floors":[20],"is_endless":false,"potions_floor_spawned":[8,11,13,22,23],"killed_by":"Automaton","ascension_level":9}