{"gold_per_floor":[114,189,189,209,189,189,223,236,236,254,265,265,66,78,78,78],"floor_reached":16,"playtime":1245,"items_purged":[],"score":138,"play_id":"7862bdb8-7f13-4171-a26d-c970bd1c71df","local_time":"20190128224219","is_ascension_mode":true,"campfire_choices":[{"data":"Feel No Pain","floor":6,"key":"SMITH"},{"floor":12,"key":"REST"},{"data":"Body Slam","floor":15,"key":"SMITH"}],"neow_cost":"TEN_PERCENT_HP_LOSS","seed_source_timestamp":4494017989427,"circlet_count":0,"master_deck":["Strike_R","Strike_R","Strike_R","Strike_R","Strike_R","Defend_R","Defend_R","Defend_R","Defend_R","Bash","Offering","Feel No Pain+1","Sever Soul","Sentinel","Sentinel","Body Slam+1","Flex"],"special_seed":0,"relics":["Burning Blood","Orichalcum","Bottled Flame","HandDrill"],"potions_floor_usage":[7,8,16,16,16,16,16],"damage_taken":[{"damage":6,"enemies":"Small Slimes","floor":1,"turns":3},{"damage":9,"enemies":"2 Louse","floor":4,"turns":3},{"damage":11,"enemies":"3 Sentries","floor":7,"turns":8},{"damage":7,"enemies":"Cultist","floor":8,"turns":4},{"damage":13,"enemies":"3 Louse","floor":10,"turns":3},{"damage":21,"enemies":"Red Slaver","floor":11,"turns":6},{"damage":9,"enemies":"Blue Slaver","floor":14,"turns":4},{"damage":55,"enemies":"Slime Boss","floor":16,"turns":13}],"seed_played":"-8818170836479527837","potions_obtained":[{"floor":1,"key":"FearPotion"},{"floor":4,"key":"EssenceOfSteel"},{"floor":5,"key":"EntropicBrew"},{"floor":8,"key":"SpeedPotion"}],"is_trial":false,"path_per_floor":["?","?","?"],"character_chosen":"IRONCLAD","items_purchased":["HandDrill"],"campfire_rested":1,"item_purchase_floors":[13],"current_hp_per_floor":[72,61,61,58,58,58,53,52,52,45,30,51,51,48,48,0],"gold":78,"neow_bonus":"THREE_RARE_CARDS","is_prod":false,"is_daily":false,"chose_seed":false,"campfire_upgraded":2,"win_rate":0,"timestamp":1548686539,"path_taken":["M","?","?","M","?","R","E","M","T","M","M","R","$","M","R","BOSS"],"build_version":"2019-01-23","purchased_purges":0,"victory":false,"max_hp_per_floor":[72,72,72,72,72,72,72,72,72,72,72,72,72,72,72,72],"card_choices":[{"not_picked":["Double Tap","Reaper"],"picked":"Offering","floor":0.0},{"not_picked":["Seeing Red","Warcry"],"picked":"Feel No Pain","floor":1},{"not_picked":["Sword Boomerang","Clothesline"],"picked":"Sever Soul","floor":4},{"not_picked":["Brutality","Warcry"],"picked":"Sentinel","floor":7},{"not_picked":["True Grit","Flex"],"picked":"Sentinel","floor":8},{"not_picked":["Clothesline","Pommel Strike","Rage"],"picked":"SKIP","floor":10},{"not_picked":["Bloodletting","Blood for Blood"],"picked":"Body Slam","floor":11},{"not_picked":["Bloodletting","Clothesline"],"picked":"Flex","floor":14}],"player_experience":102546,"relics_obtained":[{"floor":7,"key":"Orichalcum"},{"floor":9,"key":"Bottled Flame"}],"event_choices":[{"damage_healed":0,"gold_gain":75,"player_choice":"Gather Gold","damage_taken":11,"max_hp_gain":0,"max_hp_loss":0,"event_name":"World of Goop","floor":2,"gold_loss":0},{"damage_healed":0,"gold_gain":0,"player_choice":"Ignored","damage_taken":0,"max_hp_gain":0,"max_hp_loss":0,"event_name":"Liars Game","floor":3,"gold_loss":0},{"damage_healed":0,"gold_gain":0,"player_choice":"Bought 1 Potion","damage_taken":0,"max_hp_gain":0,"max_hp_loss":0,"event_name":"The Woman in Blue","floor":5,"gold_loss":0}],"is_beta":false,"boss_relics":[],"items_purged_floors":[],"is_endless":false,"potions_floor_spawned":[1,4,8],"killed_by":"Slime Boss","ascension_level":7}