{"gold_per_floor":[110,127,227,240,34,34,34,0,0,19,30,0,0,13,13,116,116,136,156,207,24,43,43,60,60,60,60,60,10,10,27,27,27],"floor_reached":33,"playtime":1100,"items_purged":["Strike_R","Defend_R"],"score":274,"play_id":"8bc76166-a997-4bde-adf7-b80dccfbc526","local_time":"20190226165558","is_ascension_mode":true,"campfire_choices":[{"data":"Strike_R","floor":6,"key":"SMITH"},{"floor":15,"key":"REST"},{"floor":23,"key":"REST"},{"floor":25,"key":"REST"},{"data":"Dropkick","floor":27,"key":"SMITH"},{"floor":32,"key":"REST"}],"neow_cost":"NONE","seed_source_timestamp":359495327684109,"circlet_count":0,"master_deck":["Strike_R","Strike_R","Strike_R","Strike_R+1","Defend_R","Defend_R","Defend_R","Bash+1","Dropkick+1"],"relics":["Burning Blood","Membership Card","Mercury Hourglass","Lizard Tail","Regal Pillow","Thread and Needle","Frozen Egg 2","Pear"],"potions_floor_usage":[24,31,33],"damage_taken":[{"damage":11,"enemies":"Jaw Worm","floor":1,"turns":3},{"damage":6,"enemies":"Cultist","floor":2,"turns":3},{"damage":7,"enemies":"2 Louse","floor":4,"turns":3},{"damage":28,"enemies":"Exordium Thugs","floor":10,"turns":3},{"damage":8,"enemies":"Red Slaver","floor":11,"turns":2},{"damage":0,"enemies":"Looter","floor":12,"turns":4},{"damage":0,"enemies":"Exordium Wildlife","floor":14,"turns":3},{"damage":83,"enemies":"The Guardian","floor":16,"turns":13},{"damage":29,"enemies":"3 Byrds","floor":18,"turns":5},{"damage":26,"enemies":"Shell Parasite","floor":19,"turns":6},{"damage":41,"enemies":"3 Cultists","floor":22,"turns":6},{"damage":10,"enemies":"Snecko","floor":24,"turns":6},{"damage":40,"enemies":"Centurion and Healer","floor":31,"turns":5},{"damage":166,"enemies":"Collector","floor":33,"turns":7}],"seed_played":"7952633109803964464","potions_obtained":[{"floor":2,"key":"SkillPotion"},{"floor":4,"key":"Swift Potion"},{"floor":10,"key":"SpeedPotion"},{"floor":24,"key":"BloodPotion"}],"is_trial":false,"path_per_floor":["M","M","?","M","$","R","?","$","T","M","M","M","$","M","R","B",null,"M","M","T","$","M","R","M","R","T","R","?","$","T","M","R","B"],"character_chosen":"IRONCLAD","items_purchased":["Membership Card","Dropkick","Thread and Needle"],"campfire_rested":4,"item_purchase_floors":[5,8,21],"current_hp_per_floor":[75,75,75,74,74,74,79,79,79,57,55,61,61,67,85,8,85,62,42,42,42,7,47,43,83,83,83,83,83,93,68,95,0],"gold":27,"neow_bonus":"UPGRADE_CARD","is_prod":false,"is_daily":false,"chose_seed":false,"campfire_upgraded":2,"win_rate":0,"timestamp":1551171358,"path_taken":["M","M","?","?","$","R","?","$","T","M","M","M","?","M","R","BOSS","M","M","?","$","M","R","M","R","T","R","?","?","?","M","R","BOSS"],"build_version":"2019-01-23","purchased_purges":2,"victory":false,"max_hp_per_floor":[80,80,80,80,80,80,85,85,85,85,85,85,85,85,85,85,85,85,85,85,85,85,85,85,85,85,85,85,85,95,95,95,95],"card_choices":[{"not_picked":["Cleave","Fire Breathing","Clash"],"picked":"SKIP","floor":1},{"not_picked":["Anger","Reckless Charge","Infernal Blade"],"picked":"SKIP","floor":2},{"not_picked":["Twin Strike","Searing Blow","Ghostly Armor"],"picked":"SKIP","floor":4},{"not_picked":["Thunderclap","Pommel Strike","Iron Wave"],"picked":"SKIP","floor":10},{"not_picked":["Iron Wave","Sword Boomerang","Wild Strike"],"picked":"SKIP","floor":11},{"not_picked":["Disarm","Sentinel","Twin Strike"],"picked":"SKIP","floor":12},{"not_picked":["Pommel Strike","Flex","Anger"],"picked":"SKIP","floor":14},{"not_picked":["Bloodletting","True Grit","Entrench"],"picked":"SKIP","floor":18},{"not_picked":["Body Slam+1","Corruption","Rage"],"picked":"SKIP","floor":19},{"not_picked":["Cleave","Clothesline","Havoc+1"],"picked":"SKIP","floor":22},{"not_picked":["Heavy Blade","Havoc","Wild Strike"],"picked":"SKIP","floor":24},{"not_picked":["Havoc","Headbutt","Anger+1"],"picked":"SKIP","floor":31}],"player_experience":89336,"relics_obtained":[{"floor":9,"key":"Mercury Hourglass"},{"floor":20,"key":"Regal Pillow"},{"floor":26,"key":"Frozen Egg 2"},{"floor":30,"key":"Pear"}],"event_choices":[{"damage_healed":0,"gold_gain":100,"player_choice":"Pray","damage_taken":0,"max_hp_gain":0,"max_hp_loss":0,"event_name":"Golden Shrine","floor":3,"gold_loss":0},{"damage_healed":0,"gold_gain":0,"player_choice":"Donut","damage_taken":0,"max_hp_gain":5,"max_hp_loss":0,"event_name":"Big Fish","floor":7,"gold_loss":0},{"damage_healed":0,"gold_gain":0,"player_choice":"Ignored","damage_taken":0,"max_hp_gain":0,"max_hp_loss":0,"event_name":"Ghosts","floor":28,"gold_loss":0}],"is_beta":false,"boss_relics":[{"not_picked":["Astrolabe","Fusion Hammer"],"picked":"Lizard Tail"}],"items_purged_floors":[21,29],"is_endless":false,"potions_floor_spawned":[2,4,10,16,19,24],"killed_by":"Collector","ascension_level":1}