{"gold_per_floor":[114,39,39,39,39,39,73,20,20,20,51,67,217,233,233,305,305,292,307,332,332],"floor_reached":21,"playtime":1063,"items_purged":[],"score":436,"play_id":"281b49b9-157c-4a2f-bc88-e441b2d422c3","local_time":"20190131110056","is_ascension_mode":true,"campfire_choices":[{"data":"Whirlwind","floor":6,"key":"SMITH"},{"data":"Bash","floor":10,"key":"SMITH"},{"data":"Flex","floor":15,"key":"SMITH"}],"neow_cost":"NONE","seed_source_timestamp":75460508625817,"circlet_count":0,"master_deck":["AscendersBane","Strike_R","Strike_R","Strike_R","Defend_R","Defend_R","Defend_R","Defend_R","Bash+1","Whirlwind+1","Pain","Rupture","Twin Strike","Sword Boomerang","Headbutt","Doubt","Flex+1","Double Tap","Ghostly Armor","Thunderclap","Shockwave"],"relics":["Burning Blood","NeowsBlessing","WarpedTongs","Happy Flower","Mango","Darkstone Periapt","Black Star","Red Mask"],"potions_floor_usage":[20,21],"damage_taken":[{"damage":0,"enemies":"2 Louse","floor":1,"turns":1},{"damage":1,"enemies":"Gremlin Nob","floor":7,"turns":1},{"damage":0,"enemies":"3 Sentries","floor":11,"turns":2},{"damage":0,"enemies":"Small Slimes","floor":12,"turns":1},{"damage":2,"enemies":"Cultist","floor":14,"turns":2},{"damage":35,"enemies":"Slime Boss","floor":16,"turns":9},{"damage":25,"enemies":"2 Thieves","floor":18,"turns":4},{"damage":17,"enemies":"Chosen","floor":19,"turns":4},{"damage":44,"enemies":"Masked Bandits","floor":20,"turns":4},{"damage":22,"enemies":"Sentry and Sphere","floor":21,"turns":3}],"seed_played":"1386860972830154249","potions_obtained":[{"floor":1,"key":"Energy Potion"},{"floor":11,"key":"GamblersBrew"}],"is_trial":false,"path_per_floor":["?","?","?","M","?","?"],"character_chosen":"IRONCLAD","items_purchased":["Whirlwind","Twin Strike"],"campfire_rested":0,"item_purchase_floors":[2,8],"current_hp_per_floor":[74,74,67,67,67,67,72,72,86,86,89,89,95,95,95,66,88,69,58,20,0],"gold":332,"neow_bonus":"THREE_ENEMY_KILL","is_prod":false,"is_daily":false,"chose_seed":false,"campfire_upgraded":3,"win_rate":0,"timestamp":1548903656,"path_taken":["M","$","?","?","?","R","E","$","T","R","E","?","?","M","R","BOSS","M","M","?","M"],"build_version":"2019-01-23","purchased_purges":0,"victory":false,"max_hp_per_floor":[75,75,75,75,75,75,75,75,89,89,89,89,95,95,95,95,95,95,95,95,95],"card_choices":[{"not_picked":["Uppercut","Armaments","Sever Soul"],"picked":"SKIP","floor":1},{"not_picked":["Sentinel","Brutality"],"picked":"Rupture","floor":7},{"not_picked":["Anger","Twin Strike"],"picked":"Sword Boomerang","floor":11},{"not_picked":["Reckless Charge","Sentinel"],"picked":"Headbutt","floor":12},{"not_picked":["Perfected Strike","Clothesline"],"picked":"Flex","floor":14},{"not_picked":["Barricade","Bludgeon"],"picked":"Double Tap","floor":16},{"not_picked":["Clash","Feel No Pain"],"picked":"Ghostly Armor","floor":18},{"not_picked":["Searing Blow","Reckless Charge"],"picked":"Thunderclap","floor":19},{"not_picked":["Body Slam","Armaments"],"picked":"Shockwave","floor":20}],"player_experience":173001,"relics_obtained":[{"floor":7,"key":"Happy Flower"},{"floor":9,"key":"Mango"},{"floor":11,"key":"Darkstone Periapt"},{"floor":20,"key":"Red Mask"}],"event_choices":[{"cards_removed":["Strike_R"],"damage_healed":0,"gold_gain":0,"player_choice":"Card Removal","damage_taken":7,"max_hp_gain":0,"max_hp_loss":0,"event_name":"Golden Wing","floor":3,"gold_loss":0},{"cards_removed":["Strike_R"],"damage_healed":0,"gold_gain":0,"player_choice":"Forget","damage_taken":0,"max_hp_gain":0,"max_hp_loss":0,"event_name":"Living Wall","floor":4,"gold_loss":0},{"damage_healed":0,"gold_gain":0,"player_choice":"Rummage","damage_taken":0,"relics_obtained":["WarpedTongs"],"max_hp_gain":0,"max_hp_loss":0,"event_name":"Accursed Blacksmith","floor":5,"gold_loss":0,"cards_obtained":["Pain"]},{"damage_healed":0,"gold_gain":150,"player_choice":"AGREE","damage_taken":0,"max_hp_gain":0,"max_hp_loss":0,"event_name":"Liars Game","floor":13,"gold_loss":0,"cards_obtained":["Doubt"]},{"damage_healed":0,"gold_gain":0,"player_choice":"Fought Bandits","damage_taken":0,"max_hp_gain":0,"max_hp_loss":0,"event_name":"Masked Bandits","floor":20,"gold_loss":0}],"is_beta":false,"boss_relics":[{"not_picked":["Runic Dome","Runic Pyramid"],"picked":"Black Star"}],"items_purged_floors":[],"is_endless":false,"potions_floor_spawned":[1,11,14,18],"killed_by":"Sentry and Sphere","ascension_level":15}