{"gold_per_floor":[209,224,224,51,70,70,104,119,167,199,274,274,26,61,61,155,155,171,185,210,210,225,225],"floor_reached":23,"playtime":1276,"items_purged":["Strike_R","Strike_R"],"score":359,"play_id":"0ee8b000-fcc5-4ad8-9be5-c9de6eb20c03","local_time":"20190130225047","is_ascension_mode":true,"campfire_choices":[{"data":"Bash","floor":6.0,"key":"SMITH"},{"data":"Flex","floor":15.0,"key":"SMITH"}],"neow_cost":"NONE","seed_source_timestamp":31385553199010,"circlet_count":0,"master_deck":["AscendersBane","Strike_R","Strike_R","Defend_R","Defend_R","Defend_R","Defend_R","Bash+1","Combust","Shrug It Off","Bandage Up","Pommel Strike","Infernal Blade","Flex+1","Whirlwind","Sword Boomerang","Demon Form","Thunderclap","Anger","Necronomicurse"],"special_seed":0,"relics":["Burning Blood","Sundial","Anchor","Strawberry","Golden Idol","Bag of Preparation","Juzu Bracelet","White Beast Statue","Necronomicon"],"potions_floor_usage":[23,23],"damage_taken":[{"damage":1.0,"enemies":"2 Louse","floor":1.0,"turns":3.0},{"damage":11.0,"enemies":"Cultist","floor":2.0,"turns":4.0},{"damage":8.0,"enemies":"Small Slimes","floor":5.0,"turns":5.0},{"damage":23.0,"enemies":"3 Sentries","floor":7.0,"turns":7.0},{"damage":5.0,"enemies":"Exordium Wildlife","floor":8.0,"turns":3.0},{"damage":20.0,"enemies":"Lagavulin","floor":10.0,"turns":6.0},{"damage":9.0,"enemies":"3 Sentries","floor":14.0,"turns":4.0},{"damage":29.0,"enemies":"Slime Boss","floor":16.0,"turns":5.0},{"damage":15.0,"enemies":"Chosen","floor":18.0,"turns":6.0},{"damage":12.0,"enemies":"2 Thieves","floor":19.0,"turns":2.0},{"damage":16.0,"enemies":"Centurion and Healer","floor":20.0,"turns":6.0},{"damage":32.0,"enemies":"Snecko","floor":22.0,"turns":4.0},{"damage":29,"enemies":"Book of Stabbing","floor":23,"turns":4}],"seed_played":"8705991313682183552","potions_obtained":[{"floor":2.0,"key":"SkillPotion"},{"floor":10.0,"key":"SteroidPotion"},{"floor":16.0,"key":"Regen Potion"},{"floor":18.0,"key":"PowerPotion"},{"floor":19.0,"key":"Dexterity Potion"},{"floor":20.0,"key":"AttackPotion"},{"floor":22.0,"key":"Poison Potion"}],"is_trial":false,"path_per_floor":["?","$","M","M","?","?","$","?"],"character_chosen":"IRONCLAD","items_purchased":["Bandage Up","Bag of Preparation"],"campfire_rested":0,"item_purchase_floors":[4,13],"current_hp_per_floor":[73,68,68,68,70,70,57,62,62,59,48,48,48,49,49,30,65,70,68,62,46,24,0],"gold":225,"neow_bonus":"HUNDRED_GOLD","is_prod":false,"is_daily":false,"chose_seed":false,"campfire_upgraded":2,"win_rate":0,"timestamp":1548859847,"path_taken":["M","M","?","?","?","R","E","?","T","E","?","?","?","E","R","BOSS","M","M","M","?","M","E"],"build_version":"2019-01-23","purchased_purges":2,"victory":false,"max_hp_per_floor":[75,75,75,75,75,75,75,75,75,82,82,76,76,76,76,76,76,76,76,76,76,76,76],"card_choices":[{"not_picked":["Thunderclap","Shrug It Off"],"picked":"Combust","floor":1.0},{"not_picked":["Uppercut","Fire Breathing"],"picked":"Shrug It Off","floor":2.0},{"not_picked":["Armaments","Fire Breathing"],"picked":"Pommel Strike","floor":5.0},{"not_picked":["Power Through","Double Tap"],"picked":"Infernal Blade","floor":7.0},{"not_picked":["Clothesline","Clash"],"picked":"Flex","floor":8.0},{"not_picked":["Twin Strike","Barricade"],"picked":"Whirlwind","floor":10.0},{"not_picked":["Perfected Strike","Infernal Blade"],"picked":"Sword Boomerang","floor":14.0},{"not_picked":["Fiend Fire","Brutality"],"picked":"Demon Form","floor":16.0},{"not_picked":["True Grit","Wild Strike"],"picked":"Thunderclap","floor":18.0},{"not_picked":["Armaments","Clothesline","Clash"],"picked":"SKIP","floor":19.0},{"not_picked":["Iron Wave","Whirlwind"],"picked":"Anger","floor":20.0},{"not_picked":["Warcry","Searing Blow","Whirlwind"],"picked":"SKIP","floor":22.0}],"player_experience":164655,"relics_obtained":[{"floor":7.0,"key":"Sundial"},{"floor":9.0,"key":"Anchor"},{"floor":10.0,"key":"Strawberry"},{"floor":14.0,"key":"Juzu Bracelet"},{"floor":21.0,"key":"Necronomicon"}],"event_choices":[{"cards_removed":["Strike_R"],"damage_healed":0.0,"max_hp_gain":0.0,"max_hp_loss":0.0,"gold_gain":0.0,"event_name":"Bonfire Elementals","player_choice":"Offered Basic","floor":3.0,"gold_loss":0.0,"damage_taken":0.0},{"damage_healed":0.0,"max_hp_gain":0.0,"max_hp_loss":0.0,"gold_gain":75.0,"event_name":"World of Goop","player_choice":"Gather Gold","floor":11.0,"gold_loss":0.0,"damage_taken":11.0},{"damage_healed":0.0,"max_hp_gain":0.0,"max_hp_loss":6.0,"gold_gain":0.0,"event_name":"Golden Idol","player_choice":"Lose Max HP","floor":12.0,"gold_loss":0.0,"damage_taken":0.0,"relics_obtained":["Golden Idol"]},{"damage_healed":0.0,"max_hp_gain":0.0,"max_hp_loss":0.0,"gold_gain":0.0,"event_name":"Cursed Tome","player_choice":"Obtained Book","floor":21.0,"gold_loss":0.0,"damage_taken":16.0}],"is_beta":false,"boss_relics":[{"not_picked":["Runic Cube","Busted Crown"],"picked":"White Beast Statue"}],"items_purged_floors":[4,13],"is_endless":false,"potions_floor_spawned":[2,10,16,18,19,20,22],"killed_by":"Book of Stabbing","ascension_level":14}