{"gold_per_floor":[115,115,140,140,165,165,206,206,206,11,0,0,26,26,26,151,151,151],"floor_reached":18,"playtime":529,"items_purged":[],"score":179,"play_id":"db758a97-2a4c-47eb-8b40-8dd015640ef8","local_time":"20190127233149","is_ascension_mode":true,"campfire_choices":[{"data":"Flex","floor":6,"key":"SMITH"},{"floor":8,"key":"REST"},{"data":"Limit Break","floor":15,"key":"SMITH"}],"neow_cost":"NONE","seed_source_timestamp":27413153524284,"circlet_count":0,"master_deck":["Strike_R","Strike_R","Strike_R","Strike_R","Strike_R","Defend_R+1","Defend_R","Defend_R+1","Defend_R","Bash","Flex+1","Rupture","Battle Trance","Limit Break+1","Heavy Blade","Demon Form"],"relics":["Black Blood","NeowsBlessing","Golden Idol","Du-Vu Doll","Meat on the Bone","Smiling Mask"],"potions_floor_usage":[7],"damage_taken":[{"damage":0,"enemies":"Jaw Worm","floor":1,"turns":1},{"damage":0,"enemies":"2 Louse","floor":3,"turns":1},{"damage":0,"enemies":"Small Slimes","floor":5,"turns":1},{"damage":42,"enemies":"Gremlin Nob","floor":7,"turns":4},{"damage":34,"enemies":"The Guardian","floor":16,"turns":7},{"damage":81,"enemies":"3 Byrds","floor":18,"turns":4}],"seed_played":"-5275911853087687448","potions_obtained":[{"floor":5,"key":"SkillPotion"}],"is_trial":false,"path_per_floor":["?","?","?","T","?"],"character_chosen":"IRONCLAD","items_purchased":["Limit Break","Heavy Blade"],"campfire_rested":1,"item_purchase_floors":[10,10],"current_hp_per_floor":[80,60,66,50,56,56,20,44,44,44,44,44,44,44,44,28,80,0],"gold":151,"neow_bonus":"THREE_ENEMY_KILL","is_prod":false,"is_daily":false,"chose_seed":false,"campfire_upgraded":2,"win_rate":0,"timestamp":1548603109,"path_taken":["M","?","M","?","M","R","E","R","T","$","?","$","?","?","R","BOSS","M"],"build_version":"2019-01-23","purchased_purges":0,"victory":false,"max_hp_per_floor":[80,80,80,80,80,80,80,80,80,80,80,80,80,80,80,80,80,80],"card_choices":[{"not_picked":["Heavy Blade","Headbutt"],"picked":"Flex","floor":1},{"not_picked":["Heavy Blade","Warcry"],"picked":"Rupture","floor":3},{"not_picked":["Warcry","Dual Wield","Clothesline"],"picked":"SKIP","floor":5},{"not_picked":["Havoc","Reckless Charge"],"picked":"Battle Trance","floor":7},{"not_picked":["Fiend Fire","Double Tap"],"picked":"Demon Form","floor":16}],"player_experience":66930,"relics_obtained":[{"floor":7,"key":"Du-Vu Doll"},{"floor":9,"key":"Meat on the Bone"},{"floor":13,"key":"Smiling Mask"}],"event_choices":[{"damage_healed":0,"gold_gain":0,"player_choice":"Take Damage","damage_taken":20,"relics_obtained":["Golden Idol"],"max_hp_gain":0,"max_hp_loss":0,"event_name":"Golden Idol","floor":2,"gold_loss":0},{"damage_healed":0,"gold_gain":0,"player_choice":"Entered Light","damage_taken":16,"max_hp_gain":0,"max_hp_loss":0,"event_name":"Shining Light","floor":4,"gold_loss":0,"cards_upgraded":["Defend_R","Defend_R"]},{"damage_healed":0,"gold_gain":0,"player_choice":"Left Gold","damage_taken":0,"max_hp_gain":0,"max_hp_loss":0,"event_name":"World of Goop","floor":11,"gold_loss":11},{"damage_healed":0,"gold_gain":0,"player_choice":"Ignored","damage_taken":0,"max_hp_gain":0,"max_hp_loss":0,"event_name":"Liars Game","floor":14,"gold_loss":0}],"is_beta":false,"boss_relics":[{"not_picked":["Philosopher\u0027s Stone","Fusion Hammer"],"picked":"Black Blood"}],"items_purged_floors":[],"is_endless":false,"potions_floor_spawned":[5],"killed_by":"3 Byrds","ascension_level":3}