{"gold_per_floor":[109,119,69,69,79,112,127,140,140,140,158,175,185,202,202,301,301,268,13,13,13,13,13,13],"floor_reached":24,"playtime":1654,"items_purged":["Strike_R"],"score":300,"play_id":"b99c840c-d5ae-4e8a-818d-2e85bf1b3009","local_time":"20181015222605","is_ascension_mode":true,"campfire_choices":[{"data":"Havoc","floor":10,"key":"SMITH"},{"data":"True Grit","floor":15,"key":"SMITH"},{"floor":23,"key":"REST"}],"neow_cost":"","seed_source_timestamp":264932920896,"circlet_count":0,"master_deck":["Strike_R","Strike_R","Strike_R","Strike_R","Defend_R","Defend_R","Defend_R","Defend_R","Bash","AscendersBane","Flex","Shrug It Off+1","Anger","Clash","Clothesline","Havoc+1","Flex","True Grit+1","Warcry","Body Slam","Shrug It Off+1","Decay"],"relics":["Burning Blood"],"potions_floor_usage":[5,6,16,16,24,24],"damage_taken":[{"damage":8,"enemies":"2 Louse","floor":1,"turns":5},{"damage":7,"enemies":"Jaw Worm","floor":2,"turns":5},{"damage":3,"enemies":"Small Slimes","floor":5,"turns":3},{"damage":31,"enemies":"Lagavulin","floor":6,"turns":6},{"damage":5,"enemies":"Exordium Wildlife","floor":7,"turns":4},{"damage":9,"enemies":"Looter","floor":8,"turns":3},{"damage":2,"enemies":"Large Slime","floor":11,"turns":5},{"damage":13,"enemies":"Blue Slaver","floor":12,"turns":3},{"damage":4,"enemies":"2 Fungi Beasts","floor":13,"turns":3},{"damage":4,"enemies":"Exordium Thugs","floor":14,"turns":6},{"damage":37,"enemies":"Slime Boss","floor":16,"turns":10},{"damage":47,"enemies":"2 Thieves","floor":18,"turns":5},{"damage":62,"enemies":"Slavers","floor":24,"turns":4}],"seed_played":"5077946221314913399","potions_obtained":[{"floor":1,"key":"GamblersBrew"},{"floor":5,"key":"Weak Potion"},{"floor":12,"key":"Ancient Potion"},{"floor":13,"key":"PowerPotion"}],"is_trial":false,"path_per_floor":["M","M","$","?","M","E","M","M","T","R","M","M","M","M","R","B",null,"M","$","?","?","$","R"],"character_chosen":"IRONCLAD","items_purchased":["Anger","BloodPotion","Explosive Potion","SteroidPotion"],"campfire_rested":1,"item_purchase_floors":[3,19,19,19],"current_hp_per_floor":[70,69,69,69,72,47,48,45,45,45,49,42,44,46,46,15,64,23,23,23,23,23,47,0],"gold":13,"neow_bonus":"","is_prod":false,"is_daily":false,"chose_seed":false,"campfire_upgraded":2,"win_rate":0,"timestamp":1539667565,"path_taken":["M","M","$","?","M","E","M","M","T","R","M","M","M","M","R","BOSS","M","$","?","?","?","R","E"],"build_version":"2018-10-11","purchased_purges":1,"victory":false,"max_hp_per_floor":[80,80,80,80,80,80,80,80,80,80,80,80,80,80,80,80,80,80,80,80,80,80,80,80],"card_choices":[{"not_picked":["Entrench","Heavy Blade"],"picked":"Flex","floor":1},{"not_picked":["Wild Strike","Feel No Pain"],"picked":"Shrug It Off","floor":2},{"not_picked":["Headbutt","Blood for Blood"],"picked":"Clash","floor":5},{"not_picked":["Feel No Pain","Rupture","Intimidate"],"picked":"SKIP","floor":6},{"not_picked":["Cleave","Fiend Fire"],"picked":"Clothesline","floor":7},{"not_picked":["Inflame","Perfected Strike"],"picked":"Havoc","floor":8},{"not_picked":["Burning Pact","Pummel"],"picked":"Flex","floor":11},{"not_picked":["Fire Breathing","Havoc"],"picked":"True Grit","floor":12},{"not_picked":["Havoc","Sword Boomerang"],"picked":"Warcry","floor":13},{"not_picked":["Barricade","Rupture"],"picked":"Body Slam","floor":14},{"not_picked":["Dual Wield","Wild Strike"],"picked":"Shrug It Off+1","floor":18}],"player_experience":334442,"relics_obtained":[],"event_choices":[{"event_name":"Living Wall","player_choice":"Grow","floor":4,"damage_taken":0},{"event_name":"The Mausoleum","player_choice":"No","floor":20,"damage_taken":0},{"event_name":"Forgotten Altar","player_choice":"Smashed Altar","floor":21,"damage_taken":0}],"is_beta":false,"boss_relics":[{"not_picked":[]}],"items_purged_floors":[19],"is_endless":false,"potions_floor_spawned":[1,5,12,13],"killed_by":"Slavers","ascension_level":10}