{"gold_per_floor":[113,23,23,41,41,77,98,118,118,34,62,87,125,39,39,39],"floor_reached":16,"playtime":501,"items_purged":[],"score":270,"play_id":"10875797-6a26-462a-9bb0-e0b9d79e9ab1","local_time":"20190129233729","is_ascension_mode":true,"campfire_choices":[{"data":"Deadly Poison","floor":15,"key":"SMITH"}],"neow_cost":"NONE","seed_source_timestamp":3761323995260,"circlet_count":0,"master_deck":["AscendersBane","Defend_G","Defend_G","Defend_G","Defend_G","Defend_G","Strike_G","Strike_G","Strike_G","Strike_G","Strike_G","Survivor","Neutralize","Slice","Well Laid Plans","Underhanded Strike","Corpse Explosion","PiercingWail","Backstab","Deadly Poison+1","Backflip","Die Die Die"],"special_seed":0,"relics":["Ring of the Snake","NeowsBlessing","Golden Idol","Paper Crane","Ice Cream","Odd Mushroom","Gambling Chip"],"potions_floor_usage":[13,16,16],"damage_taken":[{"damage":0.0,"enemies":"Jaw Worm","floor":1.0,"turns":1.0},{"damage":0.0,"enemies":"Small Slimes","floor":4.0,"turns":1.0},{"damage":0,"enemies":"Lagavulin","floor":6,"turns":1},{"damage":0,"enemies":"2 Louse","floor":7,"turns":2},{"damage":0,"enemies":"Lots of Slimes","floor":8,"turns":2},{"damage":1,"enemies":"The Mushroom Lair","floor":11,"turns":3},{"damage":0,"enemies":"Blue Slaver","floor":12,"turns":3},{"damage":32,"enemies":"Gremlin Nob","floor":13,"turns":6},{"damage":35,"enemies":"Slime Boss","floor":16,"turns":8}],"seed_played":"-6344637169987564276","potions_obtained":[{"floor":7,"key":"AttackPotion"},{"floor":8,"key":"Block Potion"},{"floor":11,"key":"Fire Potion"},{"floor":13,"key":"Poison Potion"}],"is_trial":false,"path_per_floor":["M","$","?","M","?","E","M","M","T","$","?","M","E","$","R","B"],"character_chosen":"THE_SILENT","items_purchased":["Well Laid Plans","Backstab","Die Die Die"],"campfire_rested":0,"item_purchase_floors":[2,10,14],"current_hp_per_floor":[59,59,64,64,64,64,64,64,64,64,63,63,31,31,31,0],"gold":39,"neow_bonus":"THREE_ENEMY_KILL","is_prod":false,"is_daily":false,"chose_seed":false,"campfire_upgraded":1,"win_rate":0,"timestamp":1548801449,"path_taken":["M","$","?","M","?","E","M","M","T","$","?","M","E","?","R","BOSS"],"build_version":"2019-01-23","purchased_purges":0,"victory":false,"max_hp_per_floor":[66,66,71,71,64,64,64,64,64,64,64,64,64,64,64,64],"card_choices":[{"not_picked":["Acrobatics","Cloak And Dagger"],"picked":"Slice","floor":1.0},{"not_picked":["Expertise","Dagger Throw"],"picked":"Underhanded Strike","floor":4},{"not_picked":["Riddle With Holes","Quick Slash","Blade Dance"],"picked":"SKIP","floor":6},{"not_picked":["Dodge and Roll","Blade Dance"],"picked":"Corpse Explosion","floor":7},{"not_picked":["Acrobatics","Reflex"],"picked":"PiercingWail","floor":8},{"not_picked":["Catalyst","Underhanded Strike"],"picked":"Deadly Poison","floor":11},{"not_picked":["Cloak And Dagger","Flying Knee"],"picked":"Backflip","floor":12},{"not_picked":["Backstab","Blade Dance","Masterful Stab"],"picked":"SKIP","floor":13}],"player_experience":945077,"relics_obtained":[{"floor":6,"key":"Paper Crane"},{"floor":9,"key":"Ice Cream"},{"floor":11,"key":"Odd Mushroom"},{"floor":13,"key":"Gambling Chip"}],"event_choices":[{"damage_healed":0.0,"max_hp_gain":5.0,"max_hp_loss":0.0,"gold_gain":0.0,"event_name":"Big Fish","player_choice":"Donut","floor":3.0,"gold_loss":0.0,"damage_taken":0.0},{"damage_healed":0,"gold_gain":0,"player_choice":"Lose Max HP","damage_taken":0,"relics_obtained":["Golden Idol"],"max_hp_gain":0,"max_hp_loss":7,"event_name":"Golden Idol","floor":5,"gold_loss":0},{"damage_healed":0,"gold_gain":0,"player_choice":"Fought Mushrooms","damage_taken":0,"max_hp_gain":0,"max_hp_loss":0,"event_name":"Mushrooms","floor":11,"gold_loss":0}],"is_beta":false,"boss_relics":[],"items_purged_floors":[],"is_endless":false,"potions_floor_spawned":[7,8,11,13],"killed_by":"Slime Boss","ascension_level":20}