{"gold_per_floor":[118,118,141,48,48,86,86,86,86,100,134,134,59,78,78,78],"floor_reached":16,"playtime":668,"items_purged":["Strike_R"],"score":113,"play_id":"1673c5e5-78ee-4582-9d24-a0cc409f698c","local_time":"20190226163725","is_ascension_mode":true,"campfire_choices":[{"floor":12,"key":"REST"},{"floor":15,"key":"REST"}],"neow_cost":"NONE","seed_source_timestamp":358814241864728,"circlet_count":0,"master_deck":["Strike_R","Strike_R","Strike_R","Defend_R","Defend_R","Defend_R","Defend_R","Bash","Deep Breath","Flash of Steel","Parasite"],"relics":["Burning Blood","Golden Idol","Pear","Charon\u0027s Ashes","Lantern"],"potions_floor_usage":[6,16],"damage_taken":[{"damage":8,"enemies":"2 Louse","floor":1,"turns":3},{"damage":10,"enemies":"Small Slimes","floor":3,"turns":5},{"damage":46,"enemies":"3 Sentries","floor":6,"turns":10},{"damage":13,"enemies":"Jaw Worm","floor":10,"turns":3},{"damage":37,"enemies":"Gremlin Nob","floor":11,"turns":5},{"damage":10,"enemies":"3 Louse","floor":14,"turns":5},{"damage":78,"enemies":"Slime Boss","floor":16,"turns":11}],"seed_played":"7587095873693977260","potions_obtained":[{"floor":3,"key":"Explosive Potion"},{"floor":10,"key":"FairyPotion"},{"floor":11,"key":"FearPotion"}],"is_trial":false,"path_per_floor":["M","?","M","$","?","E","?","?","T","M","E","R","$","M","R","B"],"character_chosen":"IRONCLAD","items_purchased":["Flash of Steel"],"campfire_rested":2,"item_purchase_floors":[4],"current_hp_per_floor":[78,58,54,54,47,17,39,39,39,32,15,42,42,38,65,0],"gold":78,"neow_bonus":"RANDOM_COLORLESS","is_prod":false,"is_daily":false,"chose_seed":false,"campfire_upgraded":0,"win_rate":0,"timestamp":1551170245,"path_taken":["M","?","M","$","?","E","?","?","T","M","E","R","$","M","R","BOSS"],"build_version":"2019-01-23","purchased_purges":1,"victory":false,"max_hp_per_floor":[80,80,80,80,80,90,90,90,90,90,90,90,90,90,90,90],"card_choices":[{"not_picked":["Power Through","Heavy Blade","Clash"],"picked":"SKIP","floor":1},{"not_picked":["Thunderclap","True Grit","Clash"],"picked":"SKIP","floor":3},{"not_picked":["Corruption","Perfected Strike","Thunderclap"],"picked":"SKIP","floor":6},{"not_picked":["Flame Barrier","Havoc","Uppercut"],"picked":"SKIP","floor":10},{"not_picked":["Warcry","Battle Trance","Flame Barrier"],"picked":"SKIP","floor":11},{"not_picked":["Corruption","Sentinel","Wild Strike"],"picked":"SKIP","floor":14}],"player_experience":88668,"relics_obtained":[{"floor":6,"key":"Pear"},{"floor":9,"key":"Charon\u0027s Ashes"},{"floor":11,"key":"Lantern"}],"event_choices":[{"damage_healed":0,"gold_gain":0,"player_choice":"Take Damage","damage_taken":20,"relics_obtained":["Golden Idol"],"max_hp_gain":0,"max_hp_loss":0,"event_name":"Golden Idol","floor":2,"gold_loss":0},{"cards_removed":["Strike_R"],"damage_healed":0,"gold_gain":0,"player_choice":"Card Removal","damage_taken":7,"max_hp_gain":0,"max_hp_loss":0,"event_name":"Golden Wing","floor":5,"gold_loss":0},{"damage_healed":22,"gold_gain":0,"player_choice":"Healed and dodged fight","damage_taken":0,"max_hp_gain":0,"max_hp_loss":0,"event_name":"Mushrooms","floor":7,"gold_loss":0,"cards_obtained":["Parasite"]},{"damage_healed":0,"gold_gain":0,"player_choice":"Ignored","damage_taken":0,"max_hp_gain":0,"max_hp_loss":0,"event_name":"Liars Game","floor":8,"gold_loss":0}],"is_beta":false,"boss_relics":[],"items_purged_floors":[13],"is_endless":false,"potions_floor_spawned":[3,10,11],"killed_by":"Slime Boss","ascension_level":1}