{"gold_per_floor":[118,128,148,159,173,173,198,198,198,215,234,234,266,278,278,379,379,396,88,107,57,57,57,92,92,92,127,127,146,0,32,32,134,134,151,1150,1150,1150,1167,1167,1183,1183,1235,1235,69,87,103,103,103,103],"floor_reached":50,"playtime":2920,"items_purged":["Normality"],"score":894,"play_id":"bc17def0-309d-4955-869f-1def6509e122","local_time":"20181217204430","is_ascension_mode":true,"campfire_choices":[{"data":"Searing Blow","floor":6,"key":"SMITH"},{"data":"Searing Blow+1","floor":8,"key":"SMITH"},{"data":"Armaments","floor":12,"key":"SMITH"},{"data":"Searing Blow+2","floor":15,"key":"SMITH"},{"data":"Searing Blow+3","floor":23,"key":"SMITH"},{"floor":25,"key":"REST"},{"floor":28,"key":"REST"},{"data":"Searing Blow+4","floor":32,"key":"SMITH"},{"floor":40,"key":"REST"},{"floor":42,"key":"REST"},{"floor":44,"key":"REST"},{"data":"Searing Blow+5","floor":49,"key":"SMITH"}],"neow_cost":"NONE","seed_source_timestamp":223480130559097,"circlet_count":0,"master_deck":["AscendersBane","Strike_R","Strike_R","Strike_R","Defend_R","Defend_R","Defend_R","Bash","Shrug It Off","Searing Blow+6","Shrug It Off","Armaments+1","Whirlwind","Shockwave","Clothesline","Seeing Red","Carnage","Rage","Pommel Strike","Feed","Thunderclap","Flame Barrier","Limit Break","Evolve","Flex+1","Panacea","Carnage","Barricade","Seeing Red+1","Barricade+1","Power Through+1","Thunderclap","Demon Form","Body Slam","Inflame+1","Parasite","Panache","Finesse","Fire Breathing","Dual Wield","Infernal Blade","Armaments+1","Writhe"],"relics":["Burning Blood","Omamori","Magic Flower","Mango","Cursed Key","Mummified Hand","Shovel","Mercury Hourglass","Paper Frog","Letter Opener","Astrolabe","Ancient Tea Set","Sling","Ornamental Fan","Happy Flower"],"potions_floor_usage":[7,11,16,20,24,27,27,31,31,33,39,47,50],"damage_taken":[{"damage":3,"enemies":"Cultist","floor":1,"turns":4},{"damage":4,"enemies":"Jaw Worm","floor":2,"turns":3},{"damage":1,"enemies":"2 Louse","floor":3,"turns":4},{"damage":11,"enemies":"Blue Slaver","floor":4,"turns":4},{"damage":5,"enemies":"Looter","floor":5,"turns":5},{"damage":16,"enemies":"3 Sentries","floor":7,"turns":5},{"damage":10,"enemies":"Exordium Thugs","floor":10,"turns":5},{"damage":0,"enemies":"Large Slime","floor":11,"turns":5},{"damage":2,"enemies":"Lagavulin","floor":13,"turns":7},{"damage":7,"enemies":"Blue Slaver","floor":14,"turns":4},{"damage":70,"enemies":"The Guardian","floor":16,"turns":14},{"damage":0,"enemies":"Chosen","floor":18,"turns":4},{"damage":24,"enemies":"2 Thieves","floor":20,"turns":4},{"damage":31,"enemies":"Book of Stabbing","floor":24,"turns":5},{"damage":39,"enemies":"Gremlin Leader","floor":27,"turns":8},{"damage":0,"enemies":"Snake Plant","floor":29,"turns":2},{"damage":25,"enemies":"Book of Stabbing","floor":31,"turns":5},{"damage":64,"enemies":"Collector","floor":33,"turns":7},{"damage":79,"enemies":"3 Darklings","floor":35,"turns":5},{"damage":9,"enemies":"3 Shapes","floor":39,"turns":5},{"damage":46,"enemies":"Spire Growth","floor":41,"turns":4},{"damage":8,"enemies":"Maw","floor":46,"turns":7},{"damage":27,"enemies":"Sphere and 2 Shapes","floor":47,"turns":5},{"damage":92,"enemies":"Time Eater","floor":50,"turns":7}],"seed_played":"8094521176750559692","potions_obtained":[{"floor":4,"key":"Explosive Potion"},{"floor":10,"key":"Block Potion"},{"floor":11,"key":"Poison Potion"},{"floor":16,"key":"LiquidBronze"},{"floor":20,"key":"Weak Potion"},{"floor":24,"key":"Dexterity Potion"},{"floor":27,"key":"EssenceOfSteel"},{"floor":31,"key":"FearPotion"},{"floor":35,"key":"Weak Potion"}],"is_trial":false,"path_per_floor":["M","M","M","M","M","R","E","R","T","M","M","R","E","M","R","B",null,"M","$","M","?","$","R","E","R","T","E","R","M","$","E","R","B",null,"M","?","?","?","M","R","M","R","T","R","$","M","M","?","R","B"],"character_chosen":"IRONCLAD","items_purchased":["Mummified Hand","Explosive Potion","Panacea","FearPotion","Sling","Ornamental Fan","Happy Flower","Block Potion","PowerPotion","Panache","Finesse","Fire Breathing","Dual Wield"],"campfire_rested":5,"item_purchase_floors":[19,19,30,30,45,45,45,45,45,45,45,45,45],"current_hp_per_floor":[75,77,80,75,76,76,66,66,66,65,74,74,94,94,94,33,79,88,88,78,78,78,78,56,85,85,55,84,98,98,82,82,27,82,12,12,12,12,17,47,10,40,40,70,70,71,58,85,85,0],"gold":103,"neow_bonus":"THREE_CARDS","is_prod":false,"is_daily":false,"chose_seed":false,"campfire_upgraded":7,"win_rate":0,"timestamp":1545108270,"path_taken":["M","M","M","?","M","R","E","R","T","M","M","R","E","M","R","BOSS","M","$","M","?","?","R","E","R","T","E","R","M","$","E","R","BOSS","M","?","?","?","M","R","?","R","T","R","$","M","M","?","R","BOSS"],"build_version":"2018-12-13","purchased_purges":1,"victory":false,"max_hp_per_floor":[80,80,80,80,80,80,80,80,80,80,80,80,94,94,94,94,94,94,94,97,97,97,97,97,97,97,97,97,100,100,100,100,100,100,100,100,100,100,103,103,103,103,103,103,103,103,106,106,106,106],"card_choices":[{"not_picked":["Wild Strike","Sword Boomerang"],"picked":"Shrug It Off","floor":0},{"not_picked":["Shrug It Off","Flex"],"picked":"Searing Blow","floor":1},{"not_picked":["Iron Wave","Flex"],"picked":"Shrug It Off","floor":2},{"not_picked":["Blood for Blood","Power Through"],"picked":"Armaments","floor":3},{"not_picked":["Havoc","Anger"],"picked":"Whirlwind","floor":4},{"not_picked":["Rupture","Cleave"],"picked":"Shockwave","floor":5},{"not_picked":["Body Slam","Wild Strike"],"picked":"Clothesline","floor":7},{"not_picked":["Power Through","Havoc"],"picked":"Seeing Red","floor":10},{"not_picked":["Iron Wave","Pummel"],"picked":"Carnage","floor":11},{"not_picked":["Burning Pact","Rampage"],"picked":"Rage","floor":13},{"not_picked":["Headbutt","Rampage"],"picked":"Pommel Strike","floor":14},{"not_picked":["Immolate","Exhume"],"picked":"Feed","floor":16},{"not_picked":["Shrug It Off","Flex"],"picked":"Thunderclap","floor":18},{"not_picked":["Thunderclap","Pommel Strike"],"picked":"Flame Barrier","floor":20},{"not_picked":["Flame Barrier+1","Blood for Blood"],"picked":"Limit Break","floor":24},{"not_picked":["Infernal Blade","Shrug It Off"],"picked":"Evolve","floor":27},{"not_picked":["Armaments+1","Wild Strike+1"],"picked":"Flex+1","floor":29},{"not_picked":["Clothesline","Power Through"],"picked":"Carnage","floor":31},{"not_picked":["Dark Embrace","Brutality"],"picked":"Barricade","floor":33},{"not_picked":["Armaments","Havoc"],"picked":"Thunderclap","floor":35},{"not_picked":["Corruption","Pommel Strike"],"picked":"Body Slam","floor":39},{"not_picked":["Twin Strike","Blood for Blood"],"picked":"Inflame+1","floor":41},{"not_picked":["Havoc","Seeing Red"],"picked":"Infernal Blade","floor":46},{"not_picked":["Shrug It Off","Sword Boomerang+1"],"picked":"Armaments+1","floor":47}],"player_experience":417370,"relics_obtained":[{"floor":7,"key":"Omamori"},{"floor":9,"key":"Magic Flower"},{"floor":13,"key":"Mango"},{"floor":24,"key":"Shovel"},{"floor":26,"key":"Mercury Hourglass"},{"floor":27,"key":"Paper Frog"},{"floor":31,"key":"Letter Opener"},{"floor":43,"key":"Ancient Tea Set"}],"event_choices":[{"damage_healed":0,"gold_gain":0,"player_choice":"Bet on Murderer","damage_taken":0,"max_hp_gain":0,"max_hp_loss":0,"event_name":"The Joust","floor":21,"gold_loss":50},{"damage_healed":0,"gold_gain":999,"player_choice":"Gold","damage_taken":0,"max_hp_gain":0,"max_hp_loss":0,"event_name":"MindBloom","floor":36,"gold_loss":0,"cards_obtained":["Normality","Normality"]},{"damage_healed":0,"gold_gain":0,"player_choice":"Ignored","damage_taken":0,"max_hp_gain":0,"max_hp_loss":0,"event_name":"Mysterious Sphere","floor":37,"gold_loss":0},{"damage_healed":0,"gold_gain":0,"player_choice":"1 cards matched","damage_taken":0,"max_hp_gain":0,"max_hp_loss":0,"event_name":"Match and Keep!","floor":38,"gold_loss":0,"cards_obtained":["Demon Form"]},{"damage_healed":27,"gold_gain":0,"player_choice":"Writhe","damage_taken":0,"max_hp_gain":0,"max_hp_loss":0,"event_name":"Winding Halls","floor":48,"gold_loss":0,"cards_obtained":["Writhe"]}],"is_beta":false,"boss_relics":[{"not_picked":["Empty Cage","Runic Pyramid"],"picked":"Cursed Key"},{"not_picked":["Eternal Feather","Sozu"],"picked":"Astrolabe"}],"items_purged_floors":[45],"is_endless":false,"potions_floor_spawned":[4,10,11,16,20,24,27,31,35],"killed_by":"Time Eater","ascension_level":12}