{"gold_per_floor":[110,110,35,35,35,35,53,53,53,72,72,72,148,78,78,78],"floor_reached":16,"playtime":335,"items_purged":["Strike_B"],"score":125,"play_id":"9c4020e1-6e40-4b02-a4ba-c2e872ed8344","local_time":"20180918130911","is_ascension_mode":true,"campfire_choices":[{"data":"Dualcast","floor":6,"key":"SMITH"},{"data":"Double Energy","floor":8,"key":"SMITH"},{"data":"Conserve Battery","floor":11,"key":"SMITH"},{"data":"Chaos","floor":15,"key":"SMITH"}],"neow_cost":"NONE","seed_source_timestamp":249125752938104,"circlet_count":0,"master_deck":["Strike_B","Strike_B","Strike_B","Defend_B","Defend_B+1","Defend_B","Zap+1","Dualcast+1","Conserve Battery+1","Double Energy+1","Chaos+1"],"relics":["Nuclear Battery","Golden Idol","Molten Egg 2","Letter Opener"],"potions_floor_usage":[],"damage_taken":[{"damage":8,"enemies":"Jaw Worm","floor":1,"turns":5},{"damage":6,"enemies":"2 Louse","floor":7,"turns":4},{"damage":0,"enemies":"Cultist","floor":10,"turns":3},{"damage":59,"enemies":"Slime Boss","floor":16,"turns":7}],"seed_played":"5083159893139374495","potions_obtained":[],"is_trial":false,"path_per_floor":["M","?","$","?","?","R","M","R","T","M","R","?","T","$","R"],"character_chosen":"DEFECT","items_purchased":["Chaos"],"campfire_rested":0,"item_purchase_floors":[14],"current_hp_per_floor":[60,60,60,46,69,69,63,63,63,63,63,56,56,56,56,0],"gold":78,"neow_bonus":"BOSS_RELIC","is_prod":false,"is_daily":false,"chose_seed":false,"campfire_upgraded":4,"win_rate":0,"timestamp":1537268951,"path_taken":["M","?","$","?","?","R","M","R","T","M","R","?","?","$","R","BOSS"],"build_version":"2018-09-06","purchased_purges":1,"victory":false,"max_hp_per_floor":[75,69,69,69,69,69,69,69,69,69,69,69,69,69,69,69],"card_choices":[{"not_picked":["Leap","Melter"],"picked":"Conserve Battery","floor":1},{"not_picked":["Sweeping Beam","Leap"],"picked":"Double Energy","floor":7},{"not_picked":["Steam","Gash+1","Stack"],"picked":"SKIP","floor":10}],"player_experience":429520,"relics_obtained":[{"floor":9,"key":"Molten Egg 2"},{"floor":13,"key":"Letter Opener"}],"event_choices":[{"event_name":"Golden Idol","player_choice":"Lose Max HP","floor":2,"damage_taken":0},{"event_name":"Shining Light","player_choice":"Entered Light","floor":4,"damage_taken":0},{"event_name":"Big Fish","player_choice":"Banana","floor":5,"damage_taken":0},{"event_name":"Golden Wing","player_choice":"Card Removal","floor":12,"damage_taken":0}],"is_beta":false,"boss_relics":[],"items_purged_floors":[3],"is_endless":false,"potions_floor_spawned":[],"killed_by":"Slime Boss","ascension_level":9}