{"gold_per_floor":[13,13,13,30,43,43,54,54,77,77,138,8,18,31,31,105,105,121,121,46,56,4,4,18,18,48,48,73,88,13,32,32,32],"floor_reached":33,"playtime":1723,"items_purged":["Strike_R"],"score":450,"play_id":"c1fdde1f-4ef8-48de-9b30-fe9d293dcdd6","local_time":"20190224180143","is_ascension_mode":true,"campfire_choices":[{"data":"Armaments","floor":6,"key":"SMITH"},{"data":"Headbutt","floor":8,"key":"SMITH"},{"data":"Bash","floor":10,"key":"SMITH"},{"floor":15,"key":"REST"},{"data":"Discovery","floor":23,"key":"SMITH"},{"data":"Shockwave","floor":25,"key":"SMITH"},{"data":"Flame Barrier","floor":27,"key":"SMITH"},{"floor":32,"key":"REST"}],"neow_cost":"NO_GOLD","seed_source_timestamp":4022596260265,"circlet_count":0,"master_deck":["AscendersBane","Strike_R","Strike_R","Strike_R","Defend_R","Defend_R","Defend_R","Defend_R","Bash+1","Immolate","Thunderclap","Armaments+1","Clothesline","Headbutt+1","Shockwave+1","Discovery+1","Shrug It Off","Reaper","Iron Wave","Flame Barrier+1","Cleave+1"],"relics":["Burning Blood","Blood Vial","Lantern","Velvet Choker","Tiny Chest","Anchor"],"potions_floor_usage":[13,28,33],"damage_taken":[{"damage":7,"enemies":"Jaw Worm","floor":1,"turns":3},{"damage":7,"enemies":"Small Slimes","floor":4,"turns":2},{"damage":5,"enemies":"2 Louse","floor":5,"turns":3},{"damage":13,"enemies":"Exordium Wildlife","floor":7,"turns":4},{"damage":46,"enemies":"Lagavulin Event","floor":11,"turns":6},{"damage":0,"enemies":"Blue Slaver","floor":13,"turns":3},{"damage":15,"enemies":"Red Slaver","floor":14,"turns":4},{"damage":27,"enemies":"The Guardian","floor":16,"turns":13},{"damage":0,"enemies":"3 Byrds","floor":18,"turns":3},{"damage":25,"enemies":"2 Thieves","floor":21,"turns":3},{"damage":7,"enemies":"Snecko","floor":24,"turns":6},{"damage":62,"enemies":"Gremlin Leader","floor":28,"turns":8},{"damage":18,"enemies":"Chosen and Byrds","floor":29,"turns":6},{"damage":29,"enemies":"Centurion and Healer","floor":31,"turns":7},{"damage":67,"enemies":"Automaton","floor":33,"turns":6}],"seed_played":"-7741843508100983740","potions_obtained":[{"floor":1,"key":"Weak Potion"},{"floor":4,"key":"Fire Potion"},{"floor":13,"key":"SneckoOil"},{"floor":24,"key":"SkillPotion"},{"floor":29,"key":"GamblersBrew"},{"floor":31,"key":"Energy Potion"}],"is_trial":false,"path_per_floor":["M","?","?","M","M","R","M","R","T","R","?","$","M","M","R","B",null,"M","?","$","M","$","R","M","R","T","R","E","M","?","M","R","B"],"character_chosen":"IRONCLAD","items_purchased":["Discovery","Shrug It Off","Energy Potion"],"campfire_rested":2,"item_purchase_floors":[12,12,22],"current_hp_per_floor":[67,72,72,71,72,72,65,65,65,65,27,27,35,34,58,46,72,80,80,80,61,61,61,68,68,68,68,24,20,20,11,35,0],"gold":32,"neow_bonus":"THREE_RARE_CARDS","is_prod":false,"is_daily":false,"chose_seed":false,"campfire_upgraded":6,"win_rate":0,"timestamp":1551049303,"path_taken":["M","?","?","M","M","R","M","R","T","R","?","$","?","M","R","BOSS","M","?","$","?","?","R","M","R","T","R","E","M","?","M","R","BOSS"],"build_version":"2019-02-06","purchased_purges":1,"victory":false,"max_hp_per_floor":[75,80,80,80,80,80,80,80,80,80,80,80,80,80,80,80,80,80,80,80,80,80,80,80,80,80,80,80,80,80,80,80,80],"card_choices":[{"not_picked":["Brutality","Barricade"],"picked":"Immolate","floor":0},{"not_picked":["Rampage","Anger"],"picked":"Thunderclap","floor":1},{"not_picked":["Pommel Strike","Rampage"],"picked":"Armaments","floor":4},{"not_picked":["Flex","Anger"],"picked":"Clothesline","floor":5},{"not_picked":["Inflame","Fire Breathing"],"picked":"Headbutt","floor":7},{"not_picked":["Evolve","Clothesline"],"picked":"Shockwave","floor":11},{"not_picked":["Entrench","Twin Strike"],"picked":"Reaper","floor":13},{"not_picked":["Armaments","Wild Strike"],"picked":"Iron Wave","floor":14},{"not_picked":["Body Slam","Headbutt"],"picked":"Flame Barrier","floor":18},{"not_picked":["Cleave","True Grit","Headbutt"],"picked":"SKIP","floor":21},{"not_picked":["Heavy Blade","Sword Boomerang","Exhume"],"picked":"SKIP","floor":24},{"not_picked":["Pommel Strike","Perfected Strike","Warcry"],"picked":"SKIP","floor":28},{"not_picked":["Wild Strike","Pommel Strike"],"picked":"Cleave+1","floor":29},{"not_picked":["Clash+1","Headbutt","Corruption"],"picked":"SKIP","floor":31}],"player_experience":600894,"relics_obtained":[{"floor":9,"key":"Blood Vial"},{"floor":11,"key":"Lantern"},{"floor":26,"key":"Tiny Chest"},{"floor":28,"key":"Anchor"}],"event_choices":[{"damage_healed":0,"gold_gain":0,"player_choice":"Donut","damage_taken":0,"max_hp_gain":5,"max_hp_loss":0,"event_name":"Big Fish","floor":2,"gold_loss":0},{"damage_healed":0,"gold_gain":0,"player_choice":"Leave","damage_taken":0,"max_hp_gain":0,"max_hp_loss":0,"event_name":"The Cleric","floor":3,"gold_loss":0},{"damage_healed":0,"gold_gain":0,"player_choice":"Searched \u00271\u0027 times","damage_taken":0,"max_hp_gain":0,"max_hp_loss":0,"event_name":"Dead Adventurer","floor":11,"gold_loss":0},{"damage_healed":0,"gold_gain":0,"player_choice":"Ignored","damage_taken":0,"max_hp_gain":0,"max_hp_loss":0,"event_name":"N\u0027loth","floor":19,"gold_loss":0},{"cards_removed":["Strike_R"],"damage_healed":0,"gold_gain":0,"player_choice":"Gave Gold","damage_taken":0,"max_hp_gain":0,"max_hp_loss":0,"event_name":"Beggar","floor":30,"gold_loss":75}],"is_beta":true,"boss_relics":[{"not_picked":["Calling Bell","Black Star"],"picked":"Velvet Choker"}],"items_purged_floors":[20],"is_endless":false,"potions_floor_spawned":[1,4,13,16,24,29,31],"killed_by":"Automaton","ascension_level":15}