{"gold_per_floor":[110,110,121,121,132,132,207,207,207,237,255,255,281,296,296,374,374,394,86,102,119,119,119,152,170,170,189,104,104,119,135,135,213,213,230,241,241,260,230,261,261,261,261,181,192,192,134,147,147,147],"floor_reached":50,"playtime":2122,"items_purged":["Defend_B","Strike_B"],"score":832,"play_id":"a69b0392-c557-4684-ae95-a4f87f134656","local_time":"20181007022126","is_ascension_mode":true,"campfire_choices":[{"data":"Zap","floor":6,"key":"SMITH"},{"floor":8,"key":"REST"},{"data":"Dualcast","floor":12,"key":"SMITH"},{"data":"Buffer","floor":15,"key":"SMITH"},{"data":"Creative AI","floor":23,"key":"SMITH"},{"floor":29,"key":"REST"},{"floor":32,"key":"REST"},{"floor":41,"key":"REST"},{"floor":46,"key":"REST"},{"data":"Consume","floor":49,"key":"SMITH"}],"neow_cost":"NONE","seed_source_timestamp":205923349327522,"circlet_count":0,"master_deck":["Strike_B","Defend_B+1","Zap+1","Dualcast+1","AscendersBane","Reinforced Body+1","Stack+1","Leap+1","Glacier+1","Rebound","Blizzard","Ball Lightning","Buffer+1","Compile Driver","Creative AI+1","Defragment","Heatsinks","Lockon","Storm","Loop","Capacitor","Seek","Consume+1"],"relics":["Astrolabe","Orichalcum","Kunai","Cables","Pocketwatch","Philosopher\u0027s Stone","War Paint","Mercury Hourglass","Letter Opener","Dream Catcher","Busted Crown","Art of War","The Courier"],"potions_floor_usage":[10,14,14,16,18,24,30,33,40,45,50,50],"damage_taken":[{"damage":0,"enemies":"2 Louse","floor":1,"turns":5},{"damage":0,"enemies":"Small Slimes","floor":3,"turns":6},{"damage":0,"enemies":"Cultist","floor":5,"turns":5},{"damage":21,"enemies":"Lagavulin","floor":10,"turns":9},{"damage":2,"enemies":"Red Slaver","floor":11,"turns":6},{"damage":13,"enemies":"Gremlin Nob","floor":13,"turns":7},{"damage":0,"enemies":"3 Louse","floor":14,"turns":1},{"damage":12,"enemies":"Slime Boss","floor":16,"turns":9},{"damage":2,"enemies":"2 Thieves","floor":18,"turns":5},{"damage":0,"enemies":"Shell Parasite","floor":20,"turns":6},{"damage":8,"enemies":"Snake Plant","floor":21,"turns":6},{"damage":24,"enemies":"Book of Stabbing","floor":24,"turns":6},{"damage":4,"enemies":"Shelled Parasite and Fungi","floor":25,"turns":6},{"damage":0,"enemies":"Centurion and Healer","floor":27,"turns":8},{"damage":3,"enemies":"3 Cultists","floor":30,"turns":3},{"damage":0,"enemies":"Snake Plant","floor":31,"turns":3},{"damage":25,"enemies":"Collector","floor":33,"turns":10},{"damage":0,"enemies":"3 Shapes","floor":35,"turns":4},{"damage":44,"enemies":"3 Darklings","floor":36,"turns":5},{"damage":0,"enemies":"Transient","floor":38,"turns":5},{"damage":37,"enemies":"Nemesis","floor":40,"turns":7},{"damage":13,"enemies":"Sphere and 2 Shapes","floor":45,"turns":6},{"damage":0,"enemies":"Maw","floor":48,"turns":6},{"damage":59,"enemies":"Awakened One","floor":50,"turns":3}],"seed_played":"-6815306208013840694","potions_obtained":[{"floor":1,"key":"PowerPotion"},{"floor":10,"key":"Explosive Potion"},{"floor":13,"key":"AttackPotion"},{"floor":14,"key":"Strength Potion"},{"floor":16,"key":"Block Potion"},{"floor":20,"key":"SteroidPotion"},{"floor":21,"key":"Dexterity Potion"},{"floor":30,"key":"FocusPotion"},{"floor":33,"key":"GamblersBrew"},{"floor":36,"key":"FearPotion"},{"floor":39,"key":"Dexterity Potion"},{"floor":39,"key":"LiquidBronze"},{"floor":40,"key":"Poison Potion"},{"floor":45,"key":"Fire Potion"}],"is_trial":false,"path_per_floor":["M","?","M","?","M","R","?","R","T","E","M","R","E","M","R","B",null,"M","$","M","M","?","R","E","M","T","M","?","R","M","M","R","B",null,"M","M","?","M","?","E","R","?","T","$","M","R","$","M","R"],"character_chosen":"DEFECT","items_purchased":["War Paint","Heatsinks","Consume"],"campfire_rested":5,"item_purchase_floors":[19,19,47],"current_hp_per_floor":[68,68,68,61,61,61,50,72,72,51,49,49,36,36,36,24,62,60,60,60,52,52,52,28,24,24,24,24,46,43,43,65,40,66,66,22,66,66,66,29,48,48,48,48,35,54,54,54,54,0],"gold":147,"neow_bonus":"BOSS_RELIC","is_prod":false,"is_daily":false,"chose_seed":false,"campfire_upgraded":5,"win_rate":0,"timestamp":1538871686,"path_taken":["M","?","?","?","M","R","?","R","T","E","M","R","E","M","R","BOSS","M","$","M","M","?","R","E","M","T","M","?","R","M","M","R","BOSS","M","M","?","M","?","E","R","?","T","$","?","R","$","M","R","BOSS"],"build_version":"2018-10-04v2","purchased_purges":2,"victory":false,"max_hp_per_floor":[75,75,75,75,75,75,75,75,75,75,75,75,75,75,75,75,75,75,75,75,75,75,75,75,75,75,75,75,75,75,75,75,75,75,75,75,66,66,66,66,66,66,66,66,66,66,66,66,66,66],"card_choices":[{"not_picked":["Redo","Steam"],"picked":"Glacier","floor":1},{"not_picked":["Double Energy","Coolheaded"],"picked":"Rebound","floor":3},{"not_picked":["Steam","Reprogram"],"picked":"Blizzard","floor":5},{"not_picked":["Heatsinks","Hologram","Gash"],"picked":"SKIP","floor":10},{"not_picked":["Leap","Steam"],"picked":"Ball Lightning","floor":11},{"not_picked":["Conserve Battery","Beam Cell"],"picked":"Buffer","floor":13},{"not_picked":["Gash","Turbo"],"picked":"Compile Driver","floor":14},{"not_picked":["Reboot","Echo Form"],"picked":"Creative AI","floor":16},{"not_picked":["Tempest","Leap"],"picked":"Defragment","floor":18},{"not_picked":["Compile Driver","White Noise"],"picked":"Lockon","floor":20},{"not_picked":["Heatsinks","Barrage","Steam Power+1"],"picked":"SKIP","floor":21},{"not_picked":["Sunder","Aggregate","White Noise"],"picked":"SKIP","floor":24},{"not_picked":["Conserve Battery","Steam","Rebound"],"picked":"SKIP","floor":25},{"not_picked":["Ball Lightning","Rebound"],"picked":"Storm","floor":27},{"not_picked":["Conserve Battery","Echo Form"],"picked":"Loop","floor":29},{"not_picked":["Hologram","Redo","Ball Lightning"],"picked":"SKIP","floor":30},{"not_picked":["Tempest","Doom and Gloom","Storm"],"picked":"SKIP","floor":31},{"not_picked":["Melter","Hologram"],"picked":"Capacitor","floor":32},{"not_picked":["Core Surge","Amplify"],"picked":"Seek","floor":33},{"not_picked":["Darkness"],"picked":"SKIP","floor":35},{"not_picked":["Melter"],"picked":"SKIP","floor":36},{"not_picked":["Redo"],"picked":"SKIP","floor":38},{"not_picked":["Compile Driver"],"picked":"SKIP","floor":40},{"not_picked":["FTL"],"picked":"SKIP","floor":45},{"not_picked":["Chaos"],"picked":"SKIP","floor":48}],"player_experience":495856,"relics_obtained":[{"floor":9,"key":"Kunai"},{"floor":10,"key":"Cables"},{"floor":13,"key":"Pocketwatch"},{"floor":24,"key":"Mercury Hourglass"},{"floor":26,"key":"Letter Opener"},{"floor":40,"key":"Art of War"},{"floor":43,"key":"The Courier"}],"event_choices":[{"event_name":"Living Wall","player_choice":"Forget","floor":2,"damage_taken":0},{"event_name":"Scrap Ooze","player_choice":"success","floor":4,"damage_taken":7},{"event_name":"World of Goop","player_choice":"Gather Gold","floor":7,"damage_taken":0},{"event_name":"Vampires","player_choice":"Ignored","floor":22,"damage_taken":0},{"event_name":"Addict","player_choice":"Obtained Relic","floor":28,"damage_taken":0},{"event_name":"The Moai Head","player_choice":"Heal","floor":37,"damage_taken":0},{"event_name":"The Woman in Blue","player_choice":"Bought 2 Potions","floor":39,"damage_taken":0},{"event_name":"Mysterious Sphere","player_choice":"Ignore","floor":42,"damage_taken":0}],"is_beta":false,"boss_relics":[{"not_picked":["Fusion Hammer","Calling Bell"],"picked":"Philosopher\u0027s Stone"},{"not_picked":["Lizard Tail","Velvet Choker"],"picked":"Busted Crown"}],"items_purged_floors":[19,44],"is_endless":false,"potions_floor_spawned":[1,10,13,14,16,20,21,30,33,36,40,45,48],"killed_by":"Awakened One","ascension_level":13}