{"gold_per_floor":[116,116,7,7,21,77,92,92,143,171,219,219,9,38,38,115,115,130,144,22,22,42,42,53,53],"floor_reached":25,"playtime":1187,"items_purged":["Strike_G"],"score":464,"play_id":"578a4aa4-afb2-4091-b0ba-2bf117cfc0ed","local_time":"20190126201121","is_ascension_mode":true,"campfire_choices":[{"data":"Footwork","floor":8,"key":"SMITH"},{"floor":15,"key":"REST"},{"floor":23,"key":"REST"}],"neow_cost":"NONE","seed_source_timestamp":374716879525273,"circlet_count":0,"master_deck":["AscendersBane","Defend_G","Defend_G","Defend_G","Defend_G","Defend_G","Strike_G","Strike_G","Strike_G","Strike_G","Survivor","Neutralize","Footwork+1","Sucker Punch","Dagger Throw","Flying Knee","Cloak And Dagger","Envenom","Noxious Fumes","Blade Dance","Deflect","Malaise","Blur","Dodge and Roll","Dodge and Roll","Crippling Poison","Infinite Blades","Catalyst","Footwork","Backstab","Escape Plan+1"],"relics":["Ring of the Snake","NeowsBlessing","Ancient Tea Set","Tiny Chest","PreservedInsect","Paper Crane","Strawberry","Question Card","Ornamental Fan","Orrery"],"potions_floor_usage":[10,14,22,22,24],"damage_taken":[{"damage":0,"enemies":"Cultist","floor":1,"turns":1},{"damage":0,"enemies":"Jaw Worm","floor":5,"turns":1},{"damage":0,"enemies":"3 Sentries","floor":6,"turns":1},{"damage":1,"enemies":"2 Louse","floor":7,"turns":3},{"damage":24,"enemies":"Lagavulin","floor":10,"turns":10},{"damage":22,"enemies":"3 Sentries","floor":14,"turns":8},{"damage":10,"enemies":"The Guardian","floor":16,"turns":11},{"damage":17,"enemies":"Spheric Guardian","floor":18,"turns":7},{"damage":23,"enemies":"Chosen","floor":19,"turns":8},{"damage":17,"enemies":"Sentry and Sphere","floor":22,"turns":7},{"damage":1,"enemies":"Shelled Parasite and Fungi","floor":24,"turns":7},{"damage":55,"enemies":"Gremlin Leader","floor":25,"turns":6}],"seed_played":"9037797504141854326","potions_obtained":[{"floor":7,"key":"SpeedPotion"},{"floor":10,"key":"Poison Potion"},{"floor":16,"key":"PowerPotion"},{"floor":18,"key":"Regen Potion"},{"floor":22,"key":"Swift Potion"}],"is_trial":false,"path_per_floor":["M","?","$","$","M","E","M","R","T","E","T","T","$","E","R","B",null,"M","M","$","?","M","R","M","E"],"character_chosen":"THE_SILENT","items_purchased":["Footwork","Sucker Punch","Noxious Fumes","Blade Dance","Footwork","Backstab"],"campfire_rested":2,"item_purchase_floors":[3,3,13,13,20,20],"current_hp_per_floor":[59,59,59,59,59,59,58,58,58,34,41,41,41,19,40,30,62,45,22,22,22,20,41,40,0],"gold":53,"neow_bonus":"THREE_ENEMY_KILL","is_prod":false,"is_daily":false,"chose_seed":false,"campfire_upgraded":1,"win_rate":0,"timestamp":1548529881,"path_taken":["M","?","?","$","M","E","M","R","T","E","?","?","?","E","R","BOSS","M","M","$","?","M","R","M","E"],"build_version":"2019-01-23","purchased_purges":1,"victory":false,"max_hp_per_floor":[66,66,66,66,66,66,66,66,66,66,73,73,73,73,73,73,73,73,73,73,73,73,73,73,73],"card_choices":[{"not_picked":["Blade Dance","Underhanded Strike"],"picked":"Dagger Throw","floor":1},{"not_picked":["Riddle With Holes","Accuracy"],"picked":"Dagger Throw","floor":5},{"not_picked":["Terror","Backflip"],"picked":"Flying Knee","floor":6},{"not_picked":["Sucker Punch","Tools of the Trade"],"picked":"Cloak And Dagger","floor":7},{"not_picked":["Well Laid Plans","Cloak And Dagger"],"picked":"Envenom","floor":10},{"not_picked":["Dagger Throw","Dagger Spray","Heel Hook"],"picked":"Deflect","floor":14},{"not_picked":["A Thousand Cuts","Grand Finale","Burst"],"picked":"Malaise","floor":16},{"not_picked":["Slice","Skewer","Bullet Time"],"picked":"Blur","floor":17},{"not_picked":["Choke","Bane","Acrobatics"],"picked":"Dodge and Roll","floor":17},{"not_picked":["Blade Dance","Sucker Punch","Acrobatics"],"picked":"Dodge and Roll","floor":17},{"not_picked":["Endless Agony","Blade Dance","Dodge and Roll"],"picked":"Crippling Poison","floor":17},{"not_picked":["Slice","Setup","Choke"],"picked":"Infinite Blades","floor":17},{"not_picked":["Poisoned Stab","Outmaneuver","Deflect"],"picked":"Catalyst","floor":18},{"not_picked":["Blade Dance","Outmaneuver","Setup","Poisoned Stab"],"picked":"SKIP","floor":19},{"not_picked":["Finisher","PiercingWail","Heel Hook"],"picked":"Escape Plan+1","floor":22},{"not_picked":["Quick Slash","Prepared","Blur","Flying Knee+1"],"picked":"SKIP","floor":24}],"player_experience":919687,"relics_obtained":[{"floor":6,"key":"Tiny Chest"},{"floor":9,"key":"PreservedInsect"},{"floor":10,"key":"Paper Crane"},{"floor":11,"key":"Strawberry"},{"floor":12,"key":"Question Card"},{"floor":14,"key":"Ornamental Fan"}],"event_choices":[{"cards_removed":["Dagger Throw"],"damage_healed":0,"gold_gain":0,"player_choice":"Gave Card","damage_taken":0,"relics_obtained":["Ancient Tea Set"],"max_hp_gain":0,"max_hp_loss":0,"event_name":"WeMeetAgain","floor":2,"gold_loss":0},{"damage_healed":0,"gold_gain":0,"player_choice":"Ignored","damage_taken":0,"max_hp_gain":0,"max_hp_loss":0,"event_name":"Cursed Tome","floor":21,"gold_loss":0}],"is_beta":false,"boss_relics":[{"not_picked":["HoveringKite","White Beast Statue"],"picked":"Orrery"}],"items_purged_floors":[13],"is_endless":false,"potions_floor_spawned":[7,10,16,18,22],"killed_by":"Gremlin Leader","ascension_level":18}