{"gold_per_floor":[109,109,121,136,21,21,56,56,56,30,30,30,30,48,48,48],"floor_reached":16,"playtime":265,"items_purged":["Strike_R"],"score":191,"play_id":"88dc4ab9-a041-4fb1-a99e-82d48ff317e8","local_time":"20190111222517","is_ascension_mode":true,"campfire_choices":[{"data":"Searing Blow+1","floor":6,"key":"SMITH"},{"data":"Searing Blow+2","floor":8,"key":"SMITH"},{"data":"Searing Blow+3","floor":12,"key":"SMITH"},{"data":"Searing Blow+4","floor":15,"key":"SMITH"}],"neow_cost":"NONE","seed_source_timestamp":31385368961850,"circlet_count":0,"master_deck":["AscendersBane","Strike_R","Strike_R","Strike_R","Defend_R","Defend_R","Defend_R","Defend_R","Bash","Searing Blow+5","Seeing Red","Pommel Strike","Hemokinesis","Spot Weakness","Shrug It Off","Flame Barrier"],"relics":["Burning Blood","NeowsBlessing","Frozen Egg 2","Champion Belt"],"potions_floor_usage":[7],"damage_taken":[{"damage":0,"enemies":"Jaw Worm","floor":1,"turns":1},{"damage":0,"enemies":"2 Louse","floor":3,"turns":1},{"damage":0,"enemies":"Small Slimes","floor":4,"turns":1},{"damage":26,"enemies":"Lagavulin","floor":7,"turns":7},{"damage":10,"enemies":"Exordium Wildlife","floor":14,"turns":2},{"damage":45,"enemies":"Hexaghost","floor":16,"turns":8}],"seed_played":"1906950758049579076","potions_obtained":[{"floor":1,"key":"PowerPotion"},{"floor":3,"key":"SmokeBomb"}],"is_trial":false,"path_per_floor":["M","?","M","M","$","R","E","R","T","$","?","R","?","M","R","B"],"character_chosen":"IRONCLAD","items_purchased":["Hemokinesis","Shrug It Off"],"campfire_rested":0,"item_purchase_floors":[5,10],"current_hp_per_floor":[74,74,75,75,75,75,55,55,55,55,48,48,48,44,44,0],"gold":48,"neow_bonus":"THREE_ENEMY_KILL","is_prod":false,"is_daily":false,"chose_seed":false,"campfire_upgraded":4,"win_rate":0,"timestamp":1547241917,"path_taken":["M","?","M","M","$","R","E","R","T","$","?","R","?","M","R","BOSS"],"build_version":"2019-01-10","purchased_purges":1,"victory":false,"max_hp_per_floor":[75,75,75,75,75,75,75,75,75,75,75,75,75,75,75,75],"card_choices":[{"not_picked":["Havoc","Warcry"],"picked":"Searing Blow","floor":1},{"not_picked":["Clothesline","Thunderclap"],"picked":"Seeing Red","floor":3},{"not_picked":["Flex","Searing Blow"],"picked":"Pommel Strike","floor":4},{"not_picked":["Perfected Strike","Sentinel"],"picked":"Spot Weakness","floor":7},{"not_picked":["Infernal Blade","Sword Boomerang"],"picked":"Flame Barrier","floor":14}],"player_experience":856658,"relics_obtained":[{"floor":7,"key":"Frozen Egg 2"},{"floor":9,"key":"Champion Belt"}],"event_choices":[{"damage_healed":0,"gold_gain":0,"player_choice":"Grow","damage_taken":0,"max_hp_gain":0,"max_hp_loss":0,"event_name":"Living Wall","floor":2,"gold_loss":0,"cards_upgraded":["Searing Blow"]},{"cards_removed":["Strike_R"],"damage_healed":0,"gold_gain":0,"player_choice":"Card Removal","damage_taken":7,"max_hp_gain":0,"max_hp_loss":0,"event_name":"Golden Wing","floor":11,"gold_loss":0},{"damage_healed":0,"gold_gain":0,"player_choice":"Ignored","damage_taken":0,"max_hp_gain":0,"max_hp_loss":0,"event_name":"Liars Game","floor":13,"gold_loss":0}],"is_beta":false,"boss_relics":[],"items_purged_floors":[5],"is_endless":false,"potions_floor_spawned":[1,3],"killed_by":"Hexaghost","ascension_level":19}