{"gold_per_floor":[113,388,406,422,1,31,31,49,126,126,152,227,227,127,127,223,223,202,402,415,436,108,108],"floor_reached":23,"playtime":984,"items_purged":["Regret","Injury"],"score":350,"play_id":"f2d07199-2ac9-4b13-b21c-3acf5964ffd8","local_time":"20190131155944","is_ascension_mode":true,"campfire_choices":[{"data":"Flex","floor":7.0,"key":"SMITH"},{"data":"Battle Trance","floor":10.0,"key":"SMITH"},{"floor":15.0,"key":"REST"}],"neow_cost":"NONE","seed_source_timestamp":92999875649948,"circlet_count":0,"master_deck":["AscendersBane","Strike_R","Strike_R","Strike_R","Strike_R","Strike_R","Defend_R","Defend_R","Defend_R","Defend_R","Bash","Cleave","Flex+1","Headbutt","Finesse+1","Battle Trance+1","Fiend Fire","Warcry","Feed","Power Through+1"],"special_seed":0,"relics":["Burning Blood","NeowsBlessing","Strawberry","Magic Flower","Matryoshka","Odd Mushroom","Golden Idol","Eternal Feather","War Paint","Juzu Bracelet"],"potions_floor_usage":[23],"damage_taken":[{"damage":0.0,"enemies":"Small Slimes","floor":1.0,"turns":1.0},{"damage":0.0,"enemies":"Cultist","floor":3.0,"turns":1.0},{"damage":0.0,"enemies":"2 Louse","floor":4.0,"turns":1.0},{"damage":36.0,"enemies":"Gremlin Nob","floor":6.0,"turns":4.0},{"damage":16.0,"enemies":"Large Slime","floor":8.0,"turns":2.0},{"damage":18.0,"enemies":"The Mushroom Lair","floor":11.0,"turns":2.0},{"damage":38.0,"enemies":"Slime Boss","floor":16.0,"turns":9.0},{"damage":39.0,"enemies":"2 Thieves","floor":18.0,"turns":4.0},{"damage":26.0,"enemies":"Chosen","floor":20.0,"turns":4.0},{"damage":22.0,"enemies":"Snake Plant","floor":21.0,"turns":2.0},{"damage":14,"enemies":"Slavers","floor":23,"turns":1}],"seed_played":"1481116454577078176","potions_obtained":[{"floor":3.0,"key":"GamblersBrew"},{"floor":6.0,"key":"Ancient Potion"},{"floor":18.0,"key":"FearPotion"},{"floor":21.0,"key":"SpeedPotion"}],"is_trial":false,"path_per_floor":["?","M","?","?","?","?","M"],"character_chosen":"IRONCLAD","items_purchased":["Strawberry","Finesse","Battle Trance","War Paint","Juzu Bracelet"],"campfire_rested":1,"item_purchase_floors":[5,5,5,22,22],"current_hp_per_floor":[74,74,75,75,82,52,52,45,45,45,36,25,25,25,49,20,67,42,42,25,12,12,0],"gold":108,"neow_bonus":"THREE_ENEMY_KILL","is_prod":false,"is_daily":false,"chose_seed":false,"campfire_upgraded":2,"win_rate":0,"timestamp":1548921584,"path_taken":["M","?","?","M","$","E","R","M","T","R","?","?","?","$","R","BOSS","M","?","?","M","$","E"],"build_version":"2019-01-23","purchased_purges":2,"victory":false,"max_hp_per_floor":[75,75,75,75,82,82,82,82,82,82,82,82,82,82,82,82,82,85,85,85,85,85,85],"card_choices":[{"not_picked":["Clash","Headbutt"],"picked":"Cleave","floor":1.0},{"not_picked":["Reckless Charge","Hemokinesis"],"picked":"Flex","floor":3.0},{"not_picked":["Entrench","Sentinel"],"picked":"Headbutt","floor":4.0},{"not_picked":["Cleave","Disarm"],"picked":"Fiend Fire","floor":6.0},{"not_picked":["Body Slam","Pommel Strike","Havoc"],"picked":"SKIP","floor":8.0},{"not_picked":["Body Slam","Clash"],"picked":"Warcry","floor":11.0},{"not_picked":["Exhume","Juggernaut"],"picked":"Feed","floor":16.0},{"not_picked":["Dual Wield","Sword Boomerang","Body Slam"],"picked":"SKIP","floor":18.0},{"not_picked":["Clothesline","Warcry","Searing Blow+1"],"picked":"SKIP","floor":20.0},{"not_picked":["Ghostly Armor","Body Slam"],"picked":"Power Through","floor":21.0}],"player_experience":185913,"relics_obtained":[{"floor":6.0,"key":"Magic Flower"},{"floor":9.0,"key":"Matryoshka"},{"floor":11.0,"key":"Odd Mushroom"}],"event_choices":[{"damage_healed":0.0,"max_hp_gain":0.0,"max_hp_loss":0.0,"gold_gain":275.0,"event_name":"Golden Shrine","player_choice":"Desecrate","floor":2.0,"gold_loss":0.0,"damage_taken":0.0,"cards_obtained":["Regret"]},{"damage_healed":0.0,"max_hp_gain":0.0,"max_hp_loss":0.0,"gold_gain":0.0,"event_name":"Mushrooms","player_choice":"Fought Mushrooms","floor":11.0,"gold_loss":0.0,"damage_taken":0.0},{"damage_healed":0.0,"max_hp_gain":0.0,"max_hp_loss":0.0,"gold_gain":75.0,"event_name":"World of Goop","player_choice":"Gather Gold","floor":12.0,"gold_loss":0.0,"damage_taken":11.0},{"damage_healed":0.0,"max_hp_gain":0.0,"max_hp_loss":0.0,"gold_gain":0.0,"event_name":"Golden Idol","player_choice":"Take Wound","floor":13.0,"gold_loss":0.0,"damage_taken":0.0,"relics_obtained":["Golden Idol"],"cards_obtained":["Injury"]},{"damage_healed":0.0,"max_hp_gain":0.0,"max_hp_loss":0.0,"gold_gain":250.0,"event_name":"The Joust","player_choice":"Bet on Owner","floor":19.0,"gold_loss":50.0,"damage_taken":0.0}],"is_beta":false,"boss_relics":[{"not_picked":["Busted Crown","Sozu"],"picked":"Eternal Feather"}],"items_purged_floors":[5,14],"is_endless":false,"potions_floor_spawned":[3,6,18,21],"killed_by":"Slavers","ascension_level":17}