{"gold_per_floor":[117,130,55,74,74,104,121,121],"floor_reached":8,"playtime":371,"items_purged":[],"score":104,"play_id":"af9b5577-475e-4ffa-af7e-ab7f654f991c","local_time":"20190127203433","is_ascension_mode":true,"campfire_choices":[],"neow_cost":"CURSE","seed_source_timestamp":687911119413047,"circlet_count":0,"master_deck":["AscendersBane","Strike_R","Strike_R","Strike_R","Strike_R","Strike_R","Defend_R","Defend_R","Defend_R","Defend_R","Bash+1","Impervious","Havoc","Hemokinesis","Juggernaut+1","Demon Form","Rupture"],"relics":["Burning Blood","Potion Belt"],"potions_floor_usage":[7],"damage_taken":[{"damage":11,"enemies":"Small Slimes","floor":1,"turns":5},{"damage":5,"enemies":"2 Louse","floor":2,"turns":4},{"damage":5,"enemies":"Jaw Worm","floor":4,"turns":2},{"damage":26,"enemies":"Gremlin Nob","floor":6,"turns":4},{"damage":12,"enemies":"Large Slime","floor":7,"turns":7},{"damage":20,"enemies":"3 Sentries","floor":8,"turns":3}],"seed_played":"1646024695628825696","potions_obtained":[{"floor":6,"key":"Weak Potion"},{"floor":7,"key":"Ancient Potion"}],"is_trial":false,"path_per_floor":["M","M","?","M","?","E","M","E"],"character_chosen":"IRONCLAD","items_purchased":[],"campfire_rested":0,"item_purchase_floors":[],"current_hp_per_floor":[63,64,64,65,42,22,16,0],"gold":121,"neow_bonus":"THREE_RARE_CARDS","is_prod":false,"is_daily":false,"chose_seed":false,"campfire_upgraded":0,"win_rate":0,"timestamp":1548650073,"path_taken":["M","M","?","M","?","E","M","E"],"build_version":"2019-01-23","purchased_purges":0,"victory":false,"max_hp_per_floor":[75,75,75,75,75,75,75,75],"card_choices":[{"not_picked":["Berserk","Dark Embrace"],"picked":"Impervious","floor":0},{"not_picked":["Anger","Dropkick"],"picked":"Havoc","floor":1},{"not_picked":["Iron Wave","Warcry"],"picked":"Hemokinesis","floor":2},{"not_picked":["True Grit","Clothesline"],"picked":"Juggernaut","floor":4},{"not_picked":["Offering","Flex"],"picked":"Demon Form","floor":6},{"not_picked":["Flex","Uppercut"],"picked":"Rupture","floor":7}],"player_experience":505157,"relics_obtained":[{"floor":6,"key":"Potion Belt"}],"event_choices":[{"cards_removed":["Pain"],"damage_healed":0,"gold_gain":0,"player_choice":"Card Removal","damage_taken":0,"max_hp_gain":0,"max_hp_loss":0,"event_name":"The Cleric","floor":3,"gold_loss":75},{"damage_healed":0,"gold_gain":0,"player_choice":"Entered Light","damage_taken":23,"max_hp_gain":0,"max_hp_loss":0,"event_name":"Shining Light","floor":5,"gold_loss":0,"cards_upgraded":["Juggernaut","Bash"]}],"is_beta":false,"boss_relics":[],"items_purged_floors":[],"is_endless":false,"potions_floor_spawned":[6,7],"killed_by":"3 Sentries","ascension_level":16}