{"gold_per_floor":[359,1,1,20,40,40,103,103,155,173,173,186,200,220,220,324,324,334,348,348,5,5,16,16,45,45,78,91,91,102,201,201,302,302,316,416,416,0,12,40,40,66,140,140,171,186,113,165,165,165],"floor_reached":51,"playtime":4076,"items_purged":["Strike_G","Defend_G","Defend_G","Defend_G"],"score":947,"play_id":"08bad2fb-c105-43e0-9251-e5d223a8cf15","local_time":"20190213094440","is_ascension_mode":true,"campfire_choices":[{"data":"Footwork","floor":6.0,"key":"SMITH"},{"data":"Catalyst","floor":8.0,"key":"SMITH"},{"data":"Leg Sweep","floor":11.0,"key":"SMITH"},{"floor":15.0,"key":"REST"},{"data":"Burst","floor":24.0,"key":"SMITH"},{"data":"Bullet Time","floor":29.0,"key":"SMITH"},{"data":"Deadly Poison","floor":32.0,"key":"SMITH"},{"data":"After Image","floor":41,"key":"SMITH"},{"data":"Well Laid Plans","floor":44,"key":"SMITH"},{"floor":49,"key":"REST"}],"neow_cost":"PERCENT_DAMAGE","seed_source_timestamp":0,"circlet_count":0,"master_deck":["Defend_G","Defend_G","Survivor","Neutralize","Catalyst+1","Footwork+1","Deadly Poison+1","PiercingWail","Leg Sweep+1","Heel Hook","Escape Plan","Burst+1","Dodge and Roll+1","Bite","Bite","Bite","Bite","Bite","Bullet Time+1","Acrobatics","Backflip","Deadly Poison+1","Dodge and Roll+1","Outmaneuver+1","Corpse Explosion+1","Deflect+1","Outmaneuver+1","Enlightenment+1","After Image+1","Bouncing Flask+1","Master of Strategy+1","PiercingWail+1","Well Laid Plans+1","PiercingWail+1"],"special_seed":0,"relics":["Ring of the Snake","Strange Spoon","Bag of Marbles","Smiling Mask","Sozu","Snake Skull","Mummified Hand","Toxic Egg 2","PreservedInsect","Busted Crown","Girya","Kunai","Orichalcum","Meat on the Bone","Pocketwatch","FossilizedHelix"],"potions_floor_usage":[50],"damage_taken":[{"damage":0.0,"enemies":"Cultist","floor":1.0,"turns":4.0},{"damage":0.0,"enemies":"Small Slimes","floor":4.0,"turns":7.0},{"damage":2.0,"enemies":"Jaw Worm","floor":5.0,"turns":5.0},{"damage":29.0,"enemies":"3 Sentries","floor":7.0,"turns":11.0},{"damage":1.0,"enemies":"Looter","floor":10.0,"turns":3.0},{"damage":1.0,"enemies":"Large Slime","floor":12.0,"turns":8.0},{"damage":0.0,"enemies":"2 Fungi Beasts","floor":13.0,"turns":6.0},{"damage":5.0,"enemies":"Blue Slaver","floor":14.0,"turns":6.0},{"damage":12.0,"enemies":"The Guardian","floor":16.0,"turns":15.0},{"damage":18.0,"enemies":"Chosen","floor":18.0,"turns":10.0},{"damage":0.0,"enemies":"Spheric Guardian","floor":19.0,"turns":3.0},{"damage":14.0,"enemies":"Snecko","floor":23.0,"turns":7.0},{"damage":24.0,"enemies":"Book of Stabbing","floor":25.0,"turns":7.0},{"damage":1.0,"enemies":"Gremlin Leader","floor":27.0,"turns":8.0},{"damage":5.0,"enemies":"Cultist and Chosen","floor":28.0,"turns":8.0},{"damage":11.0,"enemies":"Centurion and Healer","floor":30.0,"turns":9.0},{"damage":55.0,"enemies":"Champ","floor":33.0,"turns":14.0},{"damage":7.0,"enemies":"3 Shapes","floor":35.0,"turns":6.0},{"damage":0,"enemies":"Mind Bloom Boss Battle","floor":36,"turns":6},{"damage":0,"enemies":"Orb Walker","floor":39,"turns":3},{"damage":0,"enemies":"Giant Head","floor":40,"turns":3},{"damage":0,"enemies":"Reptomancer","floor":42,"turns":2},{"damage":0,"enemies":"Giant Head","floor":45,"turns":5},{"damage":21,"enemies":"3 Darklings","floor":46,"turns":4},{"damage":9,"enemies":"2 Orb Walkers","floor":48,"turns":4},{"damage":9,"enemies":"Donu and Deca","floor":50,"turns":6}],"seed_played":"-8145747864820173413","potions_obtained":[{"floor":5.0,"key":"SkillPotion"},{"floor":10.0,"key":"LiquidBronze"},{"floor":12.0,"key":"Regen Potion"},{"floor":16.0,"key":"Dexterity Potion"}],"is_trial":false,"path_per_floor":["M","$","?","M","M","R","?","R","T","M","R","M","M","M","R","B",null,"M","M","?","$","?","M","R","E","T","E","M","R","M","?","R","B",null,"M","?","?","$","M","E","R","E","T","R","E","M","$","?","R","B",null],"character_chosen":"THE_SILENT","items_purchased":["Footwork","Strange Spoon","Snake Skull","Bullet Time","After Image","Bouncing Flask+1","Master of Strategy+1","PiercingWail+1","PiercingWail+1"],"campfire_rested":2,"item_purchase_floors":[2,2,21,21,38,38,38,38,47],"current_hp_per_floor":[49,49,49,49,47,47,18,18,18,17,17,16,16,11,32,20,70,52,52,49,49,49,38,38,30,30,49,47,47,41,41,41,12,49,44,49,39,39,45,49,49,49,49,49,49,34,34,29,43,44],"gold":165,"neow_bonus":"TWO_FIFTY_GOLD","is_prod":false,"is_daily":false,"chose_seed":false,"campfire_upgraded":8,"win_rate":1,"timestamp":1550047480,"path_taken":["M","$","?","M","M","R","?","R","T","M","R","M","M","M","R","BOSS","M","M","?","$","?","M","R","E","T","E","M","R","M","?","R","BOSS","M","?","?","$","M","E","R","E","T","R","E","M","?","?","R","BOSS"],"build_version":"2019-02-06","purchased_purges":4,"victory":true,"max_hp_per_floor":[70,70,70,70,70,70,70,70,70,70,70,70,70,70,70,70,70,70,70,49,49,49,49,49,49,49,49,49,49,49,49,49,49,49,49,49,49,49,49,49,49,49,49,49,49,49,49,49,49,49],"card_choices":[{"not_picked":["Acrobatics","Dash"],"picked":"Catalyst","floor":1.0},{"not_picked":["Skewer","Blade Dance"],"picked":"Deadly Poison","floor":4.0},{"not_picked":["Eviscerate","Finisher","Prepared"],"picked":"SKIP","floor":5.0},{"not_picked":["Heel Hook","Endless Agony"],"picked":"PiercingWail","floor":7.0},{"not_picked":["Caltrops","Slice"],"picked":"Leg Sweep","floor":10.0},{"not_picked":["Blade Dance","Eviscerate","Prepared"],"picked":"SKIP","floor":12.0},{"not_picked":["Acrobatics","Sucker Punch"],"picked":"Heel Hook","floor":13.0},{"not_picked":["Dodge and Roll","Dagger Throw"],"picked":"Escape Plan","floor":14.0},{"not_picked":["Venomology","Envenom"],"picked":"Burst","floor":16.0},{"not_picked":["Dagger Spray","Flying Knee"],"picked":"Dodge and Roll+1","floor":18.0},{"not_picked":["Endless Agony","Distraction+1","Dagger Throw"],"picked":"SKIP","floor":19.0},{"not_picked":["Underhanded Strike","Outmaneuver+1"],"picked":"Acrobatics","floor":23.0},{"not_picked":["Dodge and Roll+1","Reflex"],"picked":"Backflip","floor":25.0},{"not_picked":["Underhanded Strike","Riddle With Holes"],"picked":"Deadly Poison+1","floor":27.0},{"not_picked":["Infinite Blades","Slice"],"picked":"Dodge and Roll+1","floor":28.0},{"not_picked":["Reflex+1","Dagger Throw"],"picked":"Outmaneuver+1","floor":30.0},{"not_picked":["Tools of the Trade","A Thousand Cuts"],"picked":"Corpse Explosion+1","floor":33.0},{"not_picked":["Deflect+1"],"picked":"SKIP","floor":35.0},{"not_picked":[],"picked":"Deflect+1","floor":35.0},{"not_picked":[],"picked":"Outmaneuver+1","floor":36},{"not_picked":[],"picked":"Enlightenment+1","floor":37},{"not_picked":["Tactician+1"],"picked":"SKIP","floor":39},{"not_picked":["Masterful Stab"],"picked":"SKIP","floor":40},{"not_picked":[],"picked":"Well Laid Plans","floor":42},{"not_picked":["Slice"],"picked":"SKIP","floor":45},{"not_picked":["Poisoned Stab"],"picked":"SKIP","floor":46}],"player_experience":31756,"relics_obtained":[{"floor":9.0,"key":"Smiling Mask"},{"floor":25.0,"key":"Mummified Hand"},{"floor":26.0,"key":"Toxic Egg 2"},{"floor":27.0,"key":"PreservedInsect"},{"floor":36,"key":"Girya"},{"floor":40,"key":"Kunai"},{"floor":42,"key":"Orichalcum"},{"floor":43,"key":"Meat on the Bone"},{"floor":45,"key":"Pocketwatch"},{"floor":48,"key":"FossilizedHelix"}],"event_choices":[{"damage_healed":0.0,"max_hp_gain":0.0,"max_hp_loss":0.0,"gold_gain":0.0,"event_name":"The Cleric","player_choice":"Leave","floor":3.0,"gold_loss":0.0,"damage_taken":0.0},{"damage_healed":0.0,"max_hp_gain":0.0,"max_hp_loss":0.0,"gold_gain":0.0,"event_name":"Dead Adventurer","player_choice":"Searched \u00272\u0027 times","floor":7.0,"gold_loss":0.0,"damage_taken":0.0,"relics_obtained":["Bag of Marbles"]},{"damage_healed":0.0,"max_hp_gain":0.0,"max_hp_loss":21.0,"gold_gain":0.0,"event_name":"Vampires","player_choice":"Became a vampire","floor":20.0,"gold_loss":0.0,"damage_taken":0.0,"cards_obtained":["Bite","Bite","Bite","Bite","Bite"]},{"damage_healed":0.0,"max_hp_gain":0.0,"max_hp_loss":0.0,"gold_gain":0.0,"event_name":"Beggar","player_choice":"Ignored","floor":22.0,"gold_loss":0.0,"damage_taken":0.0},{"damage_healed":0.0,"max_hp_gain":0.0,"max_hp_loss":0.0,"gold_gain":99.0,"event_name":"Nest","player_choice":"Stole From Cult","floor":31.0,"gold_loss":0.0,"damage_taken":0.0},{"damage_healed":0,"gold_gain":0,"player_choice":"Fight","damage_taken":0,"max_hp_gain":0,"max_hp_loss":0,"event_name":"MindBloom","floor":36,"gold_loss":0},{"damage_healed":0,"gold_gain":0,"player_choice":"Memory 3","damage_taken":10,"max_hp_gain":0,"max_hp_loss":0,"event_name":"SensoryStone","floor":37,"gold_loss":0},{"damage_healed":0,"gold_gain":0,"player_choice":"Fight","damage_taken":0,"max_hp_gain":0,"max_hp_loss":0,"event_name":"Mysterious Sphere","floor":48,"gold_loss":0}],"is_beta":true,"boss_relics":[{"not_picked":["Snecko Eye","Calling Bell"],"picked":"Sozu"},{"not_picked":["Coffee Dripper","WristBlade"],"picked":"Busted Crown"}],"items_purged_floors":[2,21,38,47],"is_endless":false,"potions_floor_spawned":[5,10,12,16,18,25,27,35,36,39,46],"ascension_level":2}