{"gold_per_floor":[126,138,163,185,217,229,267,293,329,361,386,431,453,67,67,171,171,189,189,89,141,16,50,50,50,50,50,69,69,79,96,96,198,198,212,212,222,573,589,589,609,9,9,43,43,43,43,53,53,53],"floor_reached":50,"playtime":4000,"items_purged":["Strike_R","Strike_R","Defend_R","Defend_R"],"score":686,"play_id":"583221e2-6f58-4e64-9bbf-63626ed0f0b3","local_time":"20190128135251","is_ascension_mode":true,"campfire_choices":[{"data":"Shockwave","floor":6,"key":"SMITH"},{"data":"Bash","floor":15,"key":"SMITH"},{"data":"Flex","floor":24,"key":"SMITH"},{"data":"RitualDagger","floor":29,"key":"SMITH"},{"floor":32,"key":"REST"},{"floor":40,"key":"REST"},{"data":"Double Tap","floor":45,"key":"SMITH"},{"data":"Whirlwind","floor":47,"key":"SMITH"},{"floor":49,"key":"REST"}],"neow_cost":"NONE","seed_source_timestamp":7046433931077,"circlet_count":0,"master_deck":["Strike_R","Strike_R","Strike_R","Defend_R","Defend_R","Bash+1","Carnage+1","Flex+1","Cleave","Shockwave+1","Shrug It Off","Iron Wave","Battle Trance","Battle Trance","Uppercut+1","Impervious","RitualDagger+1","Flex","Thunderclap+1","Whirlwind+1","Offering","Armaments+1","Dropkick+1","Double Tap+1","Regret"],"relics":["Burning Blood","MawBank","Potion Belt","Boot","Blood Vial","Paper Frog","Sozu","Bag of Preparation","Happy Flower","Question Card","Darkstone Periapt","Cursed Key","Old Coin","Chemical X","Gremlin Horn","Singing Bowl","Strawberry"],"potions_floor_usage":[5,16,16,50,50],"damage_taken":[{"damage":8,"enemies":"Jaw Worm","floor":1,"turns":5},{"damage":1,"enemies":"Cultist","floor":3,"turns":3},{"damage":10,"enemies":"Small Slimes","floor":4,"turns":3},{"damage":1,"enemies":"Exordium Thugs","floor":5,"turns":3},{"damage":25,"enemies":"3 Sentries","floor":7,"turns":5},{"damage":6,"enemies":"Exordium Wildlife","floor":8,"turns":3},{"damage":6,"enemies":"Blue Slaver","floor":10,"turns":4},{"damage":5,"enemies":"2 Fungi Beasts","floor":11,"turns":4},{"damage":12,"enemies":"Lagavulin","floor":12,"turns":6},{"damage":4,"enemies":"Red Slaver","floor":13,"turns":3},{"damage":29,"enemies":"Hexaghost","floor":16,"turns":12},{"damage":8,"enemies":"Shell Parasite","floor":18,"turns":6},{"damage":29,"enemies":"Slavers","floor":23,"turns":6},{"damage":0,"enemies":"Chosen","floor":28,"turns":2},{"damage":16,"enemies":"Sentry and Sphere","floor":30,"turns":5},{"damage":1,"enemies":"Snake Plant","floor":31,"turns":2},{"damage":28,"enemies":"Champ","floor":33,"turns":10},{"damage":14,"enemies":"3 Shapes","floor":35,"turns":2},{"damage":15,"enemies":"3 Darklings","floor":37,"turns":3},{"damage":46,"enemies":"2 Orb Walkers","floor":38,"turns":4},{"damage":8,"enemies":"Writhing Mass","floor":39,"turns":5},{"damage":13,"enemies":"Sphere and 2 Shapes","floor":41,"turns":5},{"damage":9,"enemies":"Nemesis","floor":44,"turns":4},{"damage":37,"enemies":"Spire Growth","floor":48,"turns":6},{"damage":67,"enemies":"Awakened One","floor":50,"turns":6}],"seed_played":"9111768357691882684","potions_obtained":[{"floor":1,"key":"Strength Potion"},{"floor":3,"key":"Dexterity Potion"},{"floor":11,"key":"GamblersBrew"},{"floor":13,"key":"AttackPotion"},{"floor":16,"key":"Fire Potion"}],"is_trial":false,"path_per_floor":["?","M","M","?","T","$","T","?","?","?","?","M"],"character_chosen":"IRONCLAD","items_purchased":["Paper Frog","Uppercut","Chemical X","Gremlin Horn"],"campfire_rested":3,"item_purchase_floors":[14,14,42,42],"current_hp_per_floor":[78,78,80,76,80,80,61,61,61,61,62,56,60,60,60,39,70,70,70,70,70,70,49,49,49,49,43,51,51,43,50,74,54,74,68,68,61,23,23,47,42,42,48,56,56,56,56,29,56,0],"gold":53,"neow_bonus":"RANDOM_COMMON_RELIC","is_prod":false,"is_daily":false,"chose_seed":false,"campfire_upgraded":6,"win_rate":0,"timestamp":1548654771,"path_taken":["M","?","M","?","M","R","E","?","T","M","M","E","M","$","R","BOSS","M","?","$","?","?","E","R","?","T","?","M","R","M","M","R","BOSS","M","?","M","?","M","R","M","$","T","E","R","?","R","?","R","BOSS"],"build_version":"2019-01-23","purchased_purges":4,"victory":false,"max_hp_per_floor":[80,80,80,80,80,80,80,80,80,80,80,80,80,80,80,80,80,80,80,80,80,80,80,80,80,80,80,80,80,80,80,80,80,80,80,80,80,80,80,80,80,80,86,95,95,90,90,92,92,92],"card_choices":[{"not_picked":["Uppercut","Disarm"],"picked":"Carnage","floor":1},{"not_picked":["Clash","Perfected Strike"],"picked":"Flex","floor":3},{"not_picked":["Armaments","Dropkick"],"picked":"Cleave","floor":4},{"not_picked":["Headbutt","Anger"],"picked":"Shockwave","floor":5},{"not_picked":["Flame Barrier","Entrench"],"picked":"Shrug It Off","floor":7},{"not_picked":["True Grit","Headbutt"],"picked":"Iron Wave","floor":8},{"not_picked":["Uppercut","Thunderclap"],"picked":"Battle Trance","floor":10},{"not_picked":["Rampage","Perfected Strike","Warcry"],"picked":"SKIP","floor":11},{"not_picked":["Bludgeon","Entrench"],"picked":"Battle Trance","floor":12},{"not_picked":["Infernal Blade","Iron Wave","Twin Strike"],"picked":"SKIP","floor":13},{"not_picked":["Bludgeon","Immolate"],"picked":"Impervious","floor":16},{"not_picked":["Flex","Clothesline","Second Wind"],"picked":"SKIP","floor":18},{"not_picked":["Battle Trance","Entrench","Clothesline"],"picked":"SKIP","floor":23},{"not_picked":["Sword Boomerang","Havoc","Dual Wield"],"picked":"Flex","floor":28},{"not_picked":["Searing Blow","Flex","True Grit"],"picked":"Thunderclap+1","floor":30},{"not_picked":["Anger","Second Wind","Sentinel"],"picked":"Whirlwind","floor":31},{"not_picked":["Exhume","Juggernaut","Limit Break"],"picked":"Offering","floor":33},{"not_picked":["Anger+1","Carnage+1","Havoc+1","Spot Weakness+1"],"picked":"SKIP","floor":35},{"not_picked":["Twin Strike+1","Clash","Warcry"],"picked":"Armaments+1","floor":37},{"not_picked":["Clash+1","Twin Strike","Warcry+1"],"picked":"Dropkick+1","floor":38},{"not_picked":["Inflame+1","Rage","Entrench+1"],"picked":"Double Tap","floor":39},{"not_picked":["Armaments+1","Pommel Strike+1","Twin Strike","Seeing Red+1"],"picked":"SKIP","floor":41},{"not_picked":["True Grit+1","Sever Soul","Metallicize","Sentinel+1"],"picked":"Singing Bowl","floor":44},{"not_picked":["Reaper","Sever Soul+1","Evolve","Sword Boomerang+1"],"picked":"Singing Bowl","floor":48}],"player_experience":77556,"relics_obtained":[{"floor":7,"key":"Potion Belt"},{"floor":9,"key":"Boot"},{"floor":12,"key":"Blood Vial"},{"floor":21,"key":"Bag of Preparation"},{"floor":23,"key":"Happy Flower"},{"floor":25,"key":"Question Card"},{"floor":26,"key":"Darkstone Periapt"},{"floor":38,"key":"Old Coin"},{"floor":43,"key":"Singing Bowl"},{"floor":44,"key":"Strawberry"}],"event_choices":[{"damage_healed":0,"gold_gain":0,"player_choice":"Upgraded","damage_taken":0,"max_hp_gain":0,"max_hp_loss":0,"event_name":"Upgrade Shrine","floor":2,"gold_loss":0,"cards_upgraded":["Carnage"]},{"damage_healed":0,"gold_gain":0,"player_choice":"Forge","damage_taken":0,"max_hp_gain":0,"max_hp_loss":0,"event_name":"Accursed Blacksmith","floor":19,"gold_loss":0,"cards_upgraded":["Uppercut"]},{"damage_healed":0,"gold_gain":0,"player_choice":"Joined the Cult","damage_taken":6,"max_hp_gain":0,"max_hp_loss":0,"event_name":"Nest","floor":27,"gold_loss":0,"cards_obtained":["RitualDagger"]},{"damage_healed":0,"gold_gain":0,"player_choice":"Ignored","damage_taken":0,"max_hp_gain":0,"max_hp_loss":0,"event_name":"Tomb of Lord Red Mask","floor":36,"gold_loss":0},{"damage_healed":0,"gold_gain":0,"player_choice":"Fight","damage_taken":0,"max_hp_gain":0,"max_hp_loss":0,"event_name":"Mysterious Sphere","floor":38,"gold_loss":0},{"damage_healed":0,"gold_gain":0,"player_choice":"Max HP","damage_taken":0,"max_hp_gain":0,"max_hp_loss":5,"event_name":"Winding Halls","floor":46,"gold_loss":0}],"is_beta":false,"boss_relics":[{"not_picked":["Runic Pyramid","Philosopher\u0027s Stone"],"picked":"Sozu"},{"not_picked":["Runic Cube","Lizard Tail"],"picked":"Cursed Key"}],"items_purged_floors":[14,20,22,42],"is_endless":false,"potions_floor_spawned":[1,3,11,13,16,28,31,35,39,41,48],"killed_by":"Awakened One","ascension_level":5}