{"gold_per_floor":[114,114,127,60,75,75,0,19,19,30,56,56,97,113,113,243,243,267,267,287,287,120,120],"floor_reached":23,"playtime":2074,"items_purged":["Strike_R","Strike_R"],"score":201,"play_id":"eeaa7a12-1768-4539-b271-1f6048cd3a01","local_time":"20190127164925","is_ascension_mode":true,"campfire_choices":[{"data":"Combust","floor":6,"key":"SMITH"},{"floor":15,"key":"REST"}],"neow_cost":"NONE","seed_source_timestamp":1721955590242,"circlet_count":0,"master_deck":["Strike_R","Strike_R","Strike_R","Defend_R","Defend_R","Defend_R","Defend_R","Bash","Cleave+1","Battle Trance","Combust+1","Rupture","Bloodletting","Shrug It Off","Brutality","Rupture"],"relics":["Burning Blood","Centennial Puzzle","Orichalcum","Odd Mushroom","Bloody Idol","Question Card","Eternal Feather"],"potions_floor_usage":[11,13,20,21,23],"damage_taken":[{"damage":8,"enemies":"2 Louse","floor":1,"turns":4},{"damage":0,"enemies":"Cultist","floor":3,"turns":3},{"damage":3,"enemies":"Small Slimes","floor":5,"turns":2},{"damage":22,"enemies":"Exordium Thugs","floor":8,"turns":4},{"damage":8,"enemies":"3 Louse","floor":10,"turns":2},{"damage":4,"enemies":"The Mushroom Lair","floor":11,"turns":3},{"damage":30,"enemies":"Lagavulin","floor":13,"turns":5},{"damage":11,"enemies":"Exordium Wildlife","floor":14,"turns":3},{"damage":38,"enemies":"Slime Boss","floor":16,"turns":8},{"damage":32,"enemies":"Shell Parasite","floor":18,"turns":6},{"damage":19,"enemies":"Spheric Guardian","floor":20,"turns":5},{"damage":0,"enemies":"Masked Bandits","floor":21,"turns":1},{"damage":55,"enemies":"Book of Stabbing","floor":23,"turns":5}],"seed_played":"8587882144068860842","potions_obtained":[{"floor":3,"key":"SmokeBomb"},{"floor":8,"key":"Ancient Potion"},{"floor":10,"key":"Block Potion"},{"floor":16,"key":"SkillPotion"},{"floor":18,"key":"Energy Potion"}],"is_trial":false,"path_per_floor":["?","M","M","?","?","?","?","$"],"character_chosen":"IRONCLAD","items_purchased":["Battle Trance","Rupture"],"campfire_rested":1,"item_purchase_floors":[4,22],"current_hp_per_floor":[78,78,80,80,80,80,80,64,64,62,64,44,20,15,39,7,80,54,54,46,52,52,0],"gold":120,"neow_bonus":"RANDOM_COMMON_RELIC","is_prod":false,"is_daily":false,"chose_seed":false,"campfire_upgraded":1,"win_rate":0,"timestamp":1548578965,"path_taken":["M","?","?","$","?","R","$","M","T","M","?","?","E","M","R","BOSS","M","?","M","?","?","E"],"build_version":"2019-01-23","purchased_purges":2,"victory":false,"max_hp_per_floor":[80,80,80,80,80,80,80,80,80,80,80,80,80,80,80,80,80,80,80,80,80,80,80],"card_choices":[{"not_picked":["True Grit","Rampage"],"picked":"Cleave","floor":1},{"not_picked":["Intimidate","Uppercut","Armaments"],"picked":"SKIP","floor":3},{"not_picked":["True Grit","Anger"],"picked":"Combust","floor":5},{"not_picked":["Heavy Blade","Havoc","Clothesline"],"picked":"SKIP","floor":8},{"not_picked":["Burning Pact","Iron Wave"],"picked":"Rupture","floor":10},{"not_picked":["Rampage","Wild Strike"],"picked":"Bloodletting","floor":11},{"not_picked":["Twin Strike","Evolve","Dropkick"],"picked":"SKIP","floor":13},{"not_picked":["Heavy Blade","Clothesline","Barricade"],"picked":"Shrug It Off","floor":14},{"not_picked":["Limit Break","Feed","Double Tap"],"picked":"Brutality","floor":16},{"not_picked":["Wild Strike+1","Pommel Strike","Rupture","True Grit"],"picked":"SKIP","floor":18},{"not_picked":["Wild Strike","Sever Soul","True Grit","Dual Wield"],"picked":"SKIP","floor":20}],"player_experience":44458,"relics_obtained":[{"floor":9,"key":"Orichalcum"},{"floor":11,"key":"Odd Mushroom"},{"floor":13,"key":"Question Card"}],"event_choices":[{"damage_healed":0,"gold_gain":0,"player_choice":"Forge","damage_taken":0,"max_hp_gain":0,"max_hp_loss":0,"event_name":"Accursed Blacksmith","floor":2,"gold_loss":0,"cards_upgraded":["Cleave"]},{"damage_healed":0,"gold_gain":0,"player_choice":"Fought Mushrooms","damage_taken":0,"max_hp_gain":0,"max_hp_loss":0,"event_name":"Mushrooms","floor":11,"gold_loss":0},{"damage_healed":0,"gold_gain":0,"player_choice":"Take Damage","damage_taken":20,"relics_obtained":["Golden Idol"],"max_hp_gain":0,"max_hp_loss":0,"event_name":"Golden Idol","floor":12,"gold_loss":0},{"damage_healed":0,"gold_gain":0,"player_choice":"Gave Idol","damage_taken":0,"relics_obtained":["Bloody Idol"],"max_hp_gain":0,"max_hp_loss":0,"event_name":"Forgotten Altar","floor":19,"relics_lost":["Golden Idol"],"gold_loss":0},{"damage_healed":0,"gold_gain":0,"player_choice":"Fought Bandits","damage_taken":0,"max_hp_gain":0,"max_hp_loss":0,"event_name":"Masked Bandits","floor":21,"gold_loss":0}],"is_beta":false,"boss_relics":[{"not_picked":["Ectoplasm","Astrolabe"],"picked":"Eternal Feather"}],"items_purged_floors":[7,22],"is_endless":false,"potions_floor_spawned":[3,8,10,16,18],"killed_by":"Book of Stabbing","ascension_level":1}