{"gold_per_floor":[114,125,138,138,154,184,184,215,215,215,231,231,245,245],"floor_reached":14,"playtime":554,"items_purged":[],"score":184,"play_id":"57754f24-9b42-4dc8-b8a2-9d3e654cf416","local_time":"20190130212156","is_ascension_mode":true,"campfire_choices":[{"data":"Rupture","floor":7,"key":"SMITH"},{"floor":12,"key":"REST"}],"neow_cost":"NONE","seed_source_timestamp":164523775902806,"circlet_count":0,"master_deck":["AscendersBane","Strike_R","Strike_R","Strike_R","Strike_R","Strike_R","Defend_R","Defend_R","Defend_R","Defend_R","Bash","Brutality","Rupture+1","Pommel Strike","Reckless Charge","Regret","Clothesline","Reckless Charge","Hemokinesis","Reaper","Seeing Red+1"],"relics":["Burning Blood","Charon\u0027s Ashes","Toxic Egg 2","Bird Faced Urn","Torii","Ice Cream"],"potions_floor_usage":[3,8,11],"damage_taken":[{"damage":3,"enemies":"Cultist","floor":1,"turns":3},{"damage":8,"enemies":"Small Slimes","floor":2,"turns":4},{"damage":6,"enemies":"2 Louse","floor":3,"turns":4},{"damage":10,"enemies":"2 Fungi Beasts","floor":5,"turns":5},{"damage":32,"enemies":"3 Sentries","floor":6,"turns":6},{"damage":31,"enemies":"Gremlin Nob","floor":8,"turns":5},{"damage":3,"enemies":"3 Louse","floor":11,"turns":3},{"damage":34,"enemies":"Gremlin Gang","floor":13,"turns":4},{"damage":16,"enemies":"Exordium Thugs","floor":14,"turns":1}],"seed_played":"2955651425591194279","potions_obtained":[{"floor":2,"key":"Dexterity Potion"},{"floor":3,"key":"Ancient Potion"},{"floor":8,"key":"FearPotion"},{"floor":11,"key":"Ancient Potion"}],"is_trial":false,"path_per_floor":["M","M","M","?","M","E","R","E","T","?","M","R","M","M"],"character_chosen":"IRONCLAD","items_purchased":[],"campfire_rested":1,"item_purchase_floors":[],"current_hp_per_floor":[71,69,69,69,65,39,39,14,14,14,17,39,15,0],"gold":245,"neow_bonus":"ONE_RANDOM_RARE_CARD","is_prod":false,"is_daily":false,"chose_seed":false,"campfire_upgraded":1,"win_rate":0,"timestamp":1548912116,"path_taken":["M","M","?","?","M","E","R","E","T","?","M","R","M","M"],"build_version":"2019-01-23","purchased_purges":0,"victory":false,"max_hp_per_floor":[75,75,75,75,75,75,75,75,75,75,75,75,75,75],"card_choices":[{"not_picked":["Thunderclap","Iron Wave"],"picked":"Rupture","floor":1},{"not_picked":["Seeing Red","Warcry"],"picked":"Pommel Strike","floor":2},{"not_picked":["Wild Strike","Armaments"],"picked":"Reckless Charge","floor":3},{"not_picked":["Flex","Sentinel"],"picked":"Clothesline","floor":5},{"not_picked":["Iron Wave","Power Through"],"picked":"Reckless Charge","floor":6},{"not_picked":["Heavy Blade","Clothesline"],"picked":"Hemokinesis","floor":8},{"not_picked":["Sword Boomerang","Heavy Blade"],"picked":"Reaper","floor":11},{"not_picked":["Pommel Strike","Perfected Strike"],"picked":"Seeing Red+1","floor":13}],"player_experience":507402,"relics_obtained":[{"floor":6,"key":"Toxic Egg 2"},{"floor":8,"key":"Bird Faced Urn"},{"floor":9,"key":"Torii"}],"event_choices":[{"damage_healed":0,"gold_gain":0,"player_choice":"Box","damage_taken":0,"relics_obtained":["Charon\u0027s Ashes"],"max_hp_gain":0,"max_hp_loss":0,"event_name":"Big Fish","floor":4,"gold_loss":0,"cards_obtained":["Regret"]},{"damage_healed":0,"gold_gain":0,"player_choice":"Searched \u00271\u0027 times","damage_taken":0,"relics_obtained":["Ice Cream"],"max_hp_gain":0,"max_hp_loss":0,"event_name":"Dead Adventurer","floor":10,"gold_loss":0}],"is_beta":false,"boss_relics":[],"items_purged_floors":[],"is_endless":false,"potions_floor_spawned":[2,3,8,11],"killed_by":"Exordium Thugs","ascension_level":16}