{"gold_per_floor":[111,111,126,141,161,161,161,161,186,221,221,235,235,249,249,345,395,412,124,39,39,50,50,12,37,37,37,48,79,79,79,79,79],"floor_reached":33,"playtime":1127,"items_purged":["Strike_G"],"score":453,"play_id":"e323bbb4-b215-4ca6-bdec-4939c1086568","local_time":"20181107232647","is_ascension_mode":true,"campfire_choices":[{"data":"Footwork","floor":6,"key":"SMITH"},{"data":"Envenom","floor":8,"key":"SMITH"},{"data":"Neutralize","floor":11,"key":"SMITH"},{"data":"Dagger Spray","floor":13,"key":"SMITH"},{"floor":15,"key":"REST"},{"data":"A Thousand Cuts","floor":23,"key":"SMITH"},{"floor":27,"key":"REST"},{"floor":30,"key":"REST"},{"floor":32,"key":"REST"}],"neow_cost":"NONE","seed_source_timestamp":293808092659911,"circlet_count":0,"master_deck":["AscendersBane","Defend_G+1","Defend_G","Defend_G","Defend_G","Strike_G","Strike_G","Survivor","Neutralize+1","Slice","All Out Attack","Footwork+1","Dagger Throw","Envenom+1","Dagger Spray+1","Terror","A Thousand Cuts+1","Bane","Cloak And Dagger","Dodge and Roll","Blur","Footwork","Riddle With Holes","Deadly Poison"],"relics":["Ring of the Snake","NeowsBlessing","Omamori","Smiling Mask","Tiny House","Letter Opener","Anchor","Paper Crane","Ancient Tea Set","Pen Nib"],"potions_floor_usage":[10,16,18,18,18,25,29,29,33],"damage_taken":[{"damage":0,"enemies":"Cultist","floor":1,"turns":1},{"damage":0,"enemies":"2 Louse","floor":3,"turns":1},{"damage":0,"enemies":"Small Slimes","floor":4,"turns":1},{"damage":2,"enemies":"Blue Slaver","floor":5,"turns":7},{"damage":22,"enemies":"3 Sentries","floor":10,"turns":7},{"damage":8,"enemies":"Large Slime","floor":12,"turns":7},{"damage":10,"enemies":"Gremlin Gang","floor":14,"turns":3},{"damage":19,"enemies":"Slime Boss","floor":16,"turns":9},{"damage":8,"enemies":"2 Thieves","floor":18,"turns":4},{"damage":15,"enemies":"Chosen","floor":22,"turns":5},{"damage":17,"enemies":"Book of Stabbing","floor":25,"turns":8},{"damage":17,"enemies":"Snake Plant","floor":28,"turns":6},{"damage":10,"enemies":"Gremlin Leader","floor":29,"turns":6},{"damage":63,"enemies":"Automaton","floor":33,"turns":10}],"seed_played":"2940751347494975941","potions_obtained":[{"floor":3,"key":"LiquidBronze"},{"floor":10,"key":"PowerPotion"},{"floor":14,"key":"Explosive Potion"},{"floor":17,"key":"EntropicBrew"},{"floor":22,"key":"PowerPotion"},{"floor":25,"key":"Strength Potion"},{"floor":29,"key":"FearPotion"}],"is_trial":false,"path_per_floor":["M","?","M","M","M","R","?","R","T","E","R","M","R","M","R","B",null,"M","$","?","?","M","R","$","E","T","R","M","E","R","?","R","B"],"character_chosen":"THE_SILENT","items_purchased":["Letter Opener","Footwork"],"campfire_rested":4,"item_purchase_floors":[19,24],"current_hp_per_floor":[63,63,63,63,61,61,61,61,61,39,39,31,31,21,42,23,63,55,55,55,55,40,40,40,23,23,45,28,18,40,40,62,0],"gold":79,"neow_bonus":"THREE_ENEMY_KILL","is_prod":false,"is_daily":false,"chose_seed":false,"campfire_upgraded":5,"win_rate":0,"timestamp":1541629607,"path_taken":["M","?","M","?","M","R","?","R","T","E","R","M","R","?","R","BOSS","M","?","?","?","M","R","$","E","T","R","M","E","R","?","R","BOSS"],"build_version":"2018-11-01","purchased_purges":1,"victory":false,"max_hp_per_floor":[70,70,70,70,70,70,70,70,70,70,70,70,70,70,70,70,75,75,75,75,75,75,75,75,75,75,75,75,75,75,75,75,75],"card_choices":[{"not_picked":["Deflect","Concentrate"],"picked":"Slice","floor":1},{"not_picked":["Flying Knee","Cloak And Dagger"],"picked":"Footwork","floor":3},{"not_picked":["Acrobatics","Bane"],"picked":"Dagger Throw","floor":4},{"not_picked":["Slice","Eviscerate","Prepared"],"picked":"SKIP","floor":5},{"not_picked":["Prepared","Deflect"],"picked":"Dagger Spray","floor":10},{"not_picked":["Prepared","Heel Hook","Deflect"],"picked":"SKIP","floor":12},{"not_picked":["Eviscerate","Concentrate"],"picked":"Terror","floor":14},{"not_picked":["Bullet Time","Night Terror"],"picked":"A Thousand Cuts","floor":16},{"not_picked":["Reflex","Deflect"],"picked":"Bane","floor":17},{"not_picked":["Quick Slash","Dagger Spray"],"picked":"Cloak And Dagger","floor":18},{"not_picked":["Dagger Spray","Outmaneuver","Prepared+1"],"picked":"SKIP","floor":22},{"not_picked":["Slice+1","Flying Knee","Deadly Poison"],"picked":"SKIP","floor":25},{"not_picked":["Endless Agony","Die Die Die"],"picked":"Riddle With Holes","floor":28},{"not_picked":["Distraction","Bouncing Flask"],"picked":"Deadly Poison","floor":29}],"player_experience":640743,"relics_obtained":[{"floor":9,"key":"Omamori"},{"floor":10,"key":"Smiling Mask"},{"floor":25,"key":"Paper Crane"},{"floor":26,"key":"Ancient Tea Set"},{"floor":29,"key":"Pen Nib"}],"event_choices":[{"damage_healed":0,"gold_gain":0,"cards_transformed":["Strike_G"],"player_choice":"Transformed","damage_taken":0,"max_hp_gain":0,"max_hp_loss":0,"event_name":"Transmorgrifier","floor":2,"gold_loss":0,"cards_obtained":["All Out Attack"]},{"damage_healed":0,"gold_gain":0,"player_choice":"1 cards matched","damage_taken":0,"max_hp_gain":0,"max_hp_loss":0,"event_name":"Match and Keep!","floor":7,"gold_loss":0,"cards_obtained":["Envenom"]},{"damage_healed":0,"gold_gain":0,"player_choice":"Obtained Relic","damage_taken":0,"relics_obtained":["Anchor"],"max_hp_gain":0,"max_hp_loss":0,"event_name":"Addict","floor":20,"gold_loss":85},{"damage_healed":0,"gold_gain":0,"cards_transformed":["Strike_G","Defend_G"],"player_choice":"Became Test Subject","damage_taken":0,"max_hp_gain":0,"max_hp_loss":0,"event_name":"Drug Dealer","floor":21,"gold_loss":0,"cards_obtained":["Dodge and Roll","Blur"]},{"damage_healed":0,"gold_gain":0,"player_choice":"Smashed Altar","damage_taken":0,"max_hp_gain":0,"max_hp_loss":0,"event_name":"Forgotten Altar","floor":31,"gold_loss":0,"cards_obtained":["Decay"]}],"is_beta":false,"boss_relics":[{"not_picked":["Lizard Tail","Busted Crown"],"picked":"Tiny House"}],"items_purged_floors":[19],"is_endless":false,"potions_floor_spawned":[3,10,14,22,25,29],"killed_by":"Automaton","ascension_level":12}