{"gold_per_floor":[111,122,138,152,169,169,188,220,288,299,299,299,299,316,316,419,419,419,419,419,359,359,359,359,359,359,359,359,359,359,359,359,359,359,359,359,76,76,76,76,76,76,76,76,76,76,76,76,76,76],"floor_reached":51,"playtime":3821,"items_purged":["Strike_R"],"score":775,"play_id":"a6770074-9c8e-4570-b3ee-aa6b71172b5c","local_time":"20190207133038","is_ascension_mode":true,"campfire_choices":[{"data":"Armaments","floor":6.0,"key":"SMITH"},{"data":"Entrench","floor":12.0,"key":"SMITH"},{"data":"Shrug It Off","floor":15.0,"key":"SMITH"},{"floor":27.0,"key":"REST"},{"data":"Limit Break","floor":30.0,"key":"SMITH"},{"data":"Barricade","floor":32.0,"key":"SMITH"},{"data":"Armaments","floor":40.0,"key":"SMITH"},{"floor":41.0,"key":"REST"},{"floor":47,"key":"REST"},{"floor":49,"key":"REST"}],"neow_cost":"NONE","seed_source_timestamp":0,"circlet_count":0,"master_deck":["Strike_R","Strike_R","Strike_R","Defend_R","Defend_R","Defend_R","Defend_R","Bash","Shrug It Off+1","Seeing Red","Iron Wave","Iron Wave","Armaments+1","Clothesline","Barricade+1","Entrench+1","Limit Break+1","Flame Barrier","Inflame+1","Spot Weakness","Double Tap","Body Slam","Shockwave+1","Berserk+1","Demon Form+1","Shrug It Off+1","Spot Weakness","Limit Break","Armaments+1","Flex+1"],"special_seed":0,"relics":["Burning Blood","Strawberry","Ornamental Fan","Bottled Lightning","Ectoplasm","Ice Cream","Frozen Egg 2","Smiling Mask","Shuriken","WingedGreaves","Velvet Choker","Pocketwatch","Self Forming Clay","Ancient Tea Set","Happy Flower"],"potions_floor_usage":[46,48,50,50],"damage_taken":[{"damage":4.0,"enemies":"2 Louse","floor":1.0,"turns":3.0},{"damage":5.0,"enemies":"Small Slimes","floor":2.0,"turns":4.0},{"damage":6.0,"enemies":"Cultist","floor":3.0,"turns":3.0},{"damage":2.0,"enemies":"2 Fungi Beasts","floor":4.0,"turns":4.0},{"damage":4.0,"enemies":"Blue Slaver","floor":5.0,"turns":4.0},{"damage":1.0,"enemies":"Lots of Slimes","floor":7.0,"turns":6.0},{"damage":24.0,"enemies":"3 Sentries","floor":8.0,"turns":10.0},{"damage":3.0,"enemies":"Exordium Wildlife","floor":10.0,"turns":3.0},{"damage":14.0,"enemies":"Exordium Thugs","floor":14.0,"turns":5.0},{"damage":21.0,"enemies":"Slime Boss","floor":16.0,"turns":9.0},{"damage":21.0,"enemies":"Spheric Guardian","floor":18.0,"turns":6.0},{"damage":27.0,"enemies":"Colosseum Slavers","floor":19.0,"turns":8.0},{"damage":0.0,"enemies":"Colosseum Nobs","floor":19.0,"turns":8.0},{"damage":3.0,"enemies":"2 Thieves","floor":21.0,"turns":4.0},{"damage":21.0,"enemies":"3 Cultists","floor":22.0,"turns":7.0},{"damage":9.0,"enemies":"Centurion and Healer","floor":24.0,"turns":6.0},{"damage":12.0,"enemies":"Snake Plant","floor":25.0,"turns":4.0},{"damage":3.0,"enemies":"Cultist and Chosen","floor":28.0,"turns":7.0},{"damage":7.0,"enemies":"Book of Stabbing","floor":31.0,"turns":6.0},{"damage":19.0,"enemies":"Automaton","floor":33.0,"turns":10.0},{"damage":33.0,"enemies":"Orb Walker","floor":35.0,"turns":5.0},{"damage":15.0,"enemies":"3 Darklings","floor":38.0,"turns":5.0},{"damage":13.0,"enemies":"4 Shapes","floor":39.0,"turns":6.0},{"damage":28.0,"enemies":"Nemesis","floor":42.0,"turns":7.0},{"damage":9.0,"enemies":"Giant Head","floor":44.0,"turns":7.0},{"damage":0.0,"enemies":"Writhing Mass","floor":45.0,"turns":4.0},{"damage":22,"enemies":"Nemesis","floor":46,"turns":9},{"damage":5,"enemies":"3 Darklings","floor":48,"turns":7},{"damage":29,"enemies":"Awakened One","floor":50,"turns":9}],"seed_played":"-5792314043143465470","potions_obtained":[{"floor":2.0,"key":"Energy Potion"},{"floor":7.0,"key":"Strength Potion"},{"floor":8.0,"key":"PowerPotion"},{"floor":18.0,"key":"EssenceOfSteel"},{"floor":22.0,"key":"Fire Potion"},{"floor":25.0,"key":"SkillPotion"},{"floor":29.0,"key":"Energy Potion"},{"floor":29.0,"key":"GamblersBrew"},{"floor":33.0,"key":"LiquidBronze"},{"floor":38.0,"key":"Poison Potion"},{"floor":44.0,"key":"GamblersBrew"},{"floor":45.0,"key":"Strength Potion"},{"floor":46,"key":"Block Potion"}],"is_trial":false,"path_per_floor":["M","M","M","M","M","R","M","E","T","M","?","R","?","M","R","B",null,"M","?","?","M","M","T","M","M","T","R","M","?","R","E","R","B",null,"M","?","$","M","M","R","R","E","T","E","M","E","R","M","R","B",null],"character_chosen":"IRONCLAD","items_purchased":["Spot Weakness","Limit Break"],"campfire_rested":4,"item_purchase_floors":[37,37],"current_hp_per_floor":[87,87,87,87,87,87,87,69,69,72,72,72,72,64,64,49,87,72,57,40,43,28,28,25,19,19,46,49,49,49,48,48,35,92,65,65,65,56,49,49,76,54,54,51,57,41,68,69,92,69],"gold":76,"neow_bonus":"RANDOM_COMMON_RELIC","is_prod":false,"is_daily":false,"chose_seed":false,"campfire_upgraded":6,"win_rate":1,"timestamp":1549542638,"path_taken":["M","M","M","M","M","R","M","E","T","M","?","R","?","M","R","BOSS","M","?","?","M","M","?","M","M","T","R","?","?","R","E","R","BOSS","M","?","?","M","?","R","R","E","T","E","?","E","R","M","R","BOSS"],"build_version":"2019-02-06","purchased_purges":1,"victory":true,"max_hp_per_floor":[87,87,87,87,87,87,87,87,87,87,87,87,87,87,87,87,87,87,87,92,92,92,92,92,92,92,92,92,92,92,92,92,92,92,92,92,92,92,92,92,92,92,92,92,92,92,92,92,92,92],"card_choices":[{"not_picked":["Headbutt","Disarm"],"picked":"Shrug It Off","floor":1.0},{"not_picked":["Searing Blow","Flex"],"picked":"Seeing Red","floor":2.0},{"not_picked":["Pummel","Flex"],"picked":"Iron Wave","floor":3.0},{"not_picked":["Dropkick","Perfected Strike"],"picked":"Iron Wave","floor":4.0},{"not_picked":["Entrench","Cleave"],"picked":"Armaments","floor":5.0},{"not_picked":["Clash","Corruption"],"picked":"Clothesline","floor":7.0},{"not_picked":["Intimidate","Hemokinesis"],"picked":"Barricade","floor":8.0},{"not_picked":["Dual Wield","Twin Strike"],"picked":"Entrench","floor":10.0},{"not_picked":["Thunderclap","Clash","Sword Boomerang"],"picked":"SKIP","floor":14.0},{"not_picked":["Brutality","Offering"],"picked":"Limit Break","floor":16.0},{"not_picked":["Cleave","Battle Trance+1"],"picked":"Flame Barrier","floor":18.0},{"not_picked":["Flex","Thunderclap"],"picked":"Inflame+1","floor":19.0},{"not_picked":["Thunderclap+1","Warcry","Heavy Blade"],"picked":"SKIP","floor":21.0},{"not_picked":["Sword Boomerang","Dropkick"],"picked":"Spot Weakness","floor":22.0},{"not_picked":["True Grit","Disarm+1"],"picked":"Double Tap","floor":24.0},{"not_picked":["Anger","Clothesline+1"],"picked":"Body Slam","floor":25.0},{"not_picked":["Iron Wave+1","Thunderclap+1"],"picked":"Shockwave+1","floor":28.0},{"not_picked":["True Grit+1","Uppercut"],"picked":"Berserk+1","floor":31.0},{"not_picked":["Juggernaut+1","Reaper"],"picked":"Demon Form+1","floor":33.0},{"not_picked":["Rage+1","Clash+1"],"picked":"Shrug It Off+1","floor":35.0},{"not_picked":["Sword Boomerang+1","Seeing Red"],"picked":"Armaments","floor":38.0},{"not_picked":["Second Wind","Dual Wield+1","Burning Pact+1"],"picked":"SKIP","floor":39.0},{"not_picked":["Shrug It Off+1","Iron Wave"],"picked":"Flex+1","floor":42.0},{"not_picked":["Corruption+1","Cleave","Juggernaut+1"],"picked":"SKIP","floor":44.0},{"not_picked":["Clash","Bloodletting+1","Infernal Blade"],"picked":"SKIP","floor":45.0},{"not_picked":["Dropkick+1","Body Slam","Inflame+1"],"picked":"SKIP","floor":46},{"not_picked":["Warcry","Anger","Body Slam+1"],"picked":"SKIP","floor":48}],"player_experience":11679,"relics_obtained":[{"floor":8.0,"key":"Ornamental Fan"},{"floor":9.0,"key":"Bottled Lightning"},{"floor":19.0,"key":"Ice Cream"},{"floor":19.0,"key":"Frozen Egg 2"},{"floor":23.0,"key":"Smiling Mask"},{"floor":26.0,"key":"Shuriken"},{"floor":31.0,"key":"WingedGreaves"},{"floor":42.0,"key":"Pocketwatch"},{"floor":43.0,"key":"Self Forming Clay"},{"floor":44.0,"key":"Ancient Tea Set"},{"floor":46,"key":"Happy Flower"}],"event_choices":[{"damage_healed":0.0,"max_hp_gain":0.0,"max_hp_loss":0.0,"gold_gain":0.0,"event_name":"Liars Game","player_choice":"Ignored","floor":11.0,"gold_loss":0.0,"damage_taken":0.0},{"cards_removed":["Strike_R"],"damage_healed":0.0,"max_hp_gain":0.0,"max_hp_loss":0.0,"gold_gain":0.0,"event_name":"Bonfire Elementals","player_choice":"Offered Basic","floor":13.0,"gold_loss":0.0,"damage_taken":0.0},{"damage_healed":0.0,"max_hp_gain":0.0,"max_hp_loss":0.0,"gold_gain":0.0,"event_name":"Colosseum","player_choice":"Fight","floor":19.0,"gold_loss":0.0,"damage_taken":0.0},{"damage_healed":0.0,"max_hp_gain":0.0,"max_hp_loss":0.0,"gold_gain":0.0,"event_name":"Colosseum","player_choice":"Fought Nobs","floor":19.0,"gold_loss":0.0,"damage_taken":0.0},{"damage_healed":0.0,"max_hp_gain":5.0,"max_hp_loss":0.0,"gold_gain":0.0,"event_name":"Forgotten Altar","player_choice":"Shed Blood","floor":20.0,"gold_loss":0.0,"damage_taken":22.0},{"damage_healed":0.0,"max_hp_gain":0.0,"max_hp_loss":0.0,"gold_gain":0.0,"event_name":"Lab","player_choice":"Got Potions","floor":29.0,"gold_loss":0.0,"damage_taken":0.0},{"damage_healed":0.0,"max_hp_gain":0.0,"max_hp_loss":0.0,"gold_gain":0.0,"event_name":"SecretPortal","player_choice":"Ignored","floor":36.0,"gold_loss":0.0,"damage_taken":0.0}],"is_beta":true,"boss_relics":[{"not_picked":["Tiny House","Calling Bell"],"picked":"Ectoplasm"},{"not_picked":["Snecko Eye","Fusion Hammer"],"picked":"Velvet Choker"}],"items_purged_floors":[37],"is_endless":false,"potions_floor_spawned":[2,7,8,10,18,22,25,33,38,44,45,46],"ascension_level":1}