{"gold_per_floor":[14,14,32,49,49,49,25,25,48,48,69,113,10,30,30,30],"floor_reached":16,"playtime":454,"items_purged":["Strike_B"],"score":180,"play_id":"c0581fc4-0daf-46c8-9b1a-7111262b7323","local_time":"20181104172622","is_ascension_mode":true,"campfire_choices":[{"data":"Dualcast","floor":6,"key":"SMITH"},{"data":"Zap","floor":8,"key":"SMITH"},{"data":"Go for the Eyes","floor":10,"key":"SMITH"},{"data":"Steam","floor":15,"key":"SMITH"}],"neow_cost":"NO_GOLD","seed_source_timestamp":13648302253957,"circlet_count":0,"master_deck":["AscendersBane","Strike_B+1","Defend_B","Defend_B","Defend_B","Zap+1","Dualcast+1","Go for the Eyes+1","Ball Lightning+1","Rebound","Gash","Steam+1"],"relics":["Cracked Core","Golden Idol","Whetstone","PreservedInsect"],"potions_floor_usage":[16,16],"damage_taken":[{"damage":1,"enemies":"2 Louse","floor":1,"turns":3},{"damage":1,"enemies":"Cultist","floor":3,"turns":3},{"damage":4,"enemies":"Jaw Worm","floor":4,"turns":3},{"damage":1,"enemies":"Exordium Thugs","floor":11,"turns":3},{"damage":22,"enemies":"Gremlin Nob","floor":12,"turns":4},{"damage":0,"enemies":"3 Louse","floor":14,"turns":2},{"damage":40,"enemies":"Slime Boss","floor":16,"turns":6}],"seed_played":"-5139243920797205825","potions_obtained":[{"floor":11,"key":"LiquidBronze"},{"floor":14,"key":"Explosive Potion"}],"is_trial":false,"path_per_floor":["M","?","M","M","?","R","$","R","T","R","M","E","$","M","R","B"],"character_chosen":"DEFECT","items_purchased":["Rebound","Gash"],"campfire_rested":0,"item_purchase_floors":[7,13],"current_hp_per_floor":[63,63,62,58,58,58,58,58,58,58,57,35,35,35,35,0],"gold":30,"neow_bonus":"REMOVE_TWO","is_prod":false,"is_daily":false,"chose_seed":false,"campfire_upgraded":4,"win_rate":0,"timestamp":1541348782,"path_taken":["M","?","M","?","?","R","$","R","T","R","M","E","?","M","R","BOSS"],"build_version":"2018-11-01","purchased_purges":1,"victory":false,"max_hp_per_floor":[71,71,71,71,64,64,64,64,64,64,64,64,64,64,64,64],"card_choices":[{"not_picked":["Coolheaded","Loop"],"picked":"Go for the Eyes","floor":1},{"not_picked":["Consume","Go for the Eyes","Compile Driver"],"picked":"SKIP","floor":3},{"not_picked":["Loop","Darkness"],"picked":"Ball Lightning","floor":4},{"not_picked":["Reprogram","Cold Snap","Stack"],"picked":"SKIP","floor":11},{"not_picked":["Blizzard","Streamline","Chaos"],"picked":"SKIP","floor":12},{"not_picked":["Hologram","Redo"],"picked":"Steam","floor":14}],"player_experience":637377,"relics_obtained":[{"floor":9,"key":"Whetstone"},{"floor":12,"key":"PreservedInsect"}],"event_choices":[{"cards_removed":["Strike_B"],"damage_healed":0,"gold_gain":0,"player_choice":"Offered Basic","damage_taken":0,"max_hp_gain":0,"max_hp_loss":0,"event_name":"Bonfire Elementals","floor":2,"gold_loss":0},{"damage_healed":0,"gold_gain":0,"player_choice":"Lose Max HP","damage_taken":0,"relics_obtained":["Golden Idol"],"max_hp_gain":0,"max_hp_loss":7,"event_name":"Golden Idol","floor":5,"gold_loss":0}],"is_beta":false,"boss_relics":[],"items_purged_floors":[13],"is_endless":false,"potions_floor_spawned":[11,14],"killed_by":"Slime Boss","ascension_level":16}