{"gold_per_floor":[112,125,125,137,137,137,168,168,198,238,8,8,29,42,42,132,132,150,175,196,196,214,214,239,239,239,239,257,53,53],"floor_reached":30,"playtime":2910,"items_purged":["Strike_R","Defend_R"],"score":448,"play_id":"a79bca80-8480-474d-8fa0-3fd037bc758f","local_time":"20181031150009","is_ascension_mode":true,"campfire_choices":[{"data":"Bash","floor":6,"key":"SMITH"},{"data":"Intimidate","floor":8,"key":"SMITH"},{"data":"Demon Form","floor":12,"key":"SMITH"},{"data":"Battle Trance","floor":15,"key":"SMITH"},{"floor":23,"key":"REST"},{"floor":25,"key":"REST"}],"neow_cost":"NONE","seed_source_timestamp":352458934652041,"circlet_count":0,"master_deck":["Strike_R","Strike_R","Defend_R","Defend_R","Defend_R","Bash+1","AscendersBane","Battle Trance+1","Twin Strike","Violence","Ghostly Armor","Intimidate+1","Demon Form+1","Offering+1","Armaments+1","Disarm+1","Limit Break+1","Shrug It Off+1","Shrug It Off+1","Flame Barrier+1","Metallicize","Thunderclap"],"relics":["Burning Blood","Golden Idol","Paper Frog","Tiny Chest","Toxic Egg 2","Empty Cage","Pantograph"],"potions_floor_usage":[7,13,27,30,30],"damage_taken":[{"damage":8,"enemies":"Cultist","floor":1,"turns":5},{"damage":2,"enemies":"Jaw Worm","floor":2,"turns":3},{"damage":2,"enemies":"2 Louse","floor":4,"turns":4},{"damage":20,"enemies":"3 Sentries","floor":7,"turns":9},{"damage":33,"enemies":"Gremlin Nob","floor":10,"turns":4},{"damage":1,"enemies":"Blue Slaver","floor":13,"turns":4},{"damage":6,"enemies":"Large Slime","floor":14,"turns":5},{"damage":21,"enemies":"The Guardian","floor":16,"turns":8},{"damage":9,"enemies":"2 Thieves","floor":18,"turns":4},{"damage":8,"enemies":"Shell Parasite","floor":19,"turns":5},{"damage":16,"enemies":"Shelled Parasite and Fungi","floor":20,"turns":7},{"damage":35,"enemies":"Centurion and Healer","floor":22,"turns":12},{"damage":7,"enemies":"Snecko","floor":24,"turns":4},{"damage":28,"enemies":"Colosseum Slavers","floor":27,"turns":12},{"damage":25,"enemies":"Shelled Parasite and Fungi","floor":28,"turns":7},{"damage":9,"enemies":"Slavers","floor":30,"turns":1}],"seed_played":"8848680948673219228","potions_obtained":[{"floor":1,"key":"Dexterity Potion"},{"floor":2,"key":"AttackPotion"},{"floor":7,"key":"Fire Potion"},{"floor":13,"key":"LiquidBronze"},{"floor":22,"key":"Block Potion"},{"floor":28,"key":"Dexterity Potion"}],"is_trial":false,"path_per_floor":["M","M","?","M","?","R","E","R","T","E","$","R","M","M","R","B",null,"M","M","M","?","M","R","M","R","T","?","M","$"],"character_chosen":"IRONCLAD","items_purchased":["Offering+1","Metallicize","Thunderclap"],"campfire_rested":2,"item_purchase_floors":[11,29,29],"current_hp_per_floor":[66,70,70,74,68,68,54,54,54,27,27,27,32,32,32,17,55,52,50,40,40,11,31,30,50,50,28,9,9,0],"gold":53,"neow_bonus":"RANDOM_COLORLESS","is_prod":false,"is_daily":false,"chose_seed":false,"campfire_upgraded":4,"win_rate":0,"timestamp":1540994409,"path_taken":["M","?","?","M","?","R","E","R","T","E","$","R","?","M","R","BOSS","M","?","M","?","M","R","M","R","T","?","M","$","E"],"build_version":"2018-10-25v2","purchased_purges":2,"victory":false,"max_hp_per_floor":[75,75,75,75,68,68,68,68,68,68,68,68,68,68,68,68,68,68,68,68,68,68,68,68,68,68,68,68,68,68],"card_choices":[{"not_picked":["Power Through","Havoc"],"picked":"Battle Trance","floor":1},{"not_picked":["Sever Soul","Warcry"],"picked":"Twin Strike","floor":2},{"not_picked":["Pommel Strike","Headbutt"],"picked":"Ghostly Armor","floor":4},{"not_picked":["Clash","Searing Blow"],"picked":"Intimidate","floor":7},{"not_picked":["Bloodletting","Seeing Red"],"picked":"Demon Form","floor":10},{"not_picked":["Sentinel+1","True Grit+1"],"picked":"Armaments+1","floor":13},{"not_picked":["Clothesline","Anger"],"picked":"Disarm+1","floor":14},{"not_picked":["Fiend Fire","Berserk"],"picked":"Limit Break+1","floor":16},{"not_picked":["Thunderclap+1","Burning Pact+1","Dual Wield+1"],"picked":"SKIP","floor":18},{"not_picked":["Thunderclap","Clothesline"],"picked":"Shrug It Off+1","floor":19},{"not_picked":["Anger","Bloodletting+1","Flex+1"],"picked":"SKIP","floor":20},{"not_picked":["Rupture","Clothesline+1","Dual Wield+1"],"picked":"SKIP","floor":22},{"not_picked":["Sentinel+1","Juggernaut","Feel No Pain"],"picked":"SKIP","floor":24},{"not_picked":["Wild Strike","Havoc+1"],"picked":"Flame Barrier+1","floor":28}],"player_experience":610106,"relics_obtained":[{"floor":7,"key":"Paper Frog"},{"floor":9,"key":"Tiny Chest"},{"floor":10,"key":"Toxic Egg 2"},{"floor":26,"key":"Pantograph"}],"event_choices":[{"damage_healed":0,"gold_gain":0,"cards_transformed":["Forethought"],"player_choice":"Transformed","damage_taken":0,"max_hp_gain":0,"max_hp_loss":0,"event_name":"Transmorgrifier","floor":3,"gold_loss":0,"cards_obtained":["Violence"]},{"damage_healed":0,"gold_gain":0,"player_choice":"Lose Max HP","damage_taken":0,"relics_obtained":["Golden Idol"],"max_hp_gain":0,"max_hp_loss":7,"event_name":"Golden Idol","floor":5,"gold_loss":0},{"damage_healed":0,"gold_gain":0,"player_choice":"Read","damage_taken":0,"max_hp_gain":0,"max_hp_loss":0,"event_name":"The Library","floor":21,"gold_loss":0,"cards_obtained":["Shrug It Off"]},{"damage_healed":0,"gold_gain":0,"player_choice":"Fight","damage_taken":0,"max_hp_gain":0,"max_hp_loss":0,"event_name":"Colosseum","floor":27,"gold_loss":0},{"damage_healed":0,"gold_gain":0,"player_choice":"Fled From Nobs","damage_taken":0,"max_hp_gain":0,"max_hp_loss":0,"event_name":"Colosseum","floor":27,"gold_loss":0}],"is_beta":false,"boss_relics":[{"not_picked":["Runic Cube","Astrolabe"],"picked":"Empty Cage"}],"items_purged_floors":[11,29],"is_endless":false,"potions_floor_spawned":[1,2,7,13,14,19,22,24,28],"killed_by":"Slavers","ascension_level":17}