{"gold_per_floor":[109,129,129,129,146,146,175,187,211,226,245,256,256,283,283,356,356,369,14,14,14,30,95,95,127,127,44,44,59,89,108,108,187,187,200,215,215,233,233,233,6,6,33,33,60,60,70,80,80,80],"floor_reached":50,"playtime":2568,"items_purged":[],"score":1131,"play_id":"60b337a6-fb8c-44e8-a5ec-428c8f218991","local_time":"20190128170513","is_ascension_mode":true,"campfire_choices":[{"data":"Skewer","floor":6.0,"key":"SMITH"},{"data":"Blade Dance","floor":13.0,"key":"SMITH"},{"data":"Leg Sweep","floor":15.0,"key":"SMITH"},{"data":"A Thousand Cuts","floor":24.0,"key":"SMITH"},{"floor":32.0,"key":"REST"},{"floor":40.0,"key":"REST"},{"data":"After Image","floor":44.0,"key":"SMITH"},{"floor":46.0,"key":"REST"},{"floor":49.0,"key":"REST"}],"neow_cost":"TEN_PERCENT_HP_LOSS","seed_source_timestamp":0,"circlet_count":0,"master_deck":["AscendersBane","Defend_G","Defend_G","Defend_G","Defend_G","Defend_G","Strike_G","Strike_G","Strike_G","Strike_G","Strike_G","Survivor","Neutralize","Die Die Die","Skewer+1","Dagger Spray","Blade Dance+1","Leg Sweep+1","Endless Agony","Die Die Die","A Thousand Cuts+1","Infinite Blades","Cloak And Dagger+1","Choke","Backflip+1","Malaise+1","PiercingWail+1","Escape Plan+1","Escape Plan+1","Dodge and Roll+1","After Image+1","Blade Dance+1","Acrobatics+1","Prepared+1","Backflip+1","Crippling Poison+1"],"special_seed":0,"relics":["Ring of the Serpent","Ornamental Fan","Meat on the Bone","Bronze Scales","Ninja Scroll","Philosopher\u0027s Stone","Toxic Egg 2","Tiny Chest","Lantern","Matryoshka","Ice Cream","Anchor","Smiling Mask","Pen Nib","FossilizedHelix"],"potions_floor_usage":[50,50],"damage_taken":[{"damage":1.0,"enemies":"Cultist","floor":1.0,"turns":4.0},{"damage":7.0,"enemies":"Jaw Worm","floor":2.0,"turns":6.0},{"damage":0.0,"enemies":"Small Slimes","floor":5.0,"turns":2.0},{"damage":31.0,"enemies":"Lagavulin","floor":7.0,"turns":5.0},{"damage":0.0,"enemies":"Blue Slaver","floor":8.0,"turns":4.0},{"damage":1.0,"enemies":"Looter","floor":10.0,"turns":3.0},{"damage":8.0,"enemies":"Exordium Wildlife","floor":11.0,"turns":4.0},{"damage":5.0,"enemies":"Exordium Thugs","floor":12.0,"turns":4.0},{"damage":20.0,"enemies":"Gremlin Nob","floor":14.0,"turns":4.0},{"damage":30.0,"enemies":"Hexaghost","floor":16.0,"turns":11.0},{"damage":4.0,"enemies":"Shell Parasite","floor":18.0,"turns":4.0},{"damage":6.0,"enemies":"2 Thieves","floor":22.0,"turns":3.0},{"damage":1.0,"enemies":"Slavers","floor":23.0,"turns":5.0},{"damage":0.0,"enemies":"Book of Stabbing","floor":25.0,"turns":5.0},{"damage":18.0,"enemies":"Snecko","floor":29.0,"turns":4.0},{"damage":12.0,"enemies":"Slavers","floor":30.0,"turns":4.0},{"damage":0.0,"enemies":"Centurion and Healer","floor":31.0,"turns":3.0},{"damage":34.0,"enemies":"Collector","floor":33.0,"turns":10.0},{"damage":12.0,"enemies":"3 Darklings","floor":35.0,"turns":7.0},{"damage":5.0,"enemies":"Orb Walker","floor":36.0,"turns":3.0},{"damage":18.0,"enemies":"Jaw Worm Horde","floor":38.0,"turns":4.0},{"damage":12.0,"enemies":"Nemesis","floor":45.0,"turns":9.0},{"damage":13.0,"enemies":"Spire Growth","floor":47.0,"turns":6.0},{"damage":0.0,"enemies":"Transient","floor":48.0,"turns":6.0},{"damage":61,"enemies":"Donu and Deca","floor":50,"turns":8}],"seed_played":"-3519961310063821974","potions_obtained":[{"floor":2.0,"key":"SteroidPotion"},{"floor":10.0,"key":"Dexterity Potion"},{"floor":14.0,"key":"Explosive Potion"},{"floor":22.0,"key":"Block Potion"},{"floor":35.0,"key":"Swift Potion"},{"floor":38.0,"key":"Poison Potion"}],"is_trial":false,"path_per_floor":["M","M","T","?","M","R","E","M","T","M","M","M","R","E","R","B",null,"M","$","?","?","M","E","R","E","T","$","?","M","E","M","R","B",null,"M","M","?","M","$","R","$","?","T","R","E","R","M","M","R","B"],"character_chosen":"THE_SILENT","items_purchased":["Toxic Egg 2","Cloak And Dagger+1","Choke","GhostInAJar","Anchor","Acrobatics+1"],"campfire_rested":4,"item_purchase_floors":[19,19,19,27,41,41],"current_hp_per_floor":[58,51,51,51,51,51,20,32,32,31,35,42,42,34,34,16,49,45,45,45,45,39,38,38,38,38,38,38,32,32,32,50,28,52,40,35,35,29,29,47,47,47,47,47,35,53,40,40,58,0],"gold":80,"neow_bonus":"THREE_RARE_CARDS","is_prod":false,"is_daily":false,"chose_seed":false,"campfire_upgraded":5,"win_rate":0,"timestamp":1548691513,"path_taken":["M","M","?","?","M","R","E","M","T","?","M","M","R","E","R","BOSS","M","$","?","?","M","E","R","E","T","$","?","?","E","M","R","BOSS","M","M","?","M","$","R","$","?","T","R","E","R","?","M","R","BOSS"],"build_version":"2019-01-23","purchased_purges":0,"victory":false,"max_hp_per_floor":[60,60,60,60,60,60,60,60,60,60,60,60,60,60,60,60,60,60,60,60,60,60,60,60,60,60,60,60,60,60,60,60,60,60,60,60,60,60,60,60,60,60,60,60,60,60,60,60,60,60],"card_choices":[{"not_picked":["Night Terror","Unload"],"picked":"Die Die Die","floor":0.0},{"not_picked":["Outmaneuver","Flying Knee"],"picked":"Skewer","floor":1.0},{"not_picked":["Prepared","Finisher"],"picked":"Dagger Spray","floor":2.0},{"not_picked":["PiercingWail","Bane"],"picked":"Blade Dance","floor":5.0},{"not_picked":["Dash","Calculated Gamble"],"picked":"Leg Sweep","floor":7.0},{"not_picked":["Tactician","Riddle With Holes","Accuracy"],"picked":"SKIP","floor":8.0},{"not_picked":["Accuracy","Slice"],"picked":"Endless Agony","floor":10.0},{"not_picked":["Outmaneuver","Bane","Dagger Spray"],"picked":"SKIP","floor":11.0},{"not_picked":["Prepared","Distraction","All Out Attack"],"picked":"SKIP","floor":12.0},{"not_picked":["Skewer","Distraction"],"picked":"Die Die Die","floor":14.0},{"not_picked":["Unload","Corpse Explosion"],"picked":"A Thousand Cuts","floor":16.0},{"not_picked":["Accuracy","Underhanded Strike"],"picked":"Infinite Blades","floor":18.0},{"not_picked":["Setup+1","Masterful Stab"],"picked":"Backflip+1","floor":22.0},{"not_picked":["Quick Slash","Deadly Poison+1"],"picked":"Malaise+1","floor":23.0},{"not_picked":["Eviscerate","Calculated Gamble+1"],"picked":"PiercingWail+1","floor":25.0},{"not_picked":["Setup+1","Underhanded Strike+1"],"picked":"Escape Plan+1","floor":29.0},{"not_picked":["Distraction+1","Heel Hook"],"picked":"Escape Plan+1","floor":30.0},{"not_picked":["Predator","Masterful Stab"],"picked":"Dodge and Roll+1","floor":31.0},{"not_picked":["Venomology+1","Envenom"],"picked":"After Image","floor":33.0},{"not_picked":["Bane+1","Quick Slash","Noxious Fumes"],"picked":"SKIP","floor":35.0},{"not_picked":["Deadly Poison+1","Flying Knee","Dagger Throw+1"],"picked":"SKIP","floor":36.0},{"not_picked":["Flying Knee","Slice"],"picked":"Blade Dance+1","floor":38.0},{"not_picked":["Concentrate+1","Bane"],"picked":"Prepared+1","floor":45.0},{"not_picked":["PiercingWail+1","Flying Knee"],"picked":"Backflip+1","floor":47.0},{"not_picked":["PiercingWail+1","Sucker Punch"],"picked":"Crippling Poison+1","floor":48.0}],"player_experience":935835,"relics_obtained":[{"floor":3.0,"key":"Ornamental Fan"},{"floor":7.0,"key":"Meat on the Bone"},{"floor":9.0,"key":"Bronze Scales"},{"floor":14.0,"key":"Ninja Scroll"},{"floor":23.0,"key":"Tiny Chest"},{"floor":25.0,"key":"Lantern"},{"floor":26.0,"key":"Matryoshka"},{"floor":30.0,"key":"Ice Cream"},{"floor":43.0,"key":"Smiling Mask"},{"floor":43.0,"key":"Pen Nib"},{"floor":45.0,"key":"FossilizedHelix"}],"event_choices":[{"damage_healed":0.0,"max_hp_gain":0.0,"max_hp_loss":0.0,"gold_gain":0.0,"event_name":"FaceTrader","player_choice":"Leave","floor":4.0,"gold_loss":0.0,"damage_taken":0.0},{"damage_healed":0.0,"max_hp_gain":0.0,"max_hp_loss":0.0,"gold_gain":0.0,"event_name":"The Mausoleum","player_choice":"Ignored","floor":20.0,"gold_loss":0.0,"damage_taken":0.0},{"damage_healed":0.0,"max_hp_gain":0.0,"max_hp_loss":0.0,"gold_gain":0.0,"event_name":"Ghosts","player_choice":"Ignored","floor":21.0,"gold_loss":0.0,"damage_taken":0.0},{"damage_healed":0.0,"max_hp_gain":0.0,"max_hp_loss":0.0,"gold_gain":0.0,"event_name":"Cursed Tome","player_choice":"Ignored","floor":28.0,"gold_loss":0.0,"damage_taken":0.0},{"damage_healed":0.0,"max_hp_gain":0.0,"max_hp_loss":0.0,"gold_gain":0.0,"event_name":"Tomb of Lord Red Mask","player_choice":"Ignored","floor":37.0,"gold_loss":0.0,"damage_taken":0.0},{"damage_healed":0.0,"max_hp_gain":0.0,"max_hp_loss":0.0,"gold_gain":0.0,"event_name":"Mysterious Sphere","player_choice":"Ignored","floor":42.0,"gold_loss":0.0,"damage_taken":0.0}],"is_beta":false,"boss_relics":[{"not_picked":["Tiny House","Eternal Feather"],"picked":"Philosopher\u0027s Stone"},{"not_picked":["Astrolabe","Coffee Dripper"],"picked":"Ring of the Serpent"}],"items_purged_floors":[],"is_endless":false,"potions_floor_spawned":[2,10,14,22,23,31,35,38],"killed_by":"Donu and Deca","ascension_level":19}