{"gold_per_floor":[109,121,91,108,127,127,161,161,230,230,25,25,58,78,78,152,152,172,172],"floor_reached":19,"playtime":701,"items_purged":[],"score":354,"play_id":"8c5db077-d448-43e1-ae34-cbc259513d52","local_time":"20190209175417","is_ascension_mode":true,"campfire_choices":[{"data":"Envenom","floor":6.0,"key":"SMITH"},{"floor":8.0,"key":"REST"},{"data":"Blade Dance","floor":10.0,"key":"SMITH"},{"data":"Glass Knife","floor":12.0,"key":"SMITH"},{"floor":15.0,"key":"REST"}],"neow_cost":"NONE","seed_source_timestamp":872385950189934,"circlet_count":0,"master_deck":["AscendersBane","Defend_G","Defend_G","Defend_G","Defend_G","Defend_G","Strike_G","Strike_G","Strike_G","Survivor","Neutralize","Envenom+1","Deadly Poison","Die Die Die","Blade Dance+1","Dash","Dodge and Roll","Glass Knife+1","Deflect","A Thousand Cuts","Cloak And Dagger","Wraith Form v2","Dodge and Roll"],"special_seed":0,"relics":["Ring of the Snake","WingedGreaves","Ninja Scroll","Regal Pillow","Empty Cage"],"potions_floor_usage":[18],"damage_taken":[{"damage":9.0,"enemies":"Small Slimes","floor":1.0,"turns":6.0},{"damage":1.0,"enemies":"Cultist","floor":2.0,"turns":4.0},{"damage":4.0,"enemies":"Jaw Worm","floor":4.0,"turns":7.0},{"damage":8.0,"enemies":"Blue Slaver","floor":5.0,"turns":4.0},{"damage":20.0,"enemies":"3 Sentries","floor":7.0,"turns":5.0},{"damage":11.0,"enemies":"Lagavulin","floor":13.0,"turns":3.0},{"damage":0.0,"enemies":"Lots of Slimes","floor":14.0,"turns":1.0},{"damage":24.0,"enemies":"The Guardian","floor":16.0,"turns":12.0},{"damage":16,"enemies":"Shell Parasite","floor":18,"turns":8},{"damage":43,"enemies":"Chosen","floor":19,"turns":5}],"seed_played":"-3501795705879977590","potions_obtained":[{"floor":2.0,"key":"SneckoOil"},{"floor":3.0,"key":"SteroidPotion"},{"floor":3.0,"key":"EssenceOfSteel"},{"floor":7.0,"key":"FearPotion"},{"floor":13.0,"key":"SteroidPotion"},{"floor":16.0,"key":"Ancient Potion"}],"is_trial":false,"path_per_floor":["M","M","?","M","M","R","E","R","T","R","$","R","E","M","R","B",null,"M","M"],"character_chosen":"THE_SILENT","items_purchased":["Glass Knife","Deflect"],"campfire_rested":2,"item_purchase_floors":[11,11],"current_hp_per_floor":[50,49,49,45,37,37,17,36,36,36,36,36,25,25,59,35,58,42,0],"gold":172,"neow_bonus":"ONE_RANDOM_RARE_CARD","is_prod":false,"is_daily":false,"chose_seed":false,"campfire_upgraded":3,"win_rate":0,"timestamp":1549731257,"path_taken":["M","M","?","M","?","R","E","R","T","R","$","R","E","M","R","BOSS","M","?"],"build_version":"2019-01-23","purchased_purges":0,"victory":false,"max_hp_per_floor":[66,66,66,66,66,66,66,66,66,66,66,66,66,66,66,66,66,66,66],"card_choices":[{"not_picked":["Acrobatics","Backflip"],"picked":"Deadly Poison","floor":1.0},{"not_picked":["PiercingWail","Slice"],"picked":"Die Die Die","floor":2.0},{"not_picked":["Outmaneuver","Backflip"],"picked":"Blade Dance","floor":4.0},{"not_picked":["Sucker Punch","Bane"],"picked":"Dash","floor":5.0},{"not_picked":["Quick Slash","Dagger Throw"],"picked":"Dodge and Roll","floor":7.0},{"not_picked":["Deadly Poison","Slice"],"picked":"A Thousand Cuts","floor":13.0},{"not_picked":["Underhanded Strike","Endless Agony"],"picked":"Cloak And Dagger","floor":14.0},{"not_picked":["Storm of Steel","Tools of the Trade"],"picked":"Wraith Form v2","floor":16.0},{"not_picked":["Cloak And Dagger","Deflect"],"picked":"Dodge and Roll","floor":18}],"player_experience":972445,"relics_obtained":[{"floor":7.0,"key":"WingedGreaves"},{"floor":9.0,"key":"Ninja Scroll"},{"floor":13.0,"key":"Regal Pillow"}],"event_choices":[{"damage_healed":0.0,"max_hp_gain":0.0,"max_hp_loss":0.0,"gold_gain":0.0,"event_name":"The Woman in Blue","player_choice":"Bought 2 Potions","floor":3.0,"gold_loss":0.0,"damage_taken":0.0}],"is_beta":false,"boss_relics":[{"not_picked":["Calling Bell","Runic Dome"],"picked":"Empty Cage"}],"items_purged_floors":[],"is_endless":false,"potions_floor_spawned":[2,7,13,16],"killed_by":"Chosen","ascension_level":20}