{"gold_per_floor":[113,125,140,158,158,158,172,172,224,224,244,257,284,141,141,219,219,230,230,29,40,59,59,90,100,127,127,146,165,165,183,183,257,257,277,277,71,171,69,69,89,89,166,116,136,152,152,152,152,152],"floor_reached":50,"playtime":2716,"items_purged":["Strike_G"],"score":794,"play_id":"a648642c-5284-4ce5-8234-805cc4de8be1","local_time":"20181214161519","is_ascension_mode":true,"campfire_choices":[{"data":"Tools of the Trade","floor":6,"key":"SMITH"},{"data":"Tactician","floor":8,"key":"SMITH"},{"data":"Neutralize","floor":10,"key":"SMITH"},{"data":"Reflex","floor":15,"key":"SMITH"},{"data":"Footwork","floor":23,"key":"SMITH"},{"data":"Underhanded Strike","floor":30,"key":"SMITH"},{"data":"Tactician","floor":32,"key":"SMITH"},{"data":"A Thousand Cuts","floor":40,"key":"SMITH"},{"data":"Skewer","floor":42,"key":"SMITH"},{"floor":47,"key":"REST"},{"floor":49,"key":"REST"}],"neow_cost":"NONE","seed_source_timestamp":98222794220890,"circlet_count":0,"master_deck":["AscendersBane","Defend_G","Defend_G","Defend_G","Defend_G","Defend_G","Strike_G","Strike_G","Strike_G","Survivor","Neutralize+1","Tools of the Trade+1","Quick Slash","All Out Attack","Predator","Tactician+1","Dagger Throw","PiercingWail","Predator","Reflex+1","Tools of the Trade","Reflex+1","Footwork+1","Deflect","Tactician+1","Blur","Terror","Acrobatics","A Thousand Cuts+1","Reflex","Footwork","Deflect","Skewer+1","Backflip","Good Instincts","Magnetism","Trip"],"relics":["Ring of the Snake","Meat on the Bone","PreservedInsect","Orichalcum","Sozu","ClockworkSouvenir","Blue Candle","Snake Skull","Philosopher\u0027s Stone","PrismaticShard","The Specimen","Sundial"],"potions_floor_usage":[13,16,18],"damage_taken":[{"damage":3,"enemies":"Jaw Worm","floor":1,"turns":7},{"damage":4,"enemies":"Cultist","floor":2,"turns":6},{"damage":3,"enemies":"2 Louse","floor":3,"turns":2},{"damage":9,"enemies":"Gremlin Gang","floor":4,"turns":4},{"damage":17,"enemies":"Large Slime","floor":7,"turns":7},{"damage":10,"enemies":"Exordium Wildlife","floor":11,"turns":3},{"damage":0,"enemies":"2 Fungi Beasts","floor":12,"turns":4},{"damage":12,"enemies":"3 Sentries","floor":13,"turns":5},{"damage":30,"enemies":"The Guardian","floor":16,"turns":16},{"damage":3,"enemies":"Shell Parasite","floor":18,"turns":4},{"damage":11,"enemies":"2 Thieves","floor":21,"turns":5},{"damage":3,"enemies":"Snecko","floor":22,"turns":8},{"damage":23,"enemies":"Slavers","floor":24,"turns":5},{"damage":10,"enemies":"Snake Plant","floor":25,"turns":5},{"damage":0,"enemies":"Centurion and Healer","floor":28,"turns":6},{"damage":0,"enemies":"Chosen and Byrds","floor":29,"turns":6},{"damage":17,"enemies":"Shelled Parasite and Fungi","floor":31,"turns":7},{"damage":17,"enemies":"Automaton","floor":33,"turns":11},{"damage":2,"enemies":"Orb Walker","floor":35,"turns":4},{"damage":3,"enemies":"Mind Bloom Boss Battle","floor":38,"turns":6},{"damage":35,"enemies":"3 Darklings","floor":41,"turns":5},{"damage":9,"enemies":"4 Shapes","floor":45,"turns":7},{"damage":0,"enemies":"Maw","floor":46,"turns":7},{"damage":73,"enemies":"Awakened One","floor":50,"turns":12}],"seed_played":"6433087616391656569","potions_obtained":[{"floor":2,"key":"FearPotion"},{"floor":7,"key":"Energy Potion"},{"floor":13,"key":"Poison Potion"},{"floor":16,"key":"AttackPotion"}],"is_trial":false,"path_per_floor":["M","M","M","M","?","R","M","R","T","R","M","M","E","$","R","B",null,"M","?","$","M","M","R","E","M","T","?","M","M","R","M","R","B",null,"M","?","$","?","$","R","M","R","T","$","M","M","R","?","R","B"],"character_chosen":"THE_SILENT","items_purchased":["Reflex","ClockworkSouvenir","PrismaticShard","Footwork","Deflect","Backflip"],"campfire_rested":2,"item_purchase_floors":[14,20,37,39,39,44],"current_hp_per_floor":[60,56,53,44,44,44,39,39,39,39,41,41,41,41,41,23,58,55,55,55,44,41,41,30,32,32,32,44,44,44,39,39,34,61,59,59,59,56,56,56,33,33,33,33,36,36,57,47,68,0],"gold":152,"neow_bonus":"ONE_RANDOM_RARE_CARD","is_prod":false,"is_daily":false,"chose_seed":false,"campfire_upgraded":9,"win_rate":0,"timestamp":1544800519,"path_taken":["M","M","M","M","?","R","M","R","T","R","M","M","E","$","R","BOSS","M","?","$","M","M","R","E","M","T","?","M","?","R","M","R","BOSS","M","?","$","?","$","R","M","R","T","?","M","M","R","?","R","BOSS"],"build_version":"2018-12-13","purchased_purges":1,"victory":false,"max_hp_per_floor":[70,70,70,70,70,70,70,70,70,70,70,70,70,70,70,70,70,70,70,70,70,70,70,70,70,70,70,70,70,70,70,70,70,70,70,70,70,70,70,70,70,70,70,70,70,70,70,70,70,70],"card_choices":[{"not_picked":["Flying Knee","Dagger Spray"],"picked":"Quick Slash","floor":1},{"not_picked":["Bane","Dagger Spray"],"picked":"All Out Attack","floor":2},{"not_picked":["Eviscerate","PiercingWail"],"picked":"Predator","floor":3},{"not_picked":["Flechettes","PiercingWail"],"picked":"Tactician","floor":4},{"not_picked":["Heel Hook","Die Die Die"],"picked":"Dagger Throw","floor":7},{"not_picked":["Flying Knee","Blade Dance"],"picked":"PiercingWail","floor":11},{"not_picked":["Sucker Punch","PiercingWail","Slice"],"picked":"SKIP","floor":12},{"not_picked":["Slice","Caltrops"],"picked":"Predator","floor":13},{"not_picked":["Die Die Die","Wraith Form v2"],"picked":"Tools of the Trade","floor":16},{"not_picked":["Dagger Throw","Bouncing Flask"],"picked":"Reflex+1","floor":18},{"not_picked":["Acrobatics","Sucker Punch"],"picked":"Deflect","floor":21},{"not_picked":["Endless Agony","Noxious Fumes"],"picked":"Tactician","floor":22},{"not_picked":["Sucker Punch","Flying Knee"],"picked":"Underhanded Strike","floor":24},{"not_picked":["Dagger Throw","Dodge and Roll"],"picked":"Blur","floor":25},{"not_picked":["Outmaneuver+1","Poisoned Stab","Sucker Punch"],"picked":"SKIP","floor":28},{"not_picked":["Blade Dance+1","Poisoned Stab","Catalyst"],"picked":"SKIP","floor":29},{"not_picked":["Calculated Gamble","Dagger Throw"],"picked":"Acrobatics","floor":31},{"not_picked":["Night Terror","Corpse Explosion"],"picked":"A Thousand Cuts","floor":33},{"not_picked":["Prepared","Predator"],"picked":"Reflex","floor":35},{"not_picked":["Hologram","Wild Strike"],"picked":"Skewer","floor":41},{"not_picked":["Compile Driver","Heavy Blade+1","Outmaneuver"],"picked":"SKIP","floor":45},{"not_picked":["FTL","Iron Wave","Conserve Battery"],"picked":"SKIP","floor":46},{"not_picked":["Forethought","Blind"],"picked":"Good Instincts","floor":48},{"not_picked":["Forethought","Blind"],"picked":"Magnetism","floor":48},{"not_picked":["Bandage Up","Finesse"],"picked":"Trip","floor":48}],"player_experience":750501,"relics_obtained":[{"floor":9,"key":"PreservedInsect"},{"floor":13,"key":"Orichalcum"},{"floor":24,"key":"Blue Candle"},{"floor":26,"key":"Snake Skull"},{"floor":38,"key":"The Specimen"},{"floor":43,"key":"Sundial"}],"event_choices":[{"damage_healed":0,"gold_gain":0,"player_choice":"Gave Potion","damage_taken":0,"relics_obtained":["Meat on the Bone"],"max_hp_gain":0,"max_hp_loss":0,"event_name":"WeMeetAgain","floor":5,"gold_loss":0},{"damage_healed":0,"gold_gain":0,"player_choice":"Read","damage_taken":0,"max_hp_gain":0,"max_hp_loss":0,"event_name":"The Library","floor":19,"gold_loss":0,"cards_obtained":["Footwork"]},{"damage_healed":0,"gold_gain":0,"cards_transformed":["Strike_G"],"player_choice":"Transformed","damage_taken":0,"max_hp_gain":0,"max_hp_loss":0,"event_name":"Transmorgrifier","floor":27,"gold_loss":0,"cards_obtained":["Terror"]},{"cards_removed":["Underhanded Strike"],"damage_healed":0,"gold_gain":0,"player_choice":"Removed Attack","damage_taken":0,"max_hp_gain":0,"max_hp_loss":0,"event_name":"Falling","floor":36,"gold_loss":0},{"damage_healed":0,"gold_gain":0,"player_choice":"Fight","damage_taken":0,"max_hp_gain":0,"max_hp_loss":0,"event_name":"MindBloom","floor":38,"gold_loss":0},{"damage_healed":0,"gold_gain":0,"player_choice":"Memory 3","damage_taken":10,"max_hp_gain":0,"max_hp_loss":0,"event_name":"SensoryStone","floor":48,"gold_loss":0}],"is_beta":false,"boss_relics":[{"not_picked":["Eternal Feather","Tiny House"],"picked":"Sozu"},{"not_picked":["Snecko Eye","WristBlade"],"picked":"Philosopher\u0027s Stone"}],"items_purged_floors":[14],"is_endless":false,"potions_floor_spawned":[2,7,13,16,21,24,31,33,35,38,41,46],"killed_by":"Awakened One","ascension_level":13}