{"gold_per_floor":[114,114,39,39,57,57,82,102,102,130,130,130,149,166,166,244,244,261,278,178,197,197,197,197],"floor_reached":24,"playtime":757,"items_purged":["Strike_R","Strike_R"],"score":416,"play_id":"7e6410b4-73d9-41bf-b06d-1c8a679acb77","local_time":"20181023134108","is_ascension_mode":true,"campfire_choices":[{"data":"Inflame","floor":6,"key":"SMITH"},{"data":"Pummel","floor":11,"key":"SMITH"},{"data":"Metallicize","floor":15,"key":"SMITH"},{"data":"Heavy Blade","floor":23,"key":"SMITH"}],"neow_cost":"NONE","seed_source_timestamp":261008800617607,"circlet_count":0,"master_deck":["Strike_R","Strike_R","Defend_R","Defend_R","Defend_R","Defend_R","Bash","AscendersBane","Inflame+1","Power Through","Reckless Charge","Heavy Blade+1","Pummel+1","Twin Strike","Metallicize+1","Reaper","Evolve","Shrug It Off","Feel No Pain"],"relics":["Burning Blood","NeowsBlessing","Shuriken","Bottled Tornado","Incense Burner","GremlinMask","Sozu"],"potions_floor_usage":[10,16,16],"damage_taken":[{"damage":0,"enemies":"Small Slimes","floor":1,"turns":1},{"damage":0,"enemies":"Cultist","floor":5,"turns":1},{"damage":0,"enemies":"Gremlin Nob","floor":7,"turns":1},{"damage":7,"enemies":"Jaw Worm","floor":8,"turns":3},{"damage":25,"enemies":"3 Sentries","floor":10,"turns":8},{"damage":2,"enemies":"Looter","floor":13,"turns":3},{"damage":32,"enemies":"Gremlin Gang","floor":14,"turns":4},{"damage":29,"enemies":"Slime Boss","floor":16,"turns":7},{"damage":7,"enemies":"Chosen","floor":18,"turns":4},{"damage":21,"enemies":"Shell Parasite","floor":19,"turns":5},{"damage":41,"enemies":"Cultist and Chosen","floor":21,"turns":7},{"damage":44,"enemies":"Slavers","floor":24,"turns":2}],"seed_played":"-761483673634980690","potions_obtained":[{"floor":1,"key":"Regen Potion"},{"floor":8,"key":"Energy Potion"},{"floor":13,"key":"Regen Potion"}],"is_trial":false,"path_per_floor":["M","?","$","?","M","R","E","M","T","E","R","?","M","M","R","B",null,"M","M","$","M","?","R"],"character_chosen":"IRONCLAD","items_purchased":[],"campfire_rested":0,"item_purchase_floors":[],"current_hp_per_floor":[74,74,74,67,73,73,75,74,74,55,55,55,59,33,33,55,70,75,68,68,40,40,40,0],"gold":197,"neow_bonus":"THREE_ENEMY_KILL","is_prod":false,"is_daily":false,"chose_seed":false,"campfire_upgraded":4,"win_rate":0,"timestamp":1540294868,"path_taken":["M","?","$","?","M","R","E","M","T","E","R","?","?","M","R","BOSS","M","M","$","M","?","R","E"],"build_version":"2018-10-18","purchased_purges":2,"victory":false,"max_hp_per_floor":[75,75,75,75,75,75,75,75,75,75,75,75,75,75,75,75,75,75,75,75,75,75,75,75],"card_choices":[{"not_picked":["Rupture","Wild Strike"],"picked":"Inflame","floor":1},{"not_picked":["Warcry","Second Wind"],"picked":"Power Through","floor":5},{"not_picked":["Wild Strike","Fire Breathing"],"picked":"Reckless Charge","floor":7},{"not_picked":["Entrench","Dual Wield"],"picked":"Heavy Blade","floor":8},{"not_picked":["Clothesline","Sword Boomerang"],"picked":"Pummel","floor":10},{"not_picked":["Shockwave","Twin Strike","Heavy Blade"],"picked":"SKIP","floor":13},{"not_picked":["Shockwave","Heavy Blade"],"picked":"Twin Strike","floor":13},{"not_picked":["True Grit","Heavy Blade"],"picked":"Metallicize","floor":14},{"not_picked":["Exhume","Double Tap"],"picked":"Reaper","floor":16},{"not_picked":["Clothesline","Sword Boomerang"],"picked":"Evolve","floor":18},{"not_picked":["Twin Strike","Headbutt"],"picked":"Shrug It Off","floor":19},{"not_picked":["Second Wind","Thunderclap","Rupture"],"picked":"SKIP","floor":21}],"player_experience":567472,"relics_obtained":[{"floor":7,"key":"Shuriken"},{"floor":9,"key":"Bottled Tornado"},{"floor":10,"key":"Incense Burner"}],"event_choices":[{"damage_healed":0,"gold_gain":0,"player_choice":"0 cards matched","damage_taken":0,"max_hp_gain":0,"max_hp_loss":0,"event_name":"Match and Keep!","floor":2,"gold_loss":0,"cards_obtained":[]},{"cards_removed":["Strike_R"],"damage_healed":0,"gold_gain":0,"player_choice":"Card Removal","damage_taken":7,"max_hp_gain":0,"max_hp_loss":0,"event_name":"Golden Wing","floor":4,"gold_loss":0},{"damage_healed":0,"gold_gain":0,"player_choice":"Trade","damage_taken":0,"relics_obtained":["GremlinMask"],"max_hp_gain":0,"max_hp_loss":0,"event_name":"FaceTrader","floor":12,"gold_loss":0},{"damage_healed":0,"gold_gain":0,"player_choice":"Read","damage_taken":0,"max_hp_gain":0,"max_hp_loss":0,"event_name":"The Library","floor":22,"gold_loss":0,"cards_obtained":["Feel No Pain"]}],"is_beta":false,"boss_relics":[{"not_picked":["Empty Cage","Runic Cube"],"picked":"Sozu"}],"items_purged_floors":[3,20],"is_endless":false,"potions_floor_spawned":[1,8,13,14,18,19],"killed_by":"Slavers","ascension_level":16}