{"gold_per_floor":[369,384,15,29,48,48,82,82,127,162,176,188,213,228,228,306,306,321,321,321,332,352,352,124,153,165,209,231,258,270,309,321,409,421,444,456,468],"floor_reached":38,"playtime":1833,"items_purged":["Strike_R"],"score":1198,"play_id":"5b33650f-e44e-45f3-b3d2-1f55f5cb8271","local_time":"20190124220758","is_ascension_mode":true,"campfire_choices":[{"data":"Apotheosis","floor":6,"key":"SMITH"},{"data":"Shrug It Off","floor":15,"key":"SMITH"},{"floor":23,"key":"REST"},{"floor":32,"key":"DIG"}],"neow_cost":"TEN_PERCENT_HP_LOSS","seed_source_timestamp":432828787104697,"circlet_count":0,"master_deck":["AscendersBane","Strike_R","Strike_R","Defend_R","Defend_R","Defend_R","Defend_R","Bash","Whirlwind","Twin Strike","Apotheosis+1","Thunderclap","Shrug It Off+1","Evolve","Warcry","Flex","Body Slam","Whirlwind","Clothesline","Impervious","Whirlwind","Carnage+1","Seeing Red+1","Disarm+1","Armaments","Shame","Rupture","Double Tap","Disarm"],"relics":["Burning Blood","Chemical X","Paper Frog","Bronze Scales","Red Skull","Mercury Hourglass","Black Star","Bag of Marbles","MawBank","Orichalcum","Dream Catcher","Bottled Lightning","Blue Candle","Magic Flower","Shovel","Regal Pillow","War Paint","Lizard Tail"],"potions_floor_usage":[12,25,33,33],"damage_taken":[{"damage":7,"enemies":"Small Slimes","floor":1,"turns":4},{"damage":13,"enemies":"Jaw Worm","floor":2,"turns":4},{"damage":3,"enemies":"2 Louse","floor":4,"turns":2},{"damage":2,"enemies":"Exordium Thugs","floor":5,"turns":4},{"damage":24,"enemies":"Gremlin Nob","floor":7,"turns":4},{"damage":16,"enemies":"Lagavulin","floor":10,"turns":6},{"damage":0,"enemies":"Looter","floor":11,"turns":2},{"damage":0,"enemies":"Lots of Slimes","floor":12,"turns":1},{"damage":0,"enemies":"Gremlin Nob","floor":13,"turns":2},{"damage":0,"enemies":"Gremlin Gang","floor":14,"turns":2},{"damage":6,"enemies":"Hexaghost","floor":16,"turns":6},{"damage":11,"enemies":"Spheric Guardian","floor":18,"turns":3},{"damage":12,"enemies":"Chosen","floor":21,"turns":4},{"damage":14,"enemies":"Snecko","floor":22,"turns":6},{"damage":22,"enemies":"Book of Stabbing","floor":25,"turns":4},{"damage":0,"enemies":"Gremlin Leader","floor":27,"turns":4},{"damage":0,"enemies":"3 Cultists","floor":28,"turns":2},{"damage":1,"enemies":"Centurion and Healer","floor":29,"turns":4},{"damage":2,"enemies":"Slavers","floor":31,"turns":2},{"damage":62,"enemies":"Champ","floor":33,"turns":7},{"damage":0,"enemies":"3 Darklings","floor":35,"turns":1},{"damage":109,"enemies":"Donu and Deca","floor":37,"turns":8}],"seed_played":"5170188543609000251","potions_obtained":[{"floor":2,"key":"SteroidPotion"},{"floor":7,"key":"Swift Potion"},{"floor":10,"key":"SkillPotion"},{"floor":13,"key":"GamblersBrew"},{"floor":22,"key":"Fire Potion"},{"floor":28,"key":"Dexterity Potion"},{"floor":31,"key":"Ancient Potion"}],"is_trial":false,"path_per_floor":["M","M","$","M","M","R","E","?","T","E","M","M","E","M","R","B",null,"M","?","?","M","M","R","$","E","T","E","M","M","?","E","R","B",null,"M","?","B",null],"character_chosen":"IRONCLAD","items_purchased":["Chemical X","Apotheosis","Bag of Marbles"],"campfire_rested":1,"item_purchase_floors":[3,3,24],"current_hp_per_floor":[67,60,60,63,67,67,49,42,42,32,38,44,50,56,56,56,65,60,60,60,54,46,66,66,50,50,56,62,67,67,68,68,15,55,64,64,16],"gold":480,"neow_bonus":"TWO_FIFTY_GOLD","is_prod":false,"is_daily":false,"chose_seed":false,"campfire_upgraded":2,"win_rate":0,"timestamp":1548396478,"path_taken":["M","M","$","M","M","R","E","?","T","E","M","M","E","M","R","BOSS","M","?","?","M","M","R","$","E","T","E","?","M","?","E","R","BOSS","M","?","BOSS"],"build_version":"2019-01-23","purchased_purges":1,"victory":true,"max_hp_per_floor":[68,68,68,68,68,68,68,68,68,68,68,68,68,68,68,68,68,68,68,68,68,68,68,68,68,68,68,68,68,68,68,68,68,68,68,68,68],"card_choices":[{"not_picked":["Iron Wave","Blood for Blood"],"picked":"Whirlwind","floor":1},{"not_picked":["Clothesline","Body Slam"],"picked":"Twin Strike","floor":2},{"not_picked":["Heavy Blade","True Grit"],"picked":"Thunderclap","floor":4},{"not_picked":["Rampage","Headbutt"],"picked":"Shrug It Off","floor":5},{"not_picked":["Sever Soul","Armaments"],"picked":"Evolve","floor":7},{"not_picked":["Heavy Blade","Thunderclap"],"picked":"Warcry","floor":10},{"not_picked":["Searing Blow","Armaments"],"picked":"Flex","floor":11},{"not_picked":["Thunderclap","Intimidate"],"picked":"Body Slam","floor":12},{"not_picked":["Clothesline","Pommel Strike"],"picked":"Whirlwind","floor":13},{"not_picked":["Flame Barrier","Anger"],"picked":"Clothesline","floor":14},{"not_picked":["Brutality","Immolate"],"picked":"Impervious","floor":16},{"not_picked":["Sentinel","Sword Boomerang","Intimidate"],"picked":"SKIP","floor":18},{"not_picked":["Wild Strike","Sentinel","Body Slam"],"picked":"SKIP","floor":21},{"not_picked":["Infernal Blade","Twin Strike"],"picked":"Whirlwind","floor":22},{"not_picked":["Iron Wave","Corruption+1"],"picked":"Carnage+1","floor":25},{"not_picked":["Clash","Feel No Pain"],"picked":"Seeing Red","floor":27},{"not_picked":["Havoc","Anger"],"picked":"Disarm","floor":28},{"not_picked":["Second Wind","Rampage"],"picked":"Armaments","floor":29},{"not_picked":["Exhume","Evolve+1"],"picked":"Rupture","floor":31},{"not_picked":["Demon Form","Dark Embrace"],"picked":"Double Tap","floor":33},{"not_picked":["Blood for Blood+1","Flex"],"picked":"Disarm","floor":35}],"player_experience":498145,"relics_obtained":[{"floor":7,"key":"Paper Frog"},{"floor":9,"key":"Bronze Scales"},{"floor":10,"key":"Red Skull"},{"floor":13,"key":"Mercury Hourglass"},{"floor":25,"key":"MawBank"},{"floor":25,"key":"Orichalcum"},{"floor":26,"key":"Dream Catcher"},{"floor":27,"key":"Bottled Lightning"},{"floor":27,"key":"Blue Candle"},{"floor":31,"key":"Shovel"},{"floor":31,"key":"Regal Pillow"},{"floor":32,"key":"War Paint"}],"event_choices":[{"cards_removed":["Strike_R"],"damage_healed":0,"gold_gain":0,"player_choice":"Card Removal","damage_taken":7,"max_hp_gain":0,"max_hp_loss":0,"event_name":"Golden Wing","floor":8,"gold_loss":0},{"cards_removed":["Strike_R"],"damage_healed":0,"gold_gain":0,"player_choice":"Elegance","damage_taken":0,"max_hp_gain":0,"max_hp_loss":0,"event_name":"Back to Basics","floor":19,"gold_loss":0},{"damage_healed":0,"gold_gain":0,"player_choice":"Ignored","damage_taken":0,"max_hp_gain":0,"max_hp_loss":0,"event_name":"N\u0027loth","floor":20,"gold_loss":0},{"damage_healed":0,"gold_gain":0,"player_choice":"Stole Relic","damage_taken":0,"relics_obtained":["Magic Flower"],"max_hp_gain":0,"max_hp_loss":0,"event_name":"Addict","floor":30,"gold_loss":0,"cards_obtained":["Shame"]},{"damage_healed":0,"gold_gain":0,"player_choice":"Took Portal","damage_taken":0,"max_hp_gain":0,"max_hp_loss":0,"event_name":"SecretPortal","floor":36,"gold_loss":0}],"is_beta":false,"boss_relics":[{"not_picked":["Snecko Eye","Black Blood"],"picked":"Black Star"},{"not_picked":["White Beast Statue","Runic Cube"],"picked":"Lizard Tail"}],"items_purged_floors":[24],"is_endless":false,"potions_floor_spawned":[2,7,10,13,21,22,28,31],"ascension_level":15}