{"gold_per_floor":[112,112,37,53,53,83,158,158,158,158,192,210,210,165,165,165],"floor_reached":16,"playtime":1475,"items_purged":["Grand Finale"],"score":143,"play_id":"63ebac3c-2d11-4f0e-83e4-ac45f9e7dac7","local_time":"20190217161611","is_ascension_mode":true,"campfire_choices":[{"floor":8,"key":"REST"},{"floor":10,"key":"REST"},{"floor":13,"key":"REST"},{"data":"Neutralize","floor":15,"key":"SMITH"}],"neow_cost":"NONE","seed_source_timestamp":93477846688181,"circlet_count":0,"master_deck":["Defend_G","Defend_G","Defend_G","Defend_G","Defend_G+1","Strike_G","Strike_G","Strike_G","Strike_G","Strike_G","Survivor","Neutralize+1","Backflip+1","PiercingWail"],"relics":["Ring of the Snake","PreservedInsect","War Paint","Calipers","Regal Pillow"],"potions_floor_usage":[1],"damage_taken":[{"damage":4,"enemies":"2 Louse","floor":1,"turns":5},{"damage":1,"enemies":"Small Slimes","floor":4,"turns":4},{"damage":23,"enemies":"3 Sentries","floor":6,"turns":14},{"damage":49,"enemies":"Gremlin Nob","floor":11,"turns":6},{"damage":0,"enemies":"Cultist","floor":12,"turns":5},{"damage":0,"enemies":"Looter","floor":14,"turns":5},{"damage":56,"enemies":"Hexaghost","floor":16,"turns":14}],"seed_played":"-7894382573695273792","potions_obtained":[{"floor":1,"key":"Fruit Juice"},{"floor":12,"key":"Fire Potion"}],"is_trial":false,"path_per_floor":["M","?","$","M","?","E","?","R","T","R","E","M","R","M","R","B"],"character_chosen":"THE_SILENT","items_purchased":[],"campfire_rested":3,"item_purchase_floors":[],"current_hp_per_floor":[64,69,69,68,50,27,16,40,40,64,15,15,54,54,54,0],"gold":165,"neow_bonus":"ONE_RANDOM_RARE_CARD","is_prod":false,"is_daily":false,"chose_seed":false,"campfire_upgraded":1,"win_rate":0,"timestamp":1550416571,"path_taken":["M","?","$","M","?","E","?","R","T","R","E","M","R","M","R","BOSS"],"build_version":"2019-01-23","purchased_purges":1,"victory":false,"max_hp_per_floor":[75,80,80,80,80,80,80,80,80,80,80,80,80,80,80,80],"card_choices":[{"not_picked":["Accuracy","Infinite Blades"],"picked":"Backflip","floor":1},{"not_picked":["Dodge and Roll","Underhanded Strike"],"picked":"PiercingWail","floor":4},{"not_picked":["Dagger Spray","PiercingWail","Heel Hook"],"picked":"SKIP","floor":6},{"not_picked":["Crippling Poison","Setup","Expertise"],"picked":"SKIP","floor":11},{"not_picked":["Predator","Poisoned Stab","Skewer"],"picked":"SKIP","floor":12},{"not_picked":["Skewer","Deadly Poison","Acrobatics"],"picked":"SKIP","floor":14}],"player_experience":417760,"relics_obtained":[{"floor":6,"key":"War Paint"},{"floor":9,"key":"Calipers"},{"floor":11,"key":"Regal Pillow"}],"event_choices":[{"damage_healed":0,"gold_gain":0,"player_choice":"Donut","damage_taken":0,"max_hp_gain":5,"max_hp_loss":0,"event_name":"Big Fish","floor":2,"gold_loss":0},{"damage_healed":0,"gold_gain":0,"player_choice":"Success","damage_taken":18,"relics_obtained":["PreservedInsect"],"max_hp_gain":0,"max_hp_loss":0,"event_name":"Scrap Ooze","floor":5,"gold_loss":0},{"damage_healed":0,"gold_gain":75,"player_choice":"Gather Gold","damage_taken":11,"max_hp_gain":0,"max_hp_loss":0,"event_name":"World of Goop","floor":7,"gold_loss":0}],"is_beta":false,"boss_relics":[],"items_purged_floors":[3],"is_endless":false,"potions_floor_spawned":[1,12],"killed_by":"Hexaghost","ascension_level":7}