{"gold_per_floor":[114,189,34,45,56,56,88,88,88,113,124,136,136,167,167,241,241,255,255,255,272,286,286,321,321,345,260,0,25,25,45,45,45],"floor_reached":33,"playtime":1629,"items_purged":[],"score":481,"play_id":"4f5ddf52-e0f5-4973-8eac-121f440c1cbd","local_time":"20190130200436","is_ascension_mode":true,"campfire_choices":[{"data":"Whirlwind","floor":6.0,"key":"SMITH"},{"data":"Warcry","floor":13.0,"key":"SMITH"},{"floor":15.0,"key":"REST"},{"data":"Bloodletting","floor":23.0,"key":"SMITH"},{"floor":25.0,"key":"REST"},{"data":"Fiend Fire","floor":30,"key":"SMITH"},{"floor":32,"key":"REST"}],"neow_cost":"NONE","seed_source_timestamp":20531673902985,"circlet_count":0,"master_deck":["AscendersBane","Strike_R","Strike_R","Strike_R","Strike_R+1","Defend_R","Defend_R","Defend_R","Defend_R","Bash+1","Flex","Whirlwind+1","Shrug It Off","Anger","Fiend Fire","Clash","Warcry+1","Fiend Fire+1","Bloodletting+1","Flex","Anger"],"special_seed":0,"relics":["Black Blood","NeowsBlessing","Happy Flower","Incense Burner","Unceasing Top","Bag of Preparation","Potion Belt","Pen Nib","Juzu Bracelet","Bronze Scales","Whetstone"],"potions_floor_usage":[33],"damage_taken":[{"damage":0.0,"enemies":"Jaw Worm","floor":1.0,"turns":1.0},{"damage":0.0,"enemies":"Small Slimes","floor":4.0,"turns":1.0},{"damage":0.0,"enemies":"2 Louse","floor":5.0,"turns":1.0},{"damage":32.0,"enemies":"3 Sentries","floor":7.0,"turns":9.0},{"damage":8.0,"enemies":"Gremlin Nob","floor":10.0,"turns":3.0},{"damage":0.0,"enemies":"2 Fungi Beasts","floor":11.0,"turns":2.0},{"damage":0.0,"enemies":"3 Louse","floor":12.0,"turns":1.0},{"damage":22.0,"enemies":"3 Sentries","floor":14.0,"turns":9.0},{"damage":4.0,"enemies":"Slime Boss","floor":16.0,"turns":11.0},{"damage":21.0,"enemies":"Shell Parasite","floor":18.0,"turns":5.0},{"damage":12.0,"enemies":"Chosen","floor":21.0,"turns":3.0},{"damage":3.0,"enemies":"Snake Plant","floor":22.0,"turns":3.0},{"damage":62.0,"enemies":"Book of Stabbing","floor":24.0,"turns":6.0},{"damage":10,"enemies":"Centurion and Healer","floor":31,"turns":3},{"damage":68,"enemies":"Automaton","floor":33,"turns":6}],"seed_played":"-6818218483517315024","potions_obtained":[{"floor":5.0,"key":"Block Potion"},{"floor":7.0,"key":"FearPotion"},{"floor":16.0,"key":"Ancient Potion"},{"floor":21.0,"key":"FearPotion"},{"floor":24.0,"key":"LiquidBronze"}],"is_trial":false,"path_per_floor":["?","?","?","?","?","?","T"],"character_chosen":"IRONCLAD","items_purchased":["Happy Flower"],"campfire_rested":3,"item_purchase_floors":[3],"current_hp_per_floor":[74,63,63,69,75,75,49,42,42,40,46,52,52,36,58,60,71,60,60,60,58,65,65,13,35,35,35,35,35,35,35,57,0],"gold":45,"neow_bonus":"THREE_ENEMY_KILL","is_prod":false,"is_daily":false,"chose_seed":false,"campfire_upgraded":4,"win_rate":0,"timestamp":1548849876,"path_taken":["M","?","$","M","M","R","E","?","T","E","M","M","R","E","R","BOSS","M","?","?","M","M","R","E","R","T","?","?","?","R","M","R","BOSS"],"build_version":"2019-01-23","purchased_purges":0,"victory":false,"max_hp_per_floor":[75,75,75,75,75,75,75,75,75,75,75,75,75,75,75,75,75,75,75,75,75,75,75,75,75,75,75,75,75,75,75,75,75],"card_choices":[{"not_picked":["Havoc","Shrug It Off"],"picked":"Flex","floor":1.0},{"not_picked":["Clothesline","Flex"],"picked":"Whirlwind","floor":4.0},{"not_picked":["Heavy Blade","Cleave"],"picked":"Shrug It Off","floor":5.0},{"not_picked":["True Grit","Shrug It Off"],"picked":"Anger","floor":7.0},{"not_picked":["Bloodletting","Sentinel"],"picked":"Fiend Fire","floor":10.0},{"not_picked":["Warcry","Perfected Strike"],"picked":"Clash","floor":11.0},{"not_picked":["Combust","Havoc"],"picked":"Warcry","floor":12.0},{"not_picked":["Cleave","Spot Weakness","Heavy Blade"],"picked":"SKIP","floor":14.0},{"not_picked":["Limit Break","Juggernaut"],"picked":"Fiend Fire","floor":16.0},{"not_picked":["Twin Strike+1","Havoc","Entrench"],"picked":"SKIP","floor":18.0},{"not_picked":["Warcry+1","Havoc"],"picked":"Bloodletting","floor":21.0},{"not_picked":["Havoc","Heavy Blade"],"picked":"Flex","floor":22.0},{"not_picked":["Power Through","True Grit","Uppercut+1"],"picked":"SKIP","floor":24.0},{"not_picked":["Uppercut","Thunderclap"],"picked":"Anger","floor":31}],"player_experience":155520,"relics_obtained":[{"floor":7.0,"key":"Incense Burner"},{"floor":9.0,"key":"Unceasing Top"},{"floor":10.0,"key":"Bag of Preparation"},{"floor":14.0,"key":"Potion Belt"},{"floor":24.0,"key":"Pen Nib"},{"floor":26.0,"key":"Juzu Bracelet"},{"floor":29,"key":"Whetstone"}],"event_choices":[{"damage_healed":0.0,"max_hp_gain":0.0,"max_hp_loss":0.0,"gold_gain":75.0,"event_name":"World of Goop","player_choice":"Gather Gold","floor":2.0,"gold_loss":0.0,"damage_taken":11.0},{"cards_removed":["Strike_R"],"damage_healed":0.0,"max_hp_gain":0.0,"max_hp_loss":0.0,"gold_gain":0.0,"event_name":"Golden Wing","player_choice":"Card Removal","floor":8.0,"gold_loss":0.0,"damage_taken":7.0},{"damage_healed":0.0,"max_hp_gain":0.0,"max_hp_loss":0.0,"gold_gain":0.0,"event_name":"The Mausoleum","player_choice":"Ignored","floor":19.0,"gold_loss":0.0,"damage_taken":0.0},{"damage_healed":0.0,"max_hp_gain":0.0,"max_hp_loss":0.0,"gold_gain":0.0,"event_name":"Ghosts","player_choice":"Ignored","floor":20.0,"gold_loss":0.0,"damage_taken":0.0},{"damage_healed":0.0,"max_hp_gain":0.0,"max_hp_loss":0.0,"gold_gain":0.0,"event_name":"Addict","player_choice":"Obtained Relic","floor":27.0,"gold_loss":85.0,"damage_taken":0.0,"relics_obtained":["Bronze Scales"]},{"damage_healed":0,"gold_gain":0,"player_choice":"Paid Fearfully","damage_taken":0,"max_hp_gain":0,"max_hp_loss":0,"event_name":"Masked Bandits","floor":28,"gold_loss":260}],"is_beta":false,"boss_relics":[{"not_picked":["Mark of Pain","Velvet Choker"],"picked":"Black Blood"}],"items_purged_floors":[],"is_endless":false,"potions_floor_spawned":[5,7,11,12,16,21,24],"killed_by":"Automaton","ascension_level":14}