{"gold_per_floor":[116,116,130,130,140,140,158,158,158,158,158,171,28,59,59,164,164,181,181,198,98,110,110,110],"floor_reached":24,"playtime":760,"items_purged":["Strike_R","Defend_R"],"score":304,"play_id":"88bb70b4-27fa-431a-87da-6713aae96a37","local_time":"20181003134759","is_ascension_mode":true,"campfire_choices":[{"data":"Bash","floor":6,"key":"SMITH"},{"data":"Inflame","floor":8,"key":"SMITH"},{"data":"Spot Weakness","floor":11,"key":"SMITH"},{"data":"Armaments","floor":15,"key":"SMITH"},{"data":"Impervious","floor":23,"key":"SMITH"}],"neow_cost":"PERCENT_DAMAGE","seed_source_timestamp":10140830836310,"circlet_count":0,"master_deck":["Defend_R","Defend_R","Bash+1","AscendersBane","Spot Weakness+1","Twin Strike","Inflame+1","Armaments+1","Battle Trance+1","Impervious+1","Double Tap","Sword Boomerang+1","Shrug It Off"],"relics":["Burning Blood","Incense Burner","Meat on the Bone","Du-Vu Doll","Empty Cage"],"potions_floor_usage":[7,14,24,24],"damage_taken":[{"damage":6,"enemies":"Jaw Worm","floor":1,"turns":5},{"damage":1,"enemies":"Cultist","floor":3,"turns":3},{"damage":3,"enemies":"Small Slimes","floor":5,"turns":5},{"damage":16,"enemies":"3 Louse","floor":7,"turns":4},{"damage":13,"enemies":"Blue Slaver","floor":12,"turns":3},{"damage":18,"enemies":"Gremlin Nob","floor":14,"turns":3},{"damage":17,"enemies":"Hexaghost","floor":16,"turns":9},{"damage":3,"enemies":"Spheric Guardian","floor":18,"turns":4},{"damage":1,"enemies":"Shell Parasite","floor":20,"turns":3},{"damage":0,"enemies":"Snecko","floor":22,"turns":3},{"damage":84,"enemies":"Slavers","floor":24,"turns":6}],"seed_played":"6647857683806993468","potions_obtained":[{"floor":5,"key":"EssenceOfSteel"},{"floor":12,"key":"GamblersBrew"},{"floor":14,"key":"Swift Potion"},{"floor":16,"key":"SkillPotion"}],"is_trial":false,"path_per_floor":["M","?","M","?","M","R","M","R","T","T","R","M","$","E","R","B",null,"M","?","M","$","M","R"],"character_chosen":"IRONCLAD","items_purchased":["Battle Trance"],"campfire_rested":0,"item_purchase_floors":[13],"current_hp_per_floor":[51,51,56,56,59,59,49,49,49,49,49,54,54,54,54,55,74,77,77,80,80,80,80,0],"gold":110,"neow_bonus":"REMOVE_TWO","is_prod":false,"is_daily":false,"chose_seed":false,"campfire_upgraded":5,"win_rate":0,"timestamp":1538567279,"path_taken":["M","?","?","?","M","R","M","R","T","?","R","?","$","E","R","BOSS","M","?","?","$","M","R","E"],"build_version":"2018-09-27","purchased_purges":2,"victory":false,"max_hp_per_floor":[80,80,80,80,80,80,80,80,80,80,80,80,80,80,80,80,80,80,80,80,80,80,80,80],"card_choices":[{"not_picked":["Perfected Strike","Twin Strike"],"picked":"Spot Weakness","floor":1},{"not_picked":["Clash","Thunderclap"],"picked":"Twin Strike","floor":3},{"not_picked":["Corruption","Seeing Red","Reckless Charge"],"picked":"SKIP","floor":5},{"not_picked":["Searing Blow","Reckless Charge"],"picked":"Inflame","floor":7},{"not_picked":["Uppercut","Twin Strike"],"picked":"Armaments","floor":12},{"not_picked":["Dropkick","Armaments"],"picked":"Impervious","floor":14},{"not_picked":["Berserk","Barricade"],"picked":"Double Tap","floor":16},{"not_picked":["Iron Wave+1","Pommel Strike"],"picked":"Sword Boomerang+1","floor":18},{"not_picked":["Dual Wield","Evolve"],"picked":"Shrug It Off","floor":20},{"not_picked":["Armaments+1","Searing Blow","Reckless Charge"],"picked":"SKIP","floor":22}],"player_experience":481548,"relics_obtained":[{"floor":9,"key":"Incense Burner"},{"floor":10,"key":"Meat on the Bone"},{"floor":14,"key":"Du-Vu Doll"}],"event_choices":[{"event_name":"Living Wall","player_choice":"Forget","floor":2,"damage_taken":0},{"event_name":"Liars Game","player_choice":"disagreed","floor":4,"damage_taken":0},{"event_name":"Upgrade Shrine","player_choice":"Upgraded","floor":19,"damage_taken":0}],"is_beta":false,"boss_relics":[{"not_picked":["Astrolabe","Black Star"],"picked":"Empty Cage"}],"items_purged_floors":[13,21],"is_endless":false,"potions_floor_spawned":[5,12,14,16,18,20],"killed_by":"Slavers","ascension_level":11}