{"gold_per_floor":[109,126,139,155,230,230,73,38,63,35,47,74,101,113,125,137],"floor_reached":16,"playtime":662,"items_purged":[],"score":284,"play_id":"e7894874-5a80-410f-b860-64ce4468c4d1","local_time":"20190129144503","is_ascension_mode":true,"campfire_choices":[{"data":"Neutralize","floor":6,"key":"SMITH"},{"data":"Catalyst","floor":11,"key":"SMITH"},{"data":"Escape Plan","floor":15,"key":"SMITH"}],"neow_cost":"NONE","seed_source_timestamp":170400042251256,"circlet_count":0,"master_deck":["AscendersBane","Defend_G","Defend_G","Defend_G","Defend_G","Defend_G","Strike_G","Strike_G","Strike_G","Strike_G","Strike_G","Survivor","Neutralize+1","Blur","Flying Knee","Catalyst+1","Quick Slash","Escape Plan+1"],"special_seed":0,"relics":["Ring of the Snake","Boot","Snake Skull","MawBank"],"potions_floor_usage":[2,4],"damage_taken":[{"damage":5,"enemies":"Small Slimes","floor":1,"turns":5},{"damage":0,"enemies":"Jaw Worm","floor":2,"turns":5},{"damage":0,"enemies":"2 Louse","floor":3,"turns":4},{"damage":6,"enemies":"Lots of Slimes","floor":4,"turns":6},{"damage":0,"enemies":"Looter","floor":10,"turns":4},{"damage":1,"enemies":"Blue Slaver","floor":12,"turns":5},{"damage":12,"enemies":"3 Louse","floor":13,"turns":7},{"damage":0,"enemies":"The Guardian","floor":16,"turns":1}],"seed_played":"-8723915497162934838","potions_obtained":[{"floor":1,"key":"Explosive Potion"},{"floor":3,"key":"SteroidPotion"},{"floor":12,"key":"Weak Potion"}],"is_trial":false,"path_per_floor":["M","M","M","M","?","R","$","?","T","M","R","M","M","$","R","B"],"character_chosen":"THE_SILENT","items_purchased":["Snake Skull"],"campfire_rested":0,"item_purchase_floors":[7],"current_hp_per_floor":[54,54,54,48,37,37,37,53,53,53,53,52,40,40,40,40],"gold":137,"neow_bonus":"RANDOM_COMMON_RELIC","is_prod":false,"is_daily":false,"chose_seed":false,"campfire_upgraded":3,"win_rate":0,"timestamp":1548769503,"path_taken":["M","M","M","M","?","R","$","?","T","M","R","M","M","$","R","BOSS"],"build_version":"2019-01-23","purchased_purges":0,"victory":false,"max_hp_per_floor":[66,66,66,66,66,66,66,66,66,66,66,66,66,66,66,66],"card_choices":[{"not_picked":["Dodge and Roll","Reflex"],"picked":"Blur","floor":1},{"not_picked":["Acrobatics","Flechettes","Backflip"],"picked":"SKIP","floor":2},{"not_picked":["Calculated Gamble","Blur","Outmaneuver"],"picked":"SKIP","floor":3},{"not_picked":["Blade Dance","Bane"],"picked":"Flying Knee","floor":4},{"not_picked":["Flying Knee","Acrobatics"],"picked":"Catalyst","floor":10},{"not_picked":["Riddle With Holes","Prepared"],"picked":"Quick Slash","floor":12},{"not_picked":["Setup","Deflect"],"picked":"Escape Plan","floor":13}],"player_experience":940289,"relics_obtained":[{"floor":9,"key":"MawBank"}],"event_choices":[{"damage_healed":0,"gold_gain":75,"player_choice":"Gather Gold","damage_taken":11,"max_hp_gain":0,"max_hp_loss":0,"event_name":"World of Goop","floor":5,"gold_loss":0},{"damage_healed":16,"gold_gain":0,"player_choice":"Healed","damage_taken":0,"max_hp_gain":0,"max_hp_loss":0,"event_name":"The Cleric","floor":8,"gold_loss":35}],"is_beta":false,"boss_relics":[],"items_purged_floors":[],"is_endless":false,"potions_floor_spawned":[1,3,12],"killed_by":"The Guardian","ascension_level":20}