{"gold_per_floor":[360,375,24,24,49,49,77,95,95,114,129,129,151,29,29,106,106,117,135,60,60,87,87,117,129,164,176,188,200,229,253,265,277],"floor_reached":33,"playtime":780,"items_purged":[],"score":563,"play_id":"d15f4240-13ba-4637-8103-6f445e8b2dd0","local_time":"20181017232722","is_ascension_mode":true,"campfire_choices":[{"data":"Perfected Strike","floor":6,"key":"SMITH"},{"data":"Bash","floor":12,"key":"SMITH"},{"data":"Perfected Strike","floor":15,"key":"SMITH"},{"data":"Pommel Strike","floor":23,"key":"SMITH"},{"floor":25,"key":"REST"},{"floor":28,"key":"REST"},{"data":"Defend_R","floor":32,"key":"SMITH"}],"neow_cost":"PERCENT_DAMAGE","seed_source_timestamp":645929577550723,"circlet_count":0,"master_deck":["Strike_R","Strike_R","Strike_R","Strike_R","Strike_R","Defend_R+1","Defend_R+1","Bash+1","AscendersBane","Perfected Strike+1","Perfected Strike+1","Pommel Strike+1","Shrug It Off+1","Shockwave+1","Perfected Strike+1","Flame Barrier+1","Shrug It Off+1","Good Instincts+1","Reaper+1","Decay","Shrug It Off+1","Rage+1"],"relics":["Burning Blood","Singing Bowl","Smiling Mask","Toxic Egg 2","Molten Egg 2","Odd Mushroom","Velvet Choker","Ancient Tea Set","MawBank","Bag of Marbles"],"potions_floor_usage":[10,13,16,19,31,33],"damage_taken":[{"damage":6,"enemies":"Cultist","floor":1,"turns":3},{"damage":7,"enemies":"Jaw Worm","floor":2,"turns":4},{"damage":30,"enemies":"Lagavulin","floor":7,"turns":7},{"damage":0,"enemies":"Small Slimes","floor":8,"turns":2},{"damage":0,"enemies":"2 Fungi Beasts","floor":10,"turns":2},{"damage":1,"enemies":"Large Slime","floor":11,"turns":2},{"damage":10,"enemies":"The Mushroom Lair","floor":13,"turns":3},{"damage":0,"enemies":"Slime Boss","floor":16,"turns":5},{"damage":0,"enemies":"Spheric Guardian","floor":18,"turns":3},{"damage":16,"enemies":"2 Thieves","floor":19,"turns":2},{"damage":36,"enemies":"Book of Stabbing","floor":24,"turns":5},{"damage":10,"enemies":"Centurion and Healer","floor":30,"turns":5},{"damage":1,"enemies":"Chosen and Byrds","floor":31,"turns":4},{"damage":94,"enemies":"Automaton","floor":33,"turns":10}],"seed_played":"3148160875764637884","potions_obtained":[{"floor":2,"key":"Fire Potion"},{"floor":8,"key":"BloodPotion"},{"floor":11,"key":"PowerPotion"},{"floor":13,"key":"SteroidPotion"},{"floor":16,"key":"Swift Potion"},{"floor":19,"key":"Explosive Potion"},{"floor":31,"key":"SmokeBomb"}],"is_trial":false,"path_per_floor":["M","M","$","?","T","R","E","M","T","M","M","R","?","$","R","B",null,"M","M","?","?","T","R","E","R","T","?","R","$","M","M","R"],"character_chosen":"IRONCLAD","items_purchased":["Singing Bowl","Pommel Strike","Good Instincts+1"],"campfire_rested":2,"item_purchase_floors":[3,3,14],"current_hp_per_floor":[50,49,49,49,49,49,25,31,31,37,42,42,38,38,38,44,67,75,67,67,67,67,67,44,68,68,68,81,81,81,81,81,0],"gold":277,"neow_bonus":"TWO_FIFTY_GOLD","is_prod":false,"is_daily":false,"chose_seed":false,"campfire_upgraded":5,"win_rate":0,"timestamp":1539811642,"path_taken":["M","M","$","?","?","R","E","M","T","M","M","R","?","$","R","BOSS","M","M","?","?","?","R","E","R","T","?","R","?","?","?","R","BOSS"],"build_version":"2018-10-11","purchased_purges":0,"victory":false,"max_hp_per_floor":[75,75,75,75,75,75,75,75,75,75,75,75,75,75,75,75,75,77,79,79,79,79,79,81,81,81,81,81,81,81,81,81,81],"card_choices":[{"not_picked":["Flex","Sever Soul"],"picked":"Perfected Strike","floor":1},{"not_picked":["Burning Pact","Clothesline"],"picked":"Perfected Strike","floor":2},{"not_picked":["Searing Blow","Fire Breathing"],"picked":"Shrug It Off","floor":7},{"not_picked":["Cleave","Iron Wave"],"picked":"Shockwave+1","floor":8},{"not_picked":["Second Wind+1","Barricade"],"picked":"Perfected Strike+1","floor":10},{"not_picked":["Burning Pact+1","Iron Wave+1"],"picked":"Flame Barrier+1","floor":11},{"not_picked":["Heavy Blade+1","Headbutt+1"],"picked":"Shrug It Off+1","floor":13},{"not_picked":["Exhume+1","Limit Break+1"],"picked":"Reaper+1","floor":16},{"not_picked":["Sword Boomerang+1","Havoc+1","Twin Strike+1"],"picked":"Singing Bowl","floor":18},{"not_picked":["Heavy Blade+1","Sword Boomerang+1","Inflame"],"picked":"Singing Bowl","floor":19},{"not_picked":["Twin Strike+1","Clash+1","Flex+1"],"picked":"Singing Bowl","floor":24},{"not_picked":["Intimidate+1","Body Slam+1"],"picked":"Shrug It Off+1","floor":30},{"not_picked":["Spot Weakness+1","Combust"],"picked":"Rage+1","floor":31}],"player_experience":533387,"relics_obtained":[{"floor":5,"key":"Smiling Mask"},{"floor":7,"key":"Toxic Egg 2"},{"floor":9,"key":"Molten Egg 2"},{"floor":13,"key":"Odd Mushroom"},{"floor":22,"key":"Ancient Tea Set"},{"floor":24,"key":"MawBank"},{"floor":26,"key":"Bag of Marbles"}],"event_choices":[{"event_name":"Wheel of Change","player_choice":"Card Removal","floor":4,"damage_taken":0},{"event_name":"Mushrooms","player_choice":"Fought Mushrooms","floor":13,"damage_taken":0},{"event_name":"Beggar","player_choice":"Gave Gold","floor":20,"damage_taken":0},{"event_name":"Forgotten Altar","player_choice":"Smashed Altar","floor":21,"damage_taken":0},{"event_name":"Accursed Blacksmith","player_choice":"Forge","floor":27,"damage_taken":0}],"is_beta":false,"boss_relics":[{"not_picked":["Lizard Tail","Pandora\u0027s Box"],"picked":"Velvet Choker"}],"items_purged_floors":[],"is_endless":false,"potions_floor_spawned":[2,8,11,13,16,19,31],"killed_by":"Automaton","ascension_level":16}