{"gold_per_floor":[13,13,33,47,47,82,100,100],"floor_reached":8,"playtime":355,"items_purged":[],"score":81,"play_id":"6fc0660f-5061-46ed-864a-d9811f43db2b","local_time":"20190510184525","is_ascension_mode":true,"campfire_choices":[],"neow_cost":"NO_GOLD","seed_source_timestamp":1239744226488005,"circlet_count":0,"master_deck":["Defend_G","Defend_G","Defend_G","Defend_G","Defend_G","Strike_G","Strike_G","Strike_G","Strike_G","Survivor","Neutralize","Grand Finale","Deadly Poison","Cloak And Dagger","PiercingWail","Quick Slash"],"relics":["Ring of the Snake","Strawberry"],"potions_floor_usage":[6],"damage_taken":[{"damage":0,"enemies":"2 Louse","floor":1,"turns":4},{"damage":0,"enemies":"Small Slimes","floor":3,"turns":6},{"damage":2,"enemies":"Jaw Worm","floor":4,"turns":5},{"damage":56,"enemies":"Lagavulin","floor":6,"turns":10},{"damage":1,"enemies":"Blue Slaver","floor":7,"turns":5},{"damage":0,"enemies":"Exordium Wildlife","floor":8,"turns":1}],"seed_played":"-2421235495862365194","potions_obtained":[{"floor":3,"key":"SkillPotion"},{"floor":4,"key":"Fire Potion"}],"is_trial":false,"path_per_floor":["?","?"],"character_chosen":"THE_SILENT","items_purchased":[],"campfire_rested":0,"item_purchase_floors":[],"current_hp_per_floor":[63,63,63,61,66,17,16,16],"gold":100,"neow_bonus":"THREE_RARE_CARDS","is_prod":false,"is_daily":false,"chose_seed":false,"campfire_upgraded":0,"win_rate":0,"timestamp":1557506725,"path_taken":["M","?","M","M","?","E","M","M"],"build_version":"2019-01-23","purchased_purges":0,"victory":false,"max_hp_per_floor":[70,70,70,70,75,82,82,82],"card_choices":[{"not_picked":["Wraith Form v2","Venomology"],"picked":"Grand Finale","floor":0},{"not_picked":["Cloak And Dagger","Predator"],"picked":"Deadly Poison","floor":1},{"not_picked":["Outmaneuver","Crippling Poison"],"picked":"Cloak And Dagger","floor":3},{"not_picked":["Prepared","Slice"],"picked":"PiercingWail","floor":4},{"not_picked":["Prepared","Grand Finale","Masterful Stab"],"picked":"SKIP","floor":6},{"not_picked":["Flying Knee","Bane"],"picked":"Quick Slash","floor":7}],"player_experience":266220,"relics_obtained":[{"floor":6,"key":"Strawberry"}],"event_choices":[{"cards_removed":["Strike_G"],"damage_healed":0,"gold_gain":0,"player_choice":"Forget","damage_taken":0,"max_hp_gain":0,"max_hp_loss":0,"event_name":"Living Wall","floor":2,"gold_loss":0},{"damage_healed":0,"gold_gain":0,"player_choice":"Donut","damage_taken":0,"max_hp_gain":5,"max_hp_loss":0,"event_name":"Big Fish","floor":5,"gold_loss":0}],"is_beta":false,"boss_relics":[],"items_purged_floors":[],"is_endless":false,"potions_floor_spawned":[3,4],"killed_by":"Exordium Wildlife","ascension_level":8}