{"gold_per_floor":[113,132,92,107,107,134,153,153],"floor_reached":8,"playtime":400,"items_purged":[],"score":70,"play_id":"e6a6b7c4-0fc4-4996-b89c-7f86765129a3","local_time":"20190423105855","is_ascension_mode":true,"campfire_choices":[],"neow_cost":"PERCENT_DAMAGE","seed_source_timestamp":799533860087793,"circlet_count":0,"master_deck":["Defend_G","Defend_G","Defend_G","Defend_G","Defend_G","Strike_G","Strike_G","Strike_G","Strike_G","Strike_G","Survivor","Neutralize","Dodge and Roll","Dash"],"relics":["Ring of the Snake","Ginger","Bottled Lightning"],"potions_floor_usage":[6,6,8,8],"damage_taken":[{"damage":0,"enemies":"Small Slimes","floor":1,"turns":3},{"damage":1,"enemies":"Cultist","floor":2,"turns":5},{"damage":0,"enemies":"Jaw Worm","floor":4,"turns":6},{"damage":17,"enemies":"Gremlin Nob","floor":6,"turns":7},{"damage":16,"enemies":"Red Slaver","floor":7,"turns":7},{"damage":15,"enemies":"Lagavulin","floor":8,"turns":8}],"seed_played":"-5132348583508081172","potions_obtained":[{"floor":3,"key":"SpeedPotion"},{"floor":3,"key":"LiquidBronze"},{"floor":3,"key":"GamblersBrew"},{"floor":5,"key":"Ancient Potion"},{"floor":5,"key":"PowerPotion"},{"floor":6,"key":"Fire Potion"}],"is_trial":false,"path_per_floor":["?","M","?"],"character_chosen":"THE_SILENT","items_purchased":[],"campfire_rested":0,"item_purchase_floors":[],"current_hp_per_floor":[49,48,48,48,48,31,15,0],"gold":153,"neow_bonus":"ONE_RARE_RELIC","is_prod":false,"is_daily":false,"chose_seed":false,"campfire_upgraded":0,"win_rate":0,"timestamp":1556009935,"path_taken":["M","M","?","?","?","E","M","E"],"build_version":"2019-01-23","purchased_purges":0,"victory":false,"max_hp_per_floor":[70,70,70,70,70,70,70,70],"card_choices":[{"not_picked":["Sucker Punch","Deadly Poison"],"picked":"Dodge and Roll","floor":1},{"not_picked":["Slice","All Out Attack"],"picked":"Dash","floor":2},{"not_picked":["Infinite Blades","Outmaneuver","Bane"],"picked":"SKIP","floor":4},{"not_picked":["Glass Knife","Expertise","Riddle With Holes"],"picked":"SKIP","floor":6},{"not_picked":["Poisoned Stab","Blade Dance","All Out Attack"],"picked":"SKIP","floor":7}],"player_experience":137347,"relics_obtained":[{"floor":6,"key":"Bottled Lightning"}],"event_choices":[{"damage_healed":0,"gold_gain":0,"player_choice":"Bought 3 Potions","damage_taken":0,"max_hp_gain":0,"max_hp_loss":0,"event_name":"The Woman in Blue","floor":3,"gold_loss":0},{"damage_healed":0,"gold_gain":0,"player_choice":"Got Potions","damage_taken":0,"max_hp_gain":0,"max_hp_loss":0,"event_name":"Lab","floor":5,"gold_loss":0}],"is_beta":false,"boss_relics":[],"items_purged_floors":[],"is_endless":false,"potions_floor_spawned":[6],"killed_by":"Lagavulin","ascension_level":4}