{"gold_per_floor":[110,110,124,142,3,3,64,64,111,125,142,142,162,162,162,239,239,254,254,91,101,101,101,10,10,10,10],"floor_reached":27,"playtime":1828,"items_purged":["Strike_G"],"score":422,"play_id":"c16086c2-64d4-49c7-974c-70ed3540fcc3","local_time":"20190324222645","is_ascension_mode":true,"campfire_choices":[{"data":"Noxious Fumes","floor":6,"key":"SMITH"},{"floor":8,"key":"REST"},{"floor":12,"key":"REST"},{"floor":15,"key":"REST"},{"data":"Catalyst","floor":23,"key":"SMITH"},{"data":"Neutralize","floor":25,"key":"SMITH"}],"neow_cost":"NONE","seed_source_timestamp":563207288220102,"circlet_count":0,"master_deck":["AscendersBane","Defend_G","Defend_G","Defend_G","Defend_G","Defend_G","Strike_G","Strike_G","Strike_G","Survivor","Neutralize+1","Dagger Spray","Flechettes","Deadly Poison","Noxious Fumes+1","Slice","Backflip","Riddle With Holes","Cloak And Dagger","Bullet Time","Deadly Poison","Endless Agony","Catalyst+1","Well Laid Plans","Deadly Poison"],"relics":["Ring of the Snake","Boot","Tiny Chest","Bag of Marbles","Mercury Hourglass","Orrery","Blue Candle","Ancient Tea Set"],"potions_floor_usage":[4,7,11,13,18],"damage_taken":[{"damage":0,"enemies":"2 Louse","floor":1,"turns":4},{"damage":0,"enemies":"Jaw Worm","floor":3,"turns":5},{"damage":2,"enemies":"Cultist","floor":4,"turns":5},{"damage":41,"enemies":"Lagavulin","floor":7,"turns":7},{"damage":24,"enemies":"Exordium Thugs","floor":10,"turns":4},{"damage":0,"enemies":"Looter","floor":11,"turns":2},{"damage":9,"enemies":"Gremlin Gang","floor":13,"turns":3},{"damage":31,"enemies":"Hexaghost","floor":16,"turns":10},{"damage":33,"enemies":"Shell Parasite","floor":18,"turns":7},{"damage":0,"enemies":"Chosen","floor":21,"turns":3},{"damage":36,"enemies":"Shelled Parasite and Fungi","floor":27,"turns":3}],"seed_played":"8728810234879970349","potions_obtained":[{"floor":3,"key":"EssenceOfSteel"},{"floor":4,"key":"Dexterity Potion"},{"floor":10,"key":"Explosive Potion"},{"floor":11,"key":"Dexterity Potion"},{"floor":16,"key":"Regen Potion"},{"floor":22,"key":"Strength Potion"},{"floor":22,"key":"SneckoOil"}],"is_trial":false,"path_per_floor":["M","?","M","M","$","R","E","R","T","M","M","R","M","T","R","B",null,"M","T","$","M","?","R","$","R","T","M"],"character_chosen":"THE_SILENT","items_purchased":["Noxious Fumes","Slice","Catalyst","Well Laid Plans","Deadly Poison"],"campfire_rested":3,"item_purchase_floors":[5,5,20,24,24],"current_hp_per_floor":[59,52,52,50,50,50,9,28,28,4,4,23,14,14,33,2,50,32,32,32,32,32,32,32,32,32,0],"gold":10,"neow_bonus":"RANDOM_COMMON_RELIC","is_prod":false,"is_daily":false,"chose_seed":false,"campfire_upgraded":3,"win_rate":0,"timestamp":1553462805,"path_taken":["M","?","M","M","$","R","E","R","T","M","M","R","M","?","R","BOSS","M","?","?","M","?","R","$","R","T","M"],"build_version":"2019-01-23","purchased_purges":1,"victory":false,"max_hp_per_floor":[66,66,66,66,66,66,66,66,66,66,66,66,66,66,66,66,66,66,66,66,66,66,66,66,66,66,66],"card_choices":[{"not_picked":["Deadly Poison","PiercingWail"],"picked":"Dagger Spray","floor":1},{"not_picked":["Outmaneuver","Quick Slash"],"picked":"Flechettes","floor":3},{"not_picked":["Dagger Throw","Underhanded Strike"],"picked":"Deadly Poison","floor":4},{"not_picked":["Sucker Punch","Choke"],"picked":"Backflip","floor":7},{"not_picked":["Flechettes","Deflect"],"picked":"Riddle With Holes","floor":10},{"not_picked":["Flying Knee","Wraith Form v2","Sucker Punch"],"picked":"SKIP","floor":11},{"not_picked":["Dash","Prepared"],"picked":"Cloak And Dagger","floor":13},{"not_picked":["Wraith Form v2","Tools of the Trade"],"picked":"Bullet Time","floor":16},{"not_picked":["Dodge and Roll","Concentrate"],"picked":"Deadly Poison","floor":17},{"not_picked":["Escape Plan","Poisoned Stab+1"],"picked":"Endless Agony","floor":18},{"not_picked":["Quick Slash","Sucker Punch","Slice"],"picked":"SKIP","floor":21}],"player_experience":2928263,"relics_obtained":[{"floor":7,"key":"Tiny Chest"},{"floor":9,"key":"Bag of Marbles"},{"floor":14,"key":"Mercury Hourglass"},{"floor":19,"key":"Blue Candle"},{"floor":26,"key":"Ancient Tea Set"}],"event_choices":[{"cards_removed":["Strike_G"],"damage_healed":0,"gold_gain":0,"player_choice":"Card Removal","damage_taken":7,"max_hp_gain":0,"max_hp_loss":0,"event_name":"Golden Wing","floor":2,"gold_loss":0},{"damage_healed":0,"gold_gain":0,"player_choice":"Got Potions","damage_taken":0,"max_hp_gain":0,"max_hp_loss":0,"event_name":"Lab","floor":22,"gold_loss":0}],"is_beta":false,"boss_relics":[{"not_picked":["White Beast Statue","Calling Bell"],"picked":"Orrery"}],"items_purged_floors":[20],"is_endless":false,"potions_floor_spawned":[3,4,10,11,16],"killed_by":"Shelled Parasite and Fungi","ascension_level":20}