{"gold_per_floor":[115,190,22,34,45,45,62,62,62,62,62,62,62,62,62,163,163,175,185,185,202,225,225,245,264,264,282,381,23,23,23,23,23],"floor_reached":33,"playtime":2696,"items_purged":[],"score":262,"play_id":"d778b62c-500c-4525-b509-e86c1d8c5124","local_time":"20190422185320","is_ascension_mode":false,"campfire_choices":[{"data":"Dualcast","floor":6,"key":"SMITH"},{"data":"Ball Lightning","floor":8,"key":"SMITH"},{"data":"Zap","floor":10,"key":"SMITH"},{"data":"Rebound","floor":12,"key":"SMITH"},{"data":"Reinforced Body","floor":15,"key":"SMITH"},{"floor":23,"key":"REST"},{"data":"Machine Learning","floor":32,"key":"SMITH"}],"neow_cost":"NONE","seed_source_timestamp":66695296906300,"circlet_count":0,"master_deck":["Strike_B+1","Strike_B+1","Strike_B+1","Strike_B+1","Defend_B+1","Defend_B+1","Defend_B+1","Defend_B+1","Zap+1","Dualcast+1","Dramatic Entrance","Blizzard","Panache","Reinforced Body+1","Rebound+1","Ball Lightning+1","Barrage","Static Discharge+1","Compile Driver","BootSequence","Machine Learning+1","Sweeping Beam+1","Beam Cell","Redo"],"relics":["FrozenCore","Bird Faced Urn","Thread and Needle","Blood Vial","Du-Vu Doll","Mango"],"potions_floor_usage":[16,16,19,24,30,33],"damage_taken":[{"damage":0,"enemies":"2 Louse","floor":1,"turns":2},{"damage":2,"enemies":"Small Slimes","floor":4,"turns":3},{"damage":0,"enemies":"Jaw Worm","floor":5,"turns":4},{"damage":0,"enemies":"2 Fungi Beasts","floor":7,"turns":4},{"damage":43,"enemies":"The Guardian","floor":16,"turns":10},{"damage":26,"enemies":"Chosen","floor":18,"turns":6},{"damage":11,"enemies":"2 Thieves","floor":19,"turns":5},{"damage":19,"enemies":"Snake Plant","floor":21,"turns":4},{"damage":17,"enemies":"3 Cultists","floor":24,"turns":4},{"damage":10,"enemies":"Chosen and Byrds","floor":25,"turns":8},{"damage":0,"enemies":"Snecko","floor":27,"turns":7},{"damage":0,"enemies":"Sentry and Sphere","floor":30,"turns":3},{"damage":79,"enemies":"Champ","floor":33,"turns":11}],"seed_played":"-9101298806295205712","potions_obtained":[{"floor":1,"key":"Dexterity Potion"},{"floor":4,"key":"Block Potion"},{"floor":16,"key":"FocusPotion"},{"floor":21,"key":"Poison Potion"},{"floor":24,"key":"SmokeBomb"},{"floor":25,"key":"SteroidPotion"}],"is_trial":false,"path_per_floor":["?","?","T","?","?","M","T","?","?"],"character_chosen":"DEFECT","items_purchased":["Panache","Redo","Mango"],"campfire_rested":1,"item_purchase_floors":[3,29,29],"current_hp_per_floor":[75,64,64,62,62,62,62,62,62,62,67,67,67,67,67,26,80,58,49,49,34,34,58,47,43,43,49,49,63,71,71,71,0],"gold":23,"neow_bonus":"RANDOM_COLORLESS","is_prod":false,"is_daily":false,"chose_seed":false,"campfire_upgraded":6,"win_rate":0.0,"timestamp":1555984400,"path_taken":["M","?","$","M","M","R","M","R","T","R","?","R","?","?","R","BOSS","M","M","?","?","?","R","M","M","T","M","?","$","M","?","R","BOSS"],"build_version":"2019-01-23","purchased_purges":0,"victory":false,"max_hp_per_floor":[75,75,75,75,75,75,75,75,75,75,80,80,80,80,80,80,80,80,80,80,80,80,80,80,80,80,80,80,94,94,94,94,94],"card_choices":[{"not_picked":["Storm","Redo"],"picked":"Blizzard","floor":1},{"not_picked":["Auto Shields","Redo"],"picked":"Reinforced Body","floor":4},{"not_picked":["Hologram","Stack"],"picked":"Rebound","floor":5},{"not_picked":["Stack","Redo"],"picked":"Ball Lightning","floor":7},{"not_picked":["Meteor Strike","Creative AI"],"picked":"Echo Form","floor":16},{"not_picked":["Turbo","Conserve Battery"],"picked":"Barrage","floor":18},{"not_picked":["Doom and Gloom","Barrage+1"],"picked":"Static Discharge+1","floor":19},{"not_picked":["Streamline","Steam"],"picked":"BootSequence","floor":21},{"not_picked":["Barrage+1","Static Discharge"],"picked":"Machine Learning","floor":24},{"not_picked":["Barrage","Hologram"],"picked":"Sweeping Beam+1","floor":25},{"not_picked":["Static Discharge","Stack"],"picked":"Beam Cell","floor":27}],"player_experience":40240,"relics_obtained":[{"floor":9,"key":"Bird Faced Urn"},{"floor":13,"key":"Thread and Needle"},{"floor":22,"key":"Blood Vial"},{"floor":26,"key":"Du-Vu Doll"}],"event_choices":[{"damage_healed":0,"gold_gain":75,"player_choice":"Gather Gold","damage_taken":11,"max_hp_gain":0,"max_hp_loss":0,"event_name":"World of Goop","floor":2,"gold_loss":0},{"damage_healed":0,"gold_gain":0,"player_choice":"Donut","damage_taken":0,"max_hp_gain":5,"max_hp_loss":0,"event_name":"Big Fish","floor":11,"gold_loss":0},{"damage_healed":0,"gold_gain":0,"player_choice":"Ignored","damage_taken":0,"max_hp_gain":0,"max_hp_loss":0,"event_name":"Liars Game","floor":14,"gold_loss":0},{"damage_healed":0,"gold_gain":0,"cards_transformed":["Echo Form"],"player_choice":"Transformed","damage_taken":0,"max_hp_gain":0,"max_hp_loss":0,"event_name":"Transmorgrifier","floor":20,"gold_loss":0,"cards_obtained":["Compile Driver"]},{"damage_healed":0,"gold_gain":99,"player_choice":"Stole From Cult","damage_taken":0,"max_hp_gain":0,"max_hp_loss":0,"event_name":"Nest","floor":28,"gold_loss":0},{"damage_healed":0,"gold_gain":0,"player_choice":"Simplicity","damage_taken":0,"max_hp_gain":0,"max_hp_loss":0,"event_name":"Back to Basics","floor":31,"gold_loss":0,"cards_upgraded":["Strike_B","Strike_B","Strike_B","Strike_B","Defend_B","Defend_B","Defend_B","Defend_B"]}],"is_beta":false,"boss_relics":[{"not_picked":["Eternal Feather","Velvet Choker"],"picked":"FrozenCore"}],"items_purged_floors":[],"is_endless":false,"potions_floor_spawned":[1,4,16,21,24,25],"killed_by":"Champ","ascension_level":0}