{"gold_per_floor":[119,131,281,297,297,297,297,297,297,297,312,332,2,13,13,87,87,103,103,17,29,29,29],"floor_reached":23,"playtime":12007,"items_purged":[],"score":362,"play_id":"017e0d9a-c66a-422f-babe-da1c00143998","local_time":"20190328223756","is_ascension_mode":true,"campfire_choices":[{"data":"Leg Sweep","floor":6,"key":"SMITH"},{"data":"Skewer","floor":8,"key":"SMITH"},{"data":"Neutralize","floor":10,"key":"SMITH"},{"floor":15,"key":"REST"}],"neow_cost":"NONE","seed_source_timestamp":81915069421708,"circlet_count":0,"master_deck":["AscendersBane","Defend_G","Defend_G","Defend_G+1","Defend_G","Defend_G","Strike_G","Strike_G","Strike_G","Strike_G","Strike_G","Survivor+1","Neutralize+1","Skewer+1","Leg Sweep+1","Doubt","Caltrops+1","Dagger Spray+1","Crippling Poison","Storm of Steel","Acrobatics+1","Noxious Fumes","Calculated Gamble"],"relics":["Ring of the Snake","NeowsBlessing","Molten Egg 2","Tingsha","Sozu"],"potions_floor_usage":[16,16],"damage_taken":[{"damage":0,"enemies":"Cultist","floor":1,"turns":1},{"damage":0,"enemies":"Jaw Worm","floor":2,"turns":1},{"damage":0,"enemies":"2 Louse","floor":4,"turns":1},{"damage":1,"enemies":"Blue Slaver","floor":11,"turns":5},{"damage":10,"enemies":"3 Louse","floor":12,"turns":5},{"damage":0,"enemies":"Lots of Slimes","floor":14,"turns":1},{"damage":6,"enemies":"The Guardian","floor":16,"turns":11},{"damage":20,"enemies":"Spheric Guardian","floor":18,"turns":5},{"damage":19,"enemies":"2 Thieves","floor":21,"turns":3},{"damage":30,"enemies":"Slavers","floor":23,"turns":3}],"seed_played":"-7037924205124986430","potions_obtained":[{"floor":1,"key":"GamblersBrew"},{"floor":11,"key":"PowerPotion"}],"is_trial":false,"path_per_floor":["M","M","?","M","?","R","?","R","T","R","M","M","$","M","R","B",null,"M","?","$","M","?","E"],"character_chosen":"THE_SILENT","items_purchased":["Tingsha","Noxious Fumes"],"campfire_rested":1,"item_purchase_floors":[13,20],"current_hp_per_floor":[59,59,59,59,39,39,39,39,39,39,38,28,28,28,47,41,60,40,36,36,17,30,0],"gold":29,"neow_bonus":"THREE_ENEMY_KILL","is_prod":false,"is_daily":false,"chose_seed":false,"campfire_upgraded":3,"win_rate":0,"timestamp":1553809076,"path_taken":["M","?","?","M","?","R","?","R","T","R","M","M","?","M","R","BOSS","M","?","$","?","?","E"],"build_version":"2019-01-23","purchased_purges":0,"victory":false,"max_hp_per_floor":[66,66,66,66,66,66,66,66,66,66,66,66,66,66,66,66,66,66,66,66,66,66,66],"card_choices":[{"not_picked":["Escape Plan","Backflip"],"picked":"Skewer","floor":1},{"not_picked":["Skewer","Poisoned Stab"],"picked":"Leg Sweep","floor":2},{"not_picked":["Escape Plan","Setup"],"picked":"Caltrops","floor":4},{"not_picked":["Skewer+1","Prepared","Underhanded Strike+1"],"picked":"SKIP","floor":11},{"not_picked":["Choke+1","Underhanded Strike+1"],"picked":"Dagger Spray+1","floor":12},{"not_picked":["Skewer+1","Deadly Poison"],"picked":"Crippling Poison","floor":14},{"not_picked":["Bullet Time","Die Die Die+1"],"picked":"Storm of Steel","floor":16},{"not_picked":["Flying Knee+1","Sucker Punch+1"],"picked":"Acrobatics+1","floor":18},{"not_picked":["Blade Dance+1","Caltrops"],"picked":"Calculated Gamble","floor":21}],"player_experience":2970961,"relics_obtained":[{"floor":9,"key":"Molten Egg 2"}],"event_choices":[{"damage_healed":0,"gold_gain":150,"player_choice":"AGREE","damage_taken":0,"max_hp_gain":0,"max_hp_loss":0,"event_name":"Liars Game","floor":3,"gold_loss":0,"cards_obtained":["Doubt"]},{"damage_healed":0,"gold_gain":0,"player_choice":"Entered Light","damage_taken":20,"max_hp_gain":0,"max_hp_loss":0,"event_name":"Shining Light","floor":5,"gold_loss":0,"cards_upgraded":["Defend_G","Survivor"]},{"damage_healed":0,"gold_gain":0,"player_choice":"Grow","damage_taken":0,"max_hp_gain":0,"max_hp_loss":0,"event_name":"Living Wall","floor":7,"gold_loss":0,"cards_upgraded":["Caltrops"]},{"damage_healed":0,"gold_gain":0,"player_choice":"Bought 0 Potions","damage_taken":0,"max_hp_gain":0,"max_hp_loss":0,"event_name":"The Woman in Blue","floor":19,"gold_loss":0},{"damage_healed":13,"gold_gain":0,"player_choice":"Heal","damage_taken":0,"max_hp_gain":0,"max_hp_loss":0,"event_name":"The Library","floor":22,"gold_loss":0}],"is_beta":false,"boss_relics":[{"not_picked":["Tiny House","Calling Bell"],"picked":"Sozu"}],"items_purged_floors":[],"is_endless":false,"potions_floor_spawned":[1,11,12,21],"killed_by":"Slavers","ascension_level":20}