{"gold_per_floor":[115,135,153,38,38,65,65,85,85,85,104,134,134,34,34,133,133,145,161,161,172,172,172,204,204,204,204,152,163,174,19,19,118,118,138,138,151,163,163,163],"floor_reached":40,"playtime":2914,"items_purged":["Strike_G","Defend_G"],"score":416,"play_id":"4a994536-1d83-452a-b621-c25f7dd90619","local_time":"20190326134220","is_ascension_mode":false,"campfire_choices":[{"data":"Infinite Blades","floor":7,"key":"SMITH"},{"floor":10,"key":"REST"},{"floor":15,"key":"REST"},{"floor":23,"key":"REST"},{"floor":27,"key":"REST"},{"floor":32,"key":"REST"}],"neow_cost":"NONE","seed_source_timestamp":535445542688911,"circlet_count":0,"master_deck":["Defend_G","Defend_G","Defend_G","Defend_G","Strike_G","Strike_G","Strike_G","Strike_G","Survivor","Neutralize","Dagger Spray","Infinite Blades+1","Blade Dance","Infinite Blades+1","Blade Dance","Envenom+1","Prepared+1","Die Die Die","Catalyst+1","Endless Agony","Slice+1","Skewer+1","Eviscerate+1","Good Instincts+1","Dodge and Roll+1","Quick Slash+1","Glass Knife+1","Noxious Fumes+1","Deflect+1"],"relics":["Ring of the Snake","Mercury Hourglass","Mummified Hand","Toxic Egg 2","HoveringKite","MutagenicStrength","Oddly Smooth Stone","Pen Nib","Molten Egg 2","Runic Pyramid"],"potions_floor_usage":[12,12,21,21,33,33,40,40,40,40,40],"damage_taken":[{"damage":0,"enemies":"Small Slimes","floor":1,"turns":3},{"damage":6,"enemies":"2 Louse","floor":2,"turns":3},{"damage":5,"enemies":"Jaw Worm","floor":3,"turns":5},{"damage":38,"enemies":"Lagavulin","floor":6,"turns":9},{"damage":0,"enemies":"2 Fungi Beasts","floor":8,"turns":3},{"damage":9,"enemies":"Exordium Thugs","floor":11,"turns":4},{"damage":15,"enemies":"Gremlin Nob","floor":12,"turns":4},{"damage":14,"enemies":"Hexaghost","floor":16,"turns":9},{"damage":24,"enemies":"2 Thieves","floor":18,"turns":3},{"damage":5,"enemies":"Chosen","floor":19,"turns":4},{"damage":16,"enemies":"Centurion and Healer","floor":21,"turns":5},{"damage":22,"enemies":"Gremlin Leader","floor":24,"turns":6},{"damage":26,"enemies":"Shelled Parasite and Fungi","floor":29,"turns":5},{"damage":12,"enemies":"Snake Plant","floor":30,"turns":2},{"damage":40,"enemies":"Automaton","floor":33,"turns":8},{"damage":24,"enemies":"3 Darklings","floor":35,"turns":3},{"damage":13,"enemies":"Orb Walker","floor":37,"turns":3},{"damage":20,"enemies":"Sphere and 2 Shapes","floor":38,"turns":4},{"damage":43,"enemies":"Nemesis","floor":40,"turns":4}],"seed_played":"-5525705628698386194","potions_obtained":[{"floor":0,"key":"Swift Potion"},{"floor":0,"key":"GhostInAJar"},{"floor":0,"key":"FairyPotion"},{"floor":8,"key":"GhostInAJar"},{"floor":12,"key":"SmokeBomb"},{"floor":16,"key":"Poison Potion"},{"floor":19,"key":"Block Potion"},{"floor":29,"key":"SpeedPotion"},{"floor":30,"key":"SkillPotion"},{"floor":33,"key":"EntropicBrew"},{"floor":38,"key":"AttackPotion"}],"is_trial":false,"path_per_floor":["?","?","?","?","?","?"],"character_chosen":"THE_SILENT","items_purchased":["Infinite Blades","Slice+1","Good Instincts+1","Dodge and Roll+1","Quick Slash+1"],"campfire_rested":5,"item_purchase_floors":[4,28,31,31,31],"current_hp_per_floor":[70,64,59,59,64,26,26,26,26,48,39,24,24,24,46,32,75,51,46,46,30,16,40,18,18,18,42,42,16,4,4,28,8,80,56,56,43,23,23,0],"gold":163,"neow_bonus":"THREE_SMALL_POTIONS","is_prod":false,"is_daily":false,"chose_seed":false,"campfire_upgraded":1,"win_rate":0.0,"timestamp":1553604140,"path_taken":["M","M","M","$","?","E","R","M","T","R","M","E","?","$","R","BOSS","M","M","?","M","?","R","E","?","T","R","$","M","M","$","R","BOSS","M","$","M","M","?","E"],"build_version":"2019-01-23","purchased_purges":2,"victory":false,"max_hp_per_floor":[70,70,70,70,75,75,75,75,75,75,75,75,75,75,75,75,75,75,75,75,75,80,80,80,80,80,80,80,80,80,80,80,80,80,80,80,80,80,80,80],"card_choices":[{"not_picked":["Blur","Expertise"],"picked":"Dagger Spray","floor":1},{"not_picked":["Blur","Acrobatics"],"picked":"Infinite Blades","floor":2},{"not_picked":["Underhanded Strike","Quick Slash"],"picked":"Blade Dance","floor":3},{"not_picked":["Predator","Expertise","Distraction"],"picked":"SKIP","floor":6},{"not_picked":["Backflip","Well Laid Plans"],"picked":"Blade Dance","floor":8},{"not_picked":["Flying Knee","Dagger Spray"],"picked":"Envenom","floor":11},{"not_picked":["Wraith Form v2","A Thousand Cuts"],"picked":"Prepared","floor":12},{"not_picked":["Corpse Explosion+1","Doppelganger+1"],"picked":"Die Die Die","floor":16},{"not_picked":["Quick Slash","Prepared+1","Dodge and Roll+1"],"picked":"SKIP","floor":18},{"not_picked":["PiercingWail+1","Expertise+1"],"picked":"Catalyst+1","floor":19},{"not_picked":["Acrobatics+1","Reflex+1","Prepared+1"],"picked":"SKIP","floor":21},{"not_picked":["Expertise+1","Acrobatics+1"],"picked":"Endless Agony","floor":24},{"not_picked":["Backflip+1","Underhanded Strike+1"],"picked":"Skewer+1","floor":29},{"not_picked":["Sucker Punch+1","Deadly Poison+1"],"picked":"Eviscerate+1","floor":30},{"not_picked":["Wraith Form v2","After Image"],"picked":"Glass Knife+1","floor":33},{"not_picked":["PiercingWail+1","Deadly Poison+1"],"picked":"Noxious Fumes+1","floor":35},{"not_picked":["PiercingWail+1","Deadly Poison+1","Sucker Punch+1"],"picked":"SKIP","floor":37},{"not_picked":["Deadly Poison+1","Dagger Throw+1"],"picked":"Deflect+1","floor":38}],"player_experience":40132,"relics_obtained":[{"floor":6,"key":"Mercury Hourglass"},{"floor":9,"key":"Mummified Hand"},{"floor":12,"key":"Toxic Egg 2"},{"floor":24,"key":"Oddly Smooth Stone"},{"floor":26,"key":"Molten Egg 2"}],"event_choices":[{"damage_healed":0,"gold_gain":0,"player_choice":"Donut","damage_taken":0,"max_hp_gain":5,"max_hp_loss":0,"event_name":"Big Fish","floor":5,"gold_loss":0},{"damage_healed":0,"gold_gain":0,"player_choice":"Grow","damage_taken":0,"max_hp_gain":0,"max_hp_loss":0,"event_name":"Living Wall","floor":13,"gold_loss":0,"cards_upgraded":["Infinite Blades"]},{"damage_healed":0,"gold_gain":0,"player_choice":"Inject Mutagens","damage_taken":0,"relics_obtained":["MutagenicStrength"],"max_hp_gain":0,"max_hp_loss":0,"event_name":"Drug Dealer","floor":20,"gold_loss":0},{"damage_healed":0,"gold_gain":0,"player_choice":"Shed Blood","damage_taken":19,"max_hp_gain":5,"max_hp_loss":0,"event_name":"Forgotten Altar","floor":22,"gold_loss":0},{"damage_healed":0,"gold_gain":0,"player_choice":"Opened","damage_taken":0,"relics_obtained":["Pen Nib"],"max_hp_gain":0,"max_hp_loss":0,"event_name":"The Mausoleum","floor":25,"gold_loss":0},{"damage_healed":0,"gold_gain":0,"player_choice":"Forge","damage_taken":0,"max_hp_gain":0,"max_hp_loss":0,"event_name":"Accursed Blacksmith","floor":39,"gold_loss":0,"cards_upgraded":["Envenom"]}],"is_beta":false,"boss_relics":[{"not_picked":["Ring of the Serpent","Philosopher\u0027s Stone"],"picked":"HoveringKite"},{"not_picked":["Busted Crown","Lizard Tail"],"picked":"Runic Pyramid"}],"items_purged_floors":[4,14],"is_endless":false,"potions_floor_spawned":[8,12,16,19,29,30,33,38],"killed_by":"Nemesis","ascension_level":0}