{"gold_per_floor":[119,129,149,164,180,180,105,124,124,124,137,164,164,181,181,286,286,298,298,198,221,240,268,268,285,285,83,83,0,20,36,36,36],"floor_reached":33,"playtime":2826,"items_purged":["Strike_G","Strike_G"],"score":271,"play_id":"5bf27e1d-fc75-42b3-9067-664473094fc8","local_time":"20190131162444","is_ascension_mode":false,"campfire_choices":[{"data":"Catalyst","floor":6.0,"key":"SMITH"},{"floor":10.0,"key":"REST"},{"data":"Deadly Poison","floor":15.0,"key":"SMITH"},{"data":"Tools of the Trade","floor":24,"key":"SMITH"},{"floor":28,"key":"REST"},{"floor":32,"key":"REST"}],"neow_cost":"NONE","seed_source_timestamp":0,"circlet_count":0,"master_deck":["Defend_G","Defend_G","Defend_G","Defend_G","Defend_G","Strike_G","Strike_G","Strike_G","Survivor","Neutralize","Well Laid Plans","Tactician","Catalyst+1","Poisoned Stab","Poisoned Stab","Catalyst","Noxious Fumes","Deadly Poison+1","Tools of the Trade+1","Flechettes+1","Neutralize+1","Deadly Poison+1","Escape Plan+1","Poisoned Stab+1","Underhanded Strike+1"],"special_seed":0,"relics":["Ring of the Serpent","Molten Egg 2","Bottled Lightning","Potion Belt","Shuriken","Darkstone Periapt","Strange Spoon"],"potions_floor_usage":[23,25,30,33],"damage_taken":[{"damage":0.0,"enemies":"Small Slimes","floor":1.0,"turns":4.0},{"damage":1.0,"enemies":"2 Louse","floor":2.0,"turns":3.0},{"damage":0.0,"enemies":"Cultist","floor":3.0,"turns":4.0},{"damage":33.0,"enemies":"Gremlin Gang","floor":4.0,"turns":6.0},{"damage":26.0,"enemies":"Exordium Thugs","floor":5.0,"turns":7.0},{"damage":6.0,"enemies":"Exordium Wildlife","floor":8.0,"turns":4.0},{"damage":4.0,"enemies":"3 Louse","floor":11.0,"turns":3.0},{"damage":23.0,"enemies":"Lagavulin","floor":12.0,"turns":5.0},{"damage":0.0,"enemies":"Large Slime","floor":14.0,"turns":5.0},{"damage":2.0,"enemies":"Hexaghost","floor":16.0,"turns":6.0},{"damage":44,"enemies":"3 Byrds","floor":18,"turns":5},{"damage":5,"enemies":"Chosen","floor":22,"turns":4},{"damage":7,"enemies":"Book of Stabbing","floor":23,"turns":3},{"damage":15,"enemies":"3 Cultists","floor":25,"turns":6},{"damage":10,"enemies":"Cultist and Chosen","floor":30,"turns":5},{"damage":17,"enemies":"Centurion and Healer","floor":31,"turns":6},{"damage":29,"enemies":"Collector","floor":33,"turns":3}],"seed_played":"2692157759307155181","potions_obtained":[{"floor":1.0,"key":"LiquidBronze"},{"floor":4.0,"key":"SpeedPotion"},{"floor":8.0,"key":"Regen Potion"},{"floor":11.0,"key":"EssenceOfSteel"},{"floor":14.0,"key":"EssenceOfSteel"},{"floor":16.0,"key":"Poison Potion"},{"floor":22,"key":"SteroidPotion"},{"floor":23,"key":"Fire Potion"},{"floor":31,"key":"Fire Potion"}],"is_trial":false,"path_per_floor":["M","M","M","M","M","R","$","M","T","R","M","E","?","M","R","B",null,"M","?","$","T","M","E","R","M","T","$","R","?","M","M","R","B"],"character_chosen":"THE_SILENT","items_purchased":["Strange Spoon"],"campfire_rested":3,"item_purchase_floors":[27],"current_hp_per_floor":[77,76,76,43,17,17,17,11,11,34,30,7,7,22,22,20,77,33,33,33,33,28,21,21,6,6,6,29,29,19,2,25,0],"gold":36,"neow_bonus":"TEN_PERCENT_HP_BONUS","is_prod":false,"is_daily":false,"chose_seed":false,"campfire_upgraded":3,"win_rate":0.0,"timestamp":1548969884,"path_taken":["M","M","M","M","M","R","$","M","T","R","M","E","?","M","R","BOSS","M","?","$","?","?","E","R","M","T","?","R","?","M","M","R","BOSS"],"build_version":"2019-01-23","purchased_purges":2,"victory":false,"max_hp_per_floor":[77,77,77,77,77,77,77,77,77,77,77,77,77,77,77,77,77,77,77,77,77,77,77,77,77,77,77,77,77,77,77,77,77],"card_choices":[{"not_picked":["All Out Attack","Deflect"],"picked":"Well Laid Plans","floor":1.0},{"not_picked":["Dagger Spray","Slice"],"picked":"Tactician","floor":2.0},{"not_picked":["Sucker Punch","Leg Sweep"],"picked":"Catalyst","floor":3.0},{"not_picked":["Caltrops","Backflip"],"picked":"Poisoned Stab","floor":4.0},{"not_picked":["Flying Knee","PiercingWail"],"picked":"Poisoned Stab","floor":5.0},{"not_picked":["Heel Hook","Blade Dance"],"picked":"Catalyst","floor":8.0},{"not_picked":["Dagger Spray+1","Footwork"],"picked":"Noxious Fumes","floor":11.0},{"not_picked":["Sucker Punch+1","Dash+1","Riddle With Holes+1"],"picked":"SKIP","floor":12.0},{"not_picked":["Slice+1","Riddle With Holes+1"],"picked":"Deadly Poison","floor":14.0},{"not_picked":["Die Die Die+1","Night Terror"],"picked":"Tools of the Trade","floor":16.0},{"not_picked":["Sucker Punch+1","Blade Dance+1","Underhanded Strike+1"],"picked":"SKIP","floor":18},{"not_picked":["Deflect","Acrobatics","Dagger Spray+1"],"picked":"SKIP","floor":22},{"not_picked":["Quick Slash+1","Blade Dance"],"picked":"Deadly Poison+1","floor":23},{"not_picked":["Sucker Punch+1","All Out Attack+1"],"picked":"Escape Plan+1","floor":25},{"not_picked":["Backflip+1","Masterful Stab+1"],"picked":"Poisoned Stab+1","floor":30},{"not_picked":["Dodge and Roll+1","Finisher+1"],"picked":"Underhanded Strike+1","floor":31}],"player_experience":29512,"relics_obtained":[{"floor":9.0,"key":"Molten Egg 2"},{"floor":12.0,"key":"Bottled Lightning"},{"floor":21,"key":"Potion Belt"},{"floor":23,"key":"Shuriken"},{"floor":26,"key":"Darkstone Periapt"}],"event_choices":[{"damage_healed":0.0,"max_hp_gain":0.0,"max_hp_loss":0.0,"gold_gain":0.0,"event_name":"Shining Light","player_choice":"Ignored","floor":13.0,"gold_loss":0.0,"damage_taken":0.0},{"damage_healed":0,"gold_gain":0,"player_choice":"2 cards matched","damage_taken":0,"max_hp_gain":0,"max_hp_loss":0,"event_name":"Match and Keep!","floor":19,"gold_loss":0,"cards_obtained":["Flechettes","Neutralize"]},{"damage_healed":0,"gold_gain":0,"player_choice":"2 cards matched","damage_taken":0,"max_hp_gain":0,"max_hp_loss":0,"event_name":"Match and Keep!","floor":19,"gold_loss":0,"cards_obtained":["Flechettes","Neutralize"]},{"damage_healed":0,"gold_gain":0,"player_choice":"Paid Fearfully","damage_taken":0,"max_hp_gain":0,"max_hp_loss":0,"event_name":"Masked Bandits","floor":29,"gold_loss":83}],"is_beta":true,"boss_relics":[{"not_picked":["Fusion Hammer","HoveringKite"],"picked":"Ring of the Serpent"}],"items_purged_floors":[7,20],"is_endless":false,"potions_floor_spawned":[1,4,8,11,14,16,22,23,31],"killed_by":"Collector","ascension_level":0}