{"gold_per_floor":[119,69,69,69,85,124,124,148,172,195,208,208,229,27,27,27],"floor_reached":16,"playtime":1034,"items_purged":[],"score":128,"play_id":"5dd6a517-868c-46d7-a88d-f448fc3b9441","local_time":"20190428073231","is_ascension_mode":true,"campfire_choices":[{"floor":7,"key":"REST"},{"floor":12,"key":"REST"},{"data":"Skewer","floor":15,"key":"SMITH"}],"neow_cost":"NONE","seed_source_timestamp":161902137282478,"circlet_count":0,"master_deck":["Defend_G","Defend_G","Defend_G","Defend_G","Strike_G","Strike_G","Strike_G","Strike_G","Survivor","Neutralize+1","Escape Plan","Acrobatics","Acrobatics","Skewer+1"],"relics":["Ring of the Snake","Golden Idol","Dream Catcher","Bag of Preparation","Lee\u0027s Waffle"],"potions_floor_usage":[11,11],"damage_taken":[{"damage":0,"enemies":"2 Louse","floor":1,"turns":6},{"damage":2,"enemies":"Small Slimes","floor":5,"turns":5},{"damage":44,"enemies":"Gremlin Nob","floor":6,"turns":6},{"damage":0,"enemies":"Jaw Worm","floor":8,"turns":5},{"damage":0,"enemies":"Blue Slaver","floor":10,"turns":8},{"damage":4,"enemies":"Lots of Slimes","floor":11,"turns":3},{"damage":12,"enemies":"Exordium Wildlife","floor":13,"turns":8},{"damage":85,"enemies":"The Guardian","floor":16,"turns":18}],"seed_played":"4172030992032465848","potions_obtained":[{"floor":8,"key":"SkillPotion"},{"floor":10,"key":"PowerPotion"},{"floor":11,"key":"Swift Potion"}],"is_trial":false,"path_per_floor":["?","?","?","M"],"character_chosen":"THE_SILENT","items_purchased":["Lee\u0027s Waffle"],"campfire_rested":2,"item_purchase_floors":[14],"current_hp_per_floor":[70,70,70,53,51,7,28,28,28,28,24,45,33,77,77,0],"gold":27,"neow_bonus":"UPGRADE_CARD","is_prod":false,"is_daily":false,"chose_seed":false,"campfire_upgraded":1,"win_rate":0,"timestamp":1556429551,"path_taken":["M","?","?","?","M","E","R","M","T","M","?","R","M","$","R","BOSS"],"build_version":"2019-01-23","purchased_purges":0,"victory":false,"max_hp_per_floor":[70,70,70,70,70,70,70,70,70,70,70,70,70,77,77,77],"card_choices":[{"not_picked":["PiercingWail","Dagger Spray"],"picked":"Escape Plan","floor":1},{"not_picked":["Setup","Sucker Punch","Deflect"],"picked":"SKIP","floor":5},{"not_picked":["Eviscerate","Dagger Spray"],"picked":"Acrobatics","floor":6},{"not_picked":["PiercingWail","Bouncing Flask"],"picked":"Acrobatics","floor":7},{"not_picked":["Choke","Setup","Distraction"],"picked":"SKIP","floor":8},{"not_picked":["Outmaneuver","Noxious Fumes"],"picked":"Skewer","floor":10},{"not_picked":["Cloak And Dagger","Bouncing Flask","Slice"],"picked":"SKIP","floor":11},{"not_picked":["Expertise","Distraction","Sucker Punch"],"picked":"SKIP","floor":13}],"player_experience":167001,"relics_obtained":[{"floor":6,"key":"Dream Catcher"},{"floor":9,"key":"Bag of Preparation"}],"event_choices":[{"cards_removed":["Strike_G"],"damage_healed":0,"gold_gain":0,"player_choice":"Card Removal","damage_taken":0,"max_hp_gain":0,"max_hp_loss":0,"event_name":"The Cleric","floor":2,"gold_loss":50},{"cards_removed":["Defend_G"],"damage_healed":0,"gold_gain":0,"player_choice":"Forget","damage_taken":0,"max_hp_gain":0,"max_hp_loss":0,"event_name":"Living Wall","floor":3,"gold_loss":0},{"damage_healed":0,"gold_gain":0,"player_choice":"Take Damage","damage_taken":17,"relics_obtained":["Golden Idol"],"max_hp_gain":0,"max_hp_loss":0,"event_name":"Golden Idol","floor":4,"gold_loss":0}],"is_beta":false,"boss_relics":[],"items_purged_floors":[],"is_endless":false,"potions_floor_spawned":[8,10,11],"killed_by":"The Guardian","ascension_level":5}