{"gold_per_floor":[111,127,127,151,8,43,43,43,69,94,129,129,154,178,178,301,601,621,253,267,142,162,193,206,221,300,321,321,321,321,321,321,321],"floor_reached":33,"playtime":1575,"items_purged":["Injury","Injury","Strike_G"],"score":399,"play_id":"bd29bcd6-ca99-4078-9d5c-4332e8d4cc71","local_time":"20190505080935","is_ascension_mode":true,"campfire_choices":[{"data":"Tactician","floor":8,"key":"SMITH"},{"data":"Neutralize","floor":12,"key":"SMITH"},{"data":"Skewer","floor":15,"key":"SMITH"},{"floor":29,"key":"REST"},{"floor":32,"key":"REST"}],"neow_cost":"NONE","seed_source_timestamp":768385117819181,"circlet_count":0,"master_deck":["Defend_G","Defend_G","Defend_G","Defend_G","Defend_G","Survivor","Neutralize+1","Tactician+1","Dagger Throw","Skewer+1","Terror","Noxious Fumes","Acrobatics","Caltrops","Corpse Explosion","Deflect","Well Laid Plans","Caltrops","Tactician+1","Dagger Throw","PiercingWail","Dodge and Roll","Bite","Bite","Bite","Bite","Bite"],"relics":["Ring of the Snake","NeowsBlessing","Bloody Idol","Strawberry","Orichalcum","Omamori","Calling Bell","Centennial Puzzle","Matryoshka","Old Coin","Lee\u0027s Waffle","Potion Belt","Snake Skull","Kunai","Happy Flower"],"potions_floor_usage":[16,23,23,25],"damage_taken":[{"damage":0,"enemies":"Cultist","floor":1,"turns":1},{"damage":0,"enemies":"Small Slimes","floor":2,"turns":1},{"damage":0,"enemies":"2 Louse","floor":4,"turns":1},{"damage":41,"enemies":"3 Sentries","floor":6,"turns":12},{"damage":16,"enemies":"Gremlin Nob","floor":11,"turns":4},{"damage":0,"enemies":"Blue Slaver","floor":13,"turns":3},{"damage":9,"enemies":"Red Slaver","floor":14,"turns":4},{"damage":28,"enemies":"The Guardian","floor":16,"turns":10},{"damage":22,"enemies":"Spheric Guardian","floor":18,"turns":5},{"damage":20,"enemies":"Shell Parasite","floor":20,"turns":6},{"damage":14,"enemies":"Cultist and Chosen","floor":22,"turns":4},{"damage":24,"enemies":"Gremlin Leader","floor":23,"turns":7},{"damage":23,"enemies":"Chosen and Byrds","floor":24,"turns":6},{"damage":15,"enemies":"Snecko","floor":25,"turns":5},{"damage":19,"enemies":"Centurion and Healer","floor":27,"turns":5},{"damage":75,"enemies":"Collector","floor":33,"turns":7}],"seed_played":"7634091005649036019","potions_obtained":[{"floor":6,"key":"PowerPotion"},{"floor":13,"key":"Strength Potion"},{"floor":16,"key":"Regen Potion"},{"floor":18,"key":"FairyPotion"},{"floor":22,"key":"Block Potion"},{"floor":24,"key":"Weak Potion"},{"floor":27,"key":"SteroidPotion"}],"is_trial":false,"path_per_floor":["M","?","?","T","M","M","?","?","T"],"character_chosen":"THE_SILENT","items_purchased":["Skewer","Lee\u0027s Waffle","Well Laid Plans"],"campfire_rested":2,"item_purchase_floors":[5,19,19],"current_hp_per_floor":[63,63,63,63,63,29,54,54,54,54,40,40,42,35,35,9,60,40,84,64,64,52,45,24,11,11,8,8,33,33,33,58,0],"gold":321,"neow_bonus":"THREE_ENEMY_KILL","is_prod":false,"is_daily":false,"chose_seed":false,"campfire_upgraded":3,"win_rate":0,"timestamp":1557036575,"path_taken":["M","?","?","M","$","E","?","R","T","?","E","R","?","M","R","BOSS","M","$","M","$","M","E","M","?","T","M","?","R","?","?","R","BOSS"],"build_version":"2019-01-23","purchased_purges":3,"victory":false,"max_hp_per_floor":[70,70,70,70,70,77,77,77,77,77,77,77,77,77,77,77,77,77,84,84,84,84,84,84,84,84,84,84,84,84,84,84,84],"card_choices":[{"not_picked":["Bane","Cloak And Dagger"],"picked":"Tactician","floor":1},{"not_picked":["Glass Knife","Blade Dance"],"picked":"Dagger Throw","floor":2},{"not_picked":["Bouncing Flask","Outmaneuver","Prepared"],"picked":"SKIP","floor":4},{"not_picked":["Flying Knee","Endless Agony"],"picked":"Terror","floor":6},{"not_picked":["Expertise","Skewer"],"picked":"Noxious Fumes","floor":11},{"not_picked":["Escape Plan","Dodge and Roll"],"picked":"Acrobatics","floor":13},{"not_picked":["Outmaneuver","Blur"],"picked":"Caltrops","floor":14},{"not_picked":["Envenom","Doppelganger"],"picked":"Corpse Explosion","floor":16},{"not_picked":["Slice","Eviscerate+1"],"picked":"Deflect","floor":18},{"not_picked":["Underhanded Strike","Dagger Throw"],"picked":"Caltrops","floor":20},{"not_picked":["Expertise+1","Bane","Infinite Blades+1"],"picked":"SKIP","floor":22},{"not_picked":["Infinite Blades","Doppelganger"],"picked":"Tactician+1","floor":23},{"not_picked":["Outmaneuver","Acrobatics"],"picked":"Dagger Throw","floor":24},{"not_picked":["Riddle With Holes","Sucker Punch"],"picked":"PiercingWail","floor":25},{"not_picked":["Well Laid Plans","Prepared"],"picked":"Dodge and Roll","floor":27}],"player_experience":230548,"relics_obtained":[{"floor":6,"key":"Strawberry"},{"floor":9,"key":"Blood Vial"},{"floor":10,"key":"Orichalcum"},{"floor":11,"key":"Omamori"},{"floor":17,"key":"Centennial Puzzle"},{"floor":17,"key":"Matryoshka"},{"floor":17,"key":"Old Coin"},{"floor":23,"key":"Potion Belt"},{"floor":26,"key":"Snake Skull"},{"floor":26,"key":"Kunai"},{"floor":31,"key":"Happy Flower"}],"event_choices":[{"damage_healed":0,"gold_gain":0,"player_choice":"Take Wound","damage_taken":0,"relics_obtained":["Golden Idol"],"max_hp_gain":0,"max_hp_loss":0,"event_name":"Golden Idol","floor":3,"gold_loss":0,"cards_obtained":["Injury"]},{"damage_healed":25,"gold_gain":0,"player_choice":"Banana","damage_taken":0,"max_hp_gain":0,"max_hp_loss":0,"event_name":"Big Fish","floor":7,"gold_loss":0},{"damage_healed":0,"gold_gain":0,"player_choice":"Gave Idol","damage_taken":0,"relics_obtained":["Bloody Idol"],"max_hp_gain":0,"max_hp_loss":0,"event_name":"Forgotten Altar","floor":28,"relics_lost":["Golden Idol"],"gold_loss":0},{"damage_healed":0,"gold_gain":0,"player_choice":"Became a vampire (Vial)","damage_taken":0,"max_hp_gain":0,"max_hp_loss":0,"event_name":"Vampires","floor":30,"relics_lost":["Blood Vial"],"gold_loss":0,"cards_obtained":["Bite","Bite","Bite","Bite","Bite"]}],"is_beta":false,"boss_relics":[{"not_picked":["Tiny House","Ectoplasm"],"picked":"Calling Bell"}],"items_purged_floors":[5,19,21],"is_endless":false,"potions_floor_spawned":[6,13,16,18,22,24,27],"killed_by":"Collector","ascension_level":7}