{"gold_per_floor":[114,39,49,62,73,104,104,104,150,150,150,150,170,205,205,301,301,325,325,325,325,305,345,345,21,67,17,17,17,17,41,41,41],"floor_reached":33,"playtime":4153,"items_purged":["Doubt","Strike_G"],"score":538,"play_id":"bf2c59fc-a026-4889-9c77-711da19a2539","local_time":"20190429122113","is_ascension_mode":true,"campfire_choices":[{"floor":7,"key":"REST"},{"data":"Neutralize","floor":10,"key":"SMITH"},{"data":"Deadly Poison","floor":12,"key":"SMITH"},{"data":"Skewer","floor":15,"key":"SMITH"},{"floor":24,"key":"REST"},{"data":"Blade Dance","floor":28,"key":"SMITH"},{"floor":30,"key":"REST"},{"floor":32,"key":"REST"}],"neow_cost":"CURSE","seed_source_timestamp":619594405176727,"circlet_count":0,"master_deck":["AscendersBane","Defend_G","Defend_G","Defend_G","Defend_G","Defend_G","Strike_G","Strike_G","Strike_G","Strike_G","Survivor","Neutralize+1","Poisoned Stab","Backflip","Blur","Deadly Poison+1","Bane","Injury","Skewer+1","Unload","Wraith Form v2+1","Bouncing Flask","Writhe","Blade Dance+1","Blade Dance"],"relics":["Ring of the Snake","Pocketwatch","Frozen Egg 2","Golden Idol","Lantern","Potion Belt","White Beast Statue","Juzu Bracelet","Nilry\u0027s Codex","Du-Vu Doll","ClockworkSouvenir","Oddly Smooth Stone"],"potions_floor_usage":[13,14,23,23,23,29,33],"damage_taken":[{"damage":3,"enemies":"Small Slimes","floor":1,"turns":6},{"damage":2,"enemies":"2 Louse","floor":3,"turns":4},{"damage":0,"enemies":"Cultist","floor":4,"turns":3},{"damage":4,"enemies":"Exordium Wildlife","floor":5,"turns":6},{"damage":40,"enemies":"Lagavulin","floor":6,"turns":7},{"damage":2,"enemies":"Exordium Thugs","floor":13,"turns":4},{"damage":7,"enemies":"3 Sentries","floor":14,"turns":9},{"damage":38,"enemies":"Slime Boss","floor":16,"turns":12},{"damage":10,"enemies":"3 Byrds","floor":18,"turns":6},{"damage":15,"enemies":"Book of Stabbing","floor":23,"turns":5},{"damage":7,"enemies":"Colosseum Slavers","floor":29,"turns":4},{"damage":16,"enemies":"2 Thieves","floor":31,"turns":4},{"damage":81,"enemies":"Champ","floor":33,"turns":10}],"seed_played":"-5583689482619291167","potions_obtained":[{"floor":3,"key":"GamblersBrew"},{"floor":6,"key":"Fire Potion"},{"floor":13,"key":"Fire Potion"},{"floor":16,"key":"LiquidBronze"},{"floor":18,"key":"GamblersBrew"},{"floor":20,"key":"PowerPotion"},{"floor":20,"key":"SkillPotion"},{"floor":23,"key":"Fire Potion"},{"floor":31,"key":"FairyPotion"}],"is_trial":false,"path_per_floor":["M","$","M","M","M","E","R","?","T","R","?","R","M","E","R","B",null,"M","?","?","?","?","E","R","$","T","$","R","?","R","M","R","B"],"character_chosen":"THE_SILENT","items_purchased":["ClockworkSouvenir","Blade Dance"],"campfire_rested":4,"item_purchase_floors":[25,27],"current_hp_per_floor":[56,56,54,54,50,10,29,29,29,29,51,51,49,42,42,4,51,41,41,41,20,20,5,24,24,24,24,24,17,36,20,39,0],"gold":41,"neow_bonus":"ONE_RARE_RELIC","is_prod":false,"is_daily":false,"chose_seed":false,"campfire_upgraded":4,"win_rate":0,"timestamp":1556533273,"path_taken":["M","$","M","M","M","E","R","?","T","R","?","R","M","E","R","BOSS","M","?","?","?","?","E","R","$","T","?","R","?","R","M","R","BOSS"],"build_version":"2019-01-23","purchased_purges":2,"victory":false,"max_hp_per_floor":[66,66,66,66,66,66,66,66,66,66,66,66,66,66,66,66,66,66,66,66,66,66,66,66,66,66,66,66,66,66,66,66,66],"card_choices":[{"not_picked":["Heel Hook","Bane"],"picked":"Poisoned Stab","floor":1},{"not_picked":["Tactician","Eviscerate"],"picked":"Backflip","floor":3},{"not_picked":["Sucker Punch","Accuracy"],"picked":"Blur","floor":4},{"not_picked":["Bane","Dagger Throw"],"picked":"Deadly Poison","floor":5},{"not_picked":["Choke","Terror"],"picked":"Bane","floor":6},{"not_picked":["Quick Slash","Accuracy+1"],"picked":"Skewer","floor":13},{"not_picked":["Dagger Throw","Prepared"],"picked":"Unload","floor":14},{"not_picked":["Phantasmal Killer","Die Die Die"],"picked":"Wraith Form v2+1","floor":16},{"not_picked":["Quick Slash","All Out Attack"],"picked":"Bouncing Flask","floor":18},{"not_picked":["Underhanded Strike","Masterful Stab","Quick Slash"],"picked":"SKIP","floor":23},{"not_picked":["Backflip","Flechettes"],"picked":"Blade Dance","floor":31}],"player_experience":3177545,"relics_obtained":[{"floor":6,"key":"Frozen Egg 2"},{"floor":9,"key":"Lantern"},{"floor":14,"key":"Potion Belt"},{"floor":21,"key":"Nilry\u0027s Codex"},{"floor":23,"key":"Du-Vu Doll"},{"floor":26,"key":"Oddly Smooth Stone"}],"event_choices":[{"damage_healed":0,"gold_gain":0,"player_choice":"Take Wound","damage_taken":0,"relics_obtained":["Golden Idol"],"max_hp_gain":0,"max_hp_loss":0,"event_name":"Golden Idol","floor":8,"gold_loss":0,"cards_obtained":["Injury"]},{"damage_healed":22,"gold_gain":0,"player_choice":"Banana","damage_taken":0,"max_hp_gain":0,"max_hp_loss":0,"event_name":"Big Fish","floor":11,"gold_loss":0},{"damage_healed":0,"gold_gain":0,"player_choice":"Opened","damage_taken":0,"relics_obtained":["Juzu Bracelet"],"max_hp_gain":0,"max_hp_loss":0,"event_name":"The Mausoleum","floor":19,"gold_loss":0,"cards_obtained":["Writhe"]},{"damage_healed":0,"gold_gain":0,"player_choice":"Got Potions","damage_taken":0,"max_hp_gain":0,"max_hp_loss":0,"event_name":"Lab","floor":20,"gold_loss":0},{"damage_healed":0,"gold_gain":0,"player_choice":"Obtained Book","damage_taken":21,"max_hp_gain":0,"max_hp_loss":0,"event_name":"Cursed Tome","floor":21,"gold_loss":0},{"damage_healed":0,"gold_gain":0,"player_choice":"Bought 1 Potion","damage_taken":0,"max_hp_gain":0,"max_hp_loss":0,"event_name":"The Woman in Blue","floor":22,"gold_loss":0},{"damage_healed":0,"gold_gain":0,"player_choice":"Fight","damage_taken":0,"max_hp_gain":0,"max_hp_loss":0,"event_name":"Colosseum","floor":29,"gold_loss":0},{"damage_healed":0,"gold_gain":0,"player_choice":"Fled From Nobs","damage_taken":0,"max_hp_gain":0,"max_hp_loss":0,"event_name":"Colosseum","floor":29,"gold_loss":0}],"is_beta":false,"boss_relics":[{"not_picked":["Orrery","Sozu"],"picked":"White Beast Statue"}],"items_purged_floors":[2,25],"is_endless":false,"potions_floor_spawned":[3,6,13,16,18,23,29,31],"killed_by":"Champ","ascension_level":20}