{"gold_per_floor":[119,69,169,181,256,256,270,270,294,294,328,353,375,387,399,486,498,527,567,579,73,93,93,151,165,165,165,264,264,292,305,305,377,427,442,454,469,122,344,379,379,379,458,458,493,75,87,187,187,187],"floor_reached":51,"playtime":4052,"items_purged":["Strike_R","Normality","Doubt"],"score":1250,"play_id":"71521523-3df7-40fb-8a8a-e3c9e8f56f26","local_time":"20190331130730","is_ascension_mode":true,"campfire_choices":[{"data":"Infernal Blade","floor":6.0,"key":"SMITH"},{"data":"Metallicize","floor":8.0,"key":"SMITH"},{"floor":10.0,"key":"REST"},{"data":"Armaments","floor":15.0,"key":"SMITH"},{"floor":23.0,"key":"REST"},{"floor":29.0,"key":"REST"},{"floor":32.0,"key":"REST"},{"data":"Demon Form","floor":41.0,"key":"SMITH"},{"floor":44.0,"key":"REST"},{"data":"Inflame","floor":49.0,"key":"SMITH"}],"neow_cost":"PERCENT_DAMAGE","seed_source_timestamp":33020489059319,"circlet_count":0,"master_deck":["AscendersBane","Strike_R","Defend_R","Defend_R","Defend_R","Defend_R","Bash","Infernal Blade+1","Demon Form+1","Metallicize+1","Cleave","Thunderclap","Cleave","Armaments+1","Pummel","Heavy Blade","Double Tap","Anger","Shrug It Off","Mayhem","Armaments+1","Headbutt+1","Feed","Clumsy","Inflame+1","Pommel Strike","Headbutt","Reaper","Heavy Blade","Battle Trance","Barricade","Shrug It Off","Reaper"],"special_seed":0,"relics":["Burning Blood","Dream Catcher","MawBank","Cursed Key","Red Mask","Pen Nib","Tiny Chest","Shuriken","Smiling Mask","Pear","Tiny House","Singing Bowl","Bottled Flame","Paper Frog","Nunchaku","Anchor","Incense Burner"],"potions_floor_usage":[],"damage_taken":[{"damage":3.0,"enemies":"2 Louse","floor":1.0,"turns":3.0},{"damage":11.0,"enemies":"Cultist","floor":4.0,"turns":6.0},{"damage":12.0,"enemies":"Jaw Worm","floor":7.0,"turns":5.0},{"damage":17.0,"enemies":"3 Sentries","floor":11.0,"turns":5.0},{"damage":0.0,"enemies":"Exordium Wildlife","floor":12.0,"turns":2.0},{"damage":8.0,"enemies":"Blue Slaver","floor":13.0,"turns":5.0},{"damage":19.0,"enemies":"Hexaghost","floor":16.0,"turns":9.0},{"damage":13.0,"enemies":"Spheric Guardian","floor":18.0,"turns":3.0},{"damage":41.0,"enemies":"Masked Bandits","floor":19.0,"turns":4.0},{"damage":3.0,"enemies":"Chosen","floor":22.0,"turns":3.0},{"damage":2.0,"enemies":"Gremlin Leader","floor":24.0,"turns":5.0},{"damage":27.0,"enemies":"Shelled Parasite and Fungi","floor":25.0,"turns":5.0},{"damage":44.0,"enemies":"Book of Stabbing","floor":30.0,"turns":5.0},{"damage":13.0,"enemies":"Centurion and Healer","floor":31.0,"turns":5.0},{"damage":9.0,"enemies":"Champ","floor":33.0,"turns":7.0},{"damage":32.0,"enemies":"3 Darklings","floor":35.0,"turns":5.0},{"damage":0.0,"enemies":"3 Shapes","floor":36.0,"turns":7.0},{"damage":41.0,"enemies":"3 Darklings","floor":37.0,"turns":8.0},{"damage":38.0,"enemies":"Reptomancer","floor":40.0,"turns":6.0},{"damage":71.0,"enemies":"Nemesis","floor":45.0,"turns":5.0},{"damage":13.0,"enemies":"Spire Growth","floor":47.0,"turns":4.0},{"damage":16.0,"enemies":"Mind Bloom Boss Battle","floor":48.0,"turns":8.0},{"damage":84,"enemies":"Time Eater","floor":50,"turns":12}],"seed_played":"2002919079843584012","potions_obtained":[{"floor":1.0,"key":"Energy Potion"},{"floor":4.0,"key":"Weak Potion"},{"floor":16.0,"key":"GamblersBrew"},{"floor":22.0,"key":"GamblersBrew"},{"floor":25.0,"key":"Poison Potion"},{"floor":31.0,"key":"SpeedPotion"},{"floor":34.0,"key":"Energy Potion"},{"floor":36.0,"key":"PowerPotion"},{"floor":40.0,"key":"BloodPotion"},{"floor":47.0,"key":"GamblersBrew"}],"is_trial":false,"path_per_floor":["M","?","?","M","?","R","M","R","T","R","E","M","M","$","R","B",null,"M","?","?","$","M","R","E","M","T","T","?","R","E","M","R","B",null,"M","M","M","$","?","E","R","?","T","R","E","$","M","?","R","B",null],"character_chosen":"IRONCLAD","items_purchased":["Regen Potion","Shrug It Off","Pen Nib","Mayhem","Singing Bowl","Energy Potion","Shrug It Off","Anchor","Reaper"],"campfire_rested":5,"item_purchase_floors":[21,21,21,21,38,38,46,46,46],"current_hp_per_floor":[53,53,53,48,37,37,31,31,31,53,42,48,46,46,46,33,65,58,23,9,9,21,45,49,31,31,31,31,55,30,23,51,48,89,63,69,70,70,70,40,40,40,40,72,7,7,27,90,90,12],"gold":187,"neow_bonus":"TRANSFORM_TWO_CARDS","is_prod":false,"is_daily":false,"chose_seed":false,"campfire_upgraded":5,"win_rate":0,"timestamp":1554062850,"path_taken":["M","?","?","?","?","R","M","R","T","R","E","M","M","$","R","BOSS","M","?","?","$","M","R","E","M","T","?","?","R","E","M","R","BOSS","M","M","M","$","?","E","R","?","T","R","E","$","M","?","R","BOSS"],"build_version":"2019-01-23","purchased_purges":3,"victory":true,"max_hp_per_floor":[75,75,75,75,75,75,75,75,75,75,75,75,75,75,75,75,75,75,75,80,80,80,80,80,83,83,83,83,83,96,96,96,96,101,101,101,101,101,101,103,103,103,103,105,105,105,110,112,112,112],"card_choices":[{"not_picked":["Shockwave","Sever Soul"],"picked":"Metallicize","floor":1.0},{"not_picked":["Perfected Strike","Feel No Pain"],"picked":"Cleave","floor":4.0},{"not_picked":["Disarm","Infernal Blade"],"picked":"Thunderclap","floor":7.0},{"not_picked":["Combust","Wild Strike"],"picked":"Cleave","floor":10.0},{"not_picked":["Rupture","Flame Barrier"],"picked":"Armaments","floor":11.0},{"not_picked":["Cleave","Fire Breathing"],"picked":"Pummel","floor":12.0},{"not_picked":["Blood for Blood","Thunderclap"],"picked":"Heavy Blade","floor":13.0},{"not_picked":["Juggernaut","Fiend Fire"],"picked":"Double Tap","floor":16.0},{"not_picked":["Carnage","Perfected Strike"],"picked":"Anger","floor":18.0},{"not_picked":["Dark Embrace","Perfected Strike+1"],"picked":"Armaments","floor":22.0},{"not_picked":["Dual Wield","Anger"],"picked":"Headbutt+1","floor":23.0},{"not_picked":["True Grit+1","Thunderclap+1"],"picked":"Feed","floor":24.0},{"not_picked":["Rampage","Flex+1","Whirlwind+1"],"picked":"SKIP","floor":25.0},{"not_picked":["Body Slam","Bloodletting"],"picked":"Inflame","floor":29.0},{"not_picked":["Infernal Blade","Dual Wield"],"picked":"Pommel Strike","floor":30.0},{"not_picked":["Searing Blow","Thunderclap+1","Clash+1"],"picked":"SKIP","floor":31.0},{"not_picked":["Intimidate","Entrench"],"picked":"Headbutt","floor":32.0},{"not_picked":["Dark Embrace","Fiend Fire"],"picked":"Reaper","floor":33.0},{"not_picked":["Havoc","Twin Strike+1"],"picked":"Heavy Blade","floor":34.0},{"not_picked":["Combust","Rupture+1","Clothesline"],"picked":"SKIP","floor":35.0},{"not_picked":["Sentinel","Flex","Burning Pact"],"picked":"SKIP","floor":36.0},{"not_picked":["Sword Boomerang","Headbutt"],"picked":"Battle Trance","floor":37.0},{"not_picked":["Searing Blow+1","Hemokinesis","Headbutt+1"],"picked":"Singing Bowl","floor":40.0},{"not_picked":["Fire Breathing","Warcry","Shockwave+1"],"picked":"Singing Bowl","floor":44.0},{"not_picked":["Havoc+1","Headbutt"],"picked":"Barricade","floor":45.0},{"not_picked":["Burning Pact","Body Slam","Iron Wave"],"picked":"Singing Bowl","floor":47.0},{"not_picked":["Wild Strike","Pommel Strike+1","Burning Pact"],"picked":"Singing Bowl","floor":48.0}],"player_experience":577759,"relics_obtained":[{"floor":9.0,"key":"Dream Catcher"},{"floor":11.0,"key":"MawBank"},{"floor":19.0,"key":"Red Mask"},{"floor":24.0,"key":"Tiny Chest"},{"floor":26.0,"key":"Shuriken"},{"floor":27.0,"key":"Smiling Mask"},{"floor":30.0,"key":"Pear"},{"floor":40.0,"key":"Bottled Flame"},{"floor":43.0,"key":"Paper Frog"},{"floor":45.0,"key":"Nunchaku"},{"floor":48.0,"key":"Incense Burner"}],"event_choices":[{"cards_removed":["Strike_R"],"damage_healed":0.0,"max_hp_gain":0.0,"max_hp_loss":0.0,"gold_gain":0.0,"event_name":"The Cleric","player_choice":"Card Removal","floor":2.0,"gold_loss":50.0,"damage_taken":0.0},{"damage_healed":0.0,"max_hp_gain":0.0,"max_hp_loss":0.0,"gold_gain":100.0,"event_name":"Golden Shrine","player_choice":"Pray","floor":3.0,"gold_loss":0.0,"damage_taken":0.0},{"damage_healed":0.0,"max_hp_gain":0.0,"max_hp_loss":0.0,"gold_gain":75.0,"event_name":"World of Goop","player_choice":"Gather Gold","floor":5.0,"gold_loss":0.0,"damage_taken":11.0},{"damage_healed":0.0,"max_hp_gain":0.0,"max_hp_loss":0.0,"gold_gain":0.0,"event_name":"Masked Bandits","player_choice":"Fought Bandits","floor":19.0,"gold_loss":0.0,"damage_taken":0.0},{"damage_healed":0.0,"max_hp_gain":5.0,"max_hp_loss":0.0,"gold_gain":0.0,"event_name":"Forgotten Altar","player_choice":"Shed Blood","floor":20.0,"gold_loss":0.0,"damage_taken":19.0},{"damage_healed":0.0,"max_hp_gain":0.0,"max_hp_loss":0.0,"gold_gain":99.0,"event_name":"Nest","player_choice":"Stole From Cult","floor":28.0,"gold_loss":0.0,"damage_taken":0.0},{"damage_healed":0.0,"max_hp_gain":0.0,"max_hp_loss":0.0,"gold_gain":222.0,"event_name":"Tomb of Lord Red Mask","player_choice":"Wore Mask","floor":39.0,"gold_loss":0.0,"damage_taken":0.0},{"damage_healed":0.0,"max_hp_gain":0.0,"max_hp_loss":0.0,"gold_gain":0.0,"event_name":"Mysterious Sphere","player_choice":"Ignored","floor":42.0,"gold_loss":0.0,"damage_taken":0.0},{"damage_healed":0.0,"max_hp_gain":0.0,"max_hp_loss":0.0,"gold_gain":0.0,"event_name":"MindBloom","player_choice":"Fight","floor":48.0,"gold_loss":0.0,"damage_taken":0.0}],"is_beta":false,"boss_relics":[{"not_picked":["Velvet Choker","Fusion Hammer"],"picked":"Cursed Key"},{"not_picked":["Philosopher\u0027s Stone","Mark of Pain"],"picked":"Tiny House"}],"items_purged_floors":[21,38,46],"is_endless":false,"potions_floor_spawned":[1,4,7,16,22,25,31,36,40,47],"ascension_level":14}