{"gold_per_floor":[111,131,143,143,68,68,101,101,125,54,68,68,68,88,88,184,184,198,214,229,241,254,254,269,285,309,323,323,323,358,112,112,112],"floor_reached":33,"playtime":2240,"items_purged":["Bash","Strike_R"],"score":321,"play_id":"45dc74dc-1562-4971-a173-305ac8919593","local_time":"20190104213319","is_ascension_mode":false,"campfire_choices":[{"floor":6,"key":"REST"},{"data":"Iron Wave","floor":12,"key":"SMITH"},{"data":"Uppercut","floor":15,"key":"SMITH"},{"data":"Iron Wave","floor":23,"key":"SMITH"},{"data":"Iron Wave","floor":28,"key":"SMITH"},{"data":"Headbutt","floor":32,"key":"SMITH"}],"neow_cost":"NONE","seed_source_timestamp":13147385904073,"circlet_count":0,"master_deck":["Strike_R","Strike_R","Strike_R","Strike_R","Defend_R","Defend_R","Defend_R","Defend_R","Thunderclap","Uppercut+1","Iron Wave+1","Dropkick","Feed","Twin Strike+1","Iron Wave+1","Rage+1","Iron Wave+1","Iron Wave+1","Good Instincts","Headbutt+1"],"relics":["Burning Blood","Bag of Marbles","Dodecahedron","Dream Catcher","Velvet Choker","Oddly Smooth Stone","Boot","PreservedInsect"],"potions_floor_usage":[],"damage_taken":[{"damage":5,"enemies":"Jaw Worm","floor":1,"turns":5},{"damage":5,"enemies":"Cultist","floor":2,"turns":4},{"damage":7,"enemies":"2 Louse","floor":3,"turns":3},{"damage":36,"enemies":"Gremlin Nob","floor":7,"turns":5},{"damage":2,"enemies":"Looter","floor":11,"turns":3},{"damage":0,"enemies":"Exordium Thugs","floor":14,"turns":3},{"damage":48,"enemies":"Hexaghost","floor":16,"turns":10},{"damage":0,"enemies":"Spheric Guardian","floor":18,"turns":3},{"damage":0,"enemies":"Chosen","floor":19,"turns":4},{"damage":4,"enemies":"3 Cultists","floor":20,"turns":6},{"damage":0,"enemies":"Chosen and Byrds","floor":21,"turns":5},{"damage":3,"enemies":"Centurion and Healer","floor":22,"turns":4},{"damage":4,"enemies":"Snecko","floor":24,"turns":4},{"damage":4,"enemies":"Shelled Parasite and Fungi","floor":25,"turns":4},{"damage":15,"enemies":"Cultist and Chosen","floor":27,"turns":5},{"damage":8,"enemies":"Slavers","floor":30,"turns":7},{"damage":99,"enemies":"Automaton","floor":33,"turns":10}],"seed_played":"3915758303641061235","potions_obtained":[{"floor":1,"key":"Weak Potion"},{"floor":3,"key":"Fire Potion"},{"floor":11,"key":"AttackPotion"},{"floor":18,"key":"Strength Potion"},{"floor":21,"key":"Regen Potion"}],"is_trial":false,"path_per_floor":["M","M","M","?","$","R","E","?","T","$","M","R","?","M","R","B",null,"M","M","M","M","M","R","M","M","T","M","R","?","E","$","R","B"],"character_chosen":"IRONCLAD","items_purchased":["Uppercut","PreservedInsect"],"campfire_rested":1,"item_purchase_floors":[10,31],"current_hp_per_floor":[88,88,87,54,54,80,50,88,88,88,88,88,88,88,88,46,88,91,91,94,94,94,94,97,100,100,94,94,94,95,95,95,0],"gold":112,"neow_bonus":"TEN_PERCENT_HP_BONUS","is_prod":false,"is_daily":false,"chose_seed":false,"campfire_upgraded":5,"win_rate":0,"timestamp":1546597999,"path_taken":["M","M","M","?","$","R","E","?","T","$","?","R","?","M","R","BOSS","M","M","M","M","M","R","M","M","T","M","R","?","E","$","R","BOSS"],"build_version":"2019-01-03v3","purchased_purges":2,"victory":false,"max_hp_per_floor":[88,88,88,88,88,88,88,88,88,88,88,88,88,88,88,88,88,91,91,94,94,94,94,97,100,100,103,103,103,106,106,106,106],"card_choices":[{"not_picked":["Second Wind","Anger","Spot Weakness"],"picked":"SKIP","floor":1},{"not_picked":["Whirlwind","Warcry","Bloodletting"],"picked":"SKIP","floor":2},{"not_picked":["Corruption","Flame Barrier"],"picked":"Thunderclap","floor":3},{"not_picked":["Brutality","Body Slam"],"picked":"Ghostly Armor","floor":7},{"not_picked":["Clothesline","Entrench"],"picked":"Iron Wave","floor":11},{"not_picked":["Power Through","Metallicize"],"picked":"Dropkick","floor":14},{"not_picked":["Limit Break","Double Tap"],"picked":"Feed","floor":16},{"not_picked":["Fire Breathing+1","Reckless Charge","Body Slam"],"picked":"SKIP","floor":18},{"not_picked":["Body Slam","Iron Wave"],"picked":"Twin Strike+1","floor":19},{"not_picked":["Fire Breathing","Pummel"],"picked":"Iron Wave+1","floor":20},{"not_picked":["Rupture","Warcry"],"picked":"Rage+1","floor":21},{"not_picked":["Perfected Strike","Clash+1"],"picked":"Iron Wave","floor":22},{"not_picked":["Burning Pact","Warcry+1","Clash"],"picked":"SKIP","floor":24},{"not_picked":["Battle Trance","Clash+1","Twin Strike"],"picked":"SKIP","floor":25},{"not_picked":["True Grit","Twin Strike"],"picked":"Iron Wave","floor":27},{"not_picked":["Pummel","Fiend Fire"],"picked":"Headbutt","floor":30}],"player_experience":10780,"relics_obtained":[{"floor":7,"key":"Dodecahedron"},{"floor":9,"key":"Dream Catcher"},{"floor":26,"key":"Oddly Smooth Stone"},{"floor":30,"key":"Boot"}],"event_choices":[{"damage_healed":0,"gold_gain":0,"player_choice":"Success","damage_taken":33,"relics_obtained":["Bag of Marbles"],"max_hp_gain":0,"max_hp_loss":0,"event_name":"Scrap Ooze","floor":4,"gold_loss":0},{"cards_removed":["Ghostly Armor"],"damage_healed":38,"gold_gain":0,"player_choice":"Offered Uncommon","damage_taken":0,"max_hp_gain":0,"max_hp_loss":0,"event_name":"Bonfire Elementals","floor":8,"gold_loss":0},{"damage_healed":0,"gold_gain":0,"player_choice":"Ignored","damage_taken":0,"max_hp_gain":0,"max_hp_loss":0,"event_name":"Liars Game","floor":13,"gold_loss":0},{"damage_healed":0,"gold_gain":0,"player_choice":"1 cards matched","damage_taken":0,"max_hp_gain":0,"max_hp_loss":0,"event_name":"Match and Keep!","floor":29,"gold_loss":0,"cards_obtained":["Good Instincts"]}],"is_beta":false,"boss_relics":[{"not_picked":["Ectoplasm","Runic Cube"],"picked":"Velvet Choker"}],"items_purged_floors":[5,31],"is_endless":false,"potions_floor_spawned":[1,3,11,18,20,21,24,27,30],"killed_by":"Automaton","ascension_level":0}