{"gold_per_floor":[119,119,180,68,83,103,103,3,56,75,103,103,113,125,125,199,199,214,89,100,150,163,195,170,170],"floor_reached":25,"playtime":2311,"items_purged":["Strike_G","Strike_G","Strike_G"],"score":450,"play_id":"b2bfcf17-7663-4295-8314-803a22aee607","local_time":"20190310095457","is_ascension_mode":true,"campfire_choices":[{"data":"Noxious Fumes","floor":7,"key":"SMITH"},{"data":"Leg Sweep","floor":12,"key":"SMITH"},{"floor":15,"key":"REST"}],"neow_cost":"NONE","seed_source_timestamp":337048950338013,"circlet_count":0,"master_deck":["AscendersBane","Defend_G","Defend_G","Defend_G","Defend_G","Defend_G","Strike_G","Survivor","Neutralize","Leg Sweep","Footwork","Noxious Fumes+1","Leg Sweep+1","Outmaneuver","Deadly Poison","Backflip","Catalyst","Corpse Explosion","After Image","Caltrops","Deadly Poison","Decay","Footwork","Deflect"],"relics":["Ring of the Snake","NeowsBlessing","SsserpentHead","Happy Flower","Oddly Smooth Stone","Fusion Hammer","Mummified Hand"],"potions_floor_usage":[10,13,23],"damage_taken":[{"damage":0,"enemies":"Cultist","floor":1,"turns":1},{"damage":0,"enemies":"Jaw Worm","floor":3,"turns":1},{"damage":0,"enemies":"Small Slimes","floor":5,"turns":1},{"damage":8,"enemies":"Exordium Wildlife","floor":6,"turns":9},{"damage":0,"enemies":"3 Louse","floor":10,"turns":8},{"damage":23,"enemies":"3 Sentries","floor":11,"turns":10},{"damage":5,"enemies":"Exordium Thugs","floor":13,"turns":7},{"damage":2,"enemies":"Looter","floor":14,"turns":4},{"damage":2,"enemies":"The Guardian","floor":16,"turns":9},{"damage":0,"enemies":"Shell Parasite","floor":18,"turns":4},{"damage":16,"enemies":"Spheric Guardian","floor":20,"turns":4},{"damage":11,"enemies":"Centurion and Healer","floor":22,"turns":5},{"damage":31,"enemies":"Slavers","floor":23,"turns":5},{"damage":2,"enemies":"Snake Plant","floor":25,"turns":2}],"seed_played":"-2232096110053128541","potions_obtained":[{"floor":1,"key":"Ancient Potion"},{"floor":5,"key":"Poison Potion"},{"floor":11,"key":"Block Potion"},{"floor":18,"key":"Strength Potion"}],"is_trial":false,"path_per_floor":["M","?","M","$","M","M","R","$","T","M","E","R","M","M","R","B",null,"M","$","M","?","M","E","?","M"],"character_chosen":"THE_SILENT","items_purchased":["Noxious Fumes"],"campfire_rested":1,"item_purchase_floors":[4],"current_hp_per_floor":[59,59,59,59,59,51,51,51,51,51,28,28,23,21,40,38,59,59,59,43,43,32,1,1,0],"gold":170,"neow_bonus":"THREE_ENEMY_KILL","is_prod":false,"is_daily":false,"chose_seed":false,"campfire_upgraded":2,"win_rate":0,"timestamp":1552208097,"path_taken":["M","?","?","?","M","M","R","$","T","M","E","R","M","M","R","BOSS","M","$","M","?","M","E","?","M"],"build_version":"2019-01-23","purchased_purges":3,"victory":false,"max_hp_per_floor":[66,66,66,66,66,66,66,66,66,66,66,66,66,66,66,66,66,66,66,66,66,66,66,66,66],"card_choices":[{"not_picked":["Riddle With Holes","Outmaneuver"],"picked":"Leg Sweep","floor":1},{"not_picked":["Sucker Punch","Prepared"],"picked":"Footwork","floor":3},{"not_picked":["Tactician","Dagger Spray"],"picked":"Leg Sweep","floor":5},{"not_picked":["Wraith Form v2","Masterful Stab"],"picked":"Outmaneuver","floor":6},{"not_picked":["Dagger Spray","Prepared"],"picked":"Deadly Poison","floor":10},{"not_picked":["Underhanded Strike","Bane"],"picked":"Backflip","floor":11},{"not_picked":["Cloak And Dagger","PiercingWail"],"picked":"Catalyst","floor":13},{"not_picked":["Backstab","Slice"],"picked":"Corpse Explosion","floor":14},{"not_picked":["Venomology","Envenom"],"picked":"After Image","floor":16},{"not_picked":["Poisoned Stab","Calculated Gamble"],"picked":"Caltrops","floor":18},{"not_picked":["Acrobatics","Dagger Spray"],"picked":"Deadly Poison","floor":20},{"not_picked":["Deadly Poison","Dash"],"picked":"Footwork","floor":22},{"not_picked":["Caltrops","Finisher"],"picked":"Deflect","floor":23}],"player_experience":2886842,"relics_obtained":[{"floor":9,"key":"Happy Flower"},{"floor":11,"key":"Oddly Smooth Stone"},{"floor":23,"key":"Mummified Hand"}],"event_choices":[{"damage_healed":0,"gold_gain":0,"player_choice":"Trade","damage_taken":0,"relics_obtained":["SsserpentHead"],"max_hp_gain":0,"max_hp_loss":0,"event_name":"FaceTrader","floor":2,"gold_loss":0},{"damage_healed":0,"gold_gain":0,"player_choice":"Smashed Altar","damage_taken":0,"max_hp_gain":0,"max_hp_loss":0,"event_name":"Forgotten Altar","floor":21,"gold_loss":0,"cards_obtained":["Decay"]},{"cards_removed":["Strike_G"],"damage_healed":0,"gold_gain":0,"player_choice":"Gave Gold","damage_taken":0,"max_hp_gain":0,"max_hp_loss":0,"event_name":"Beggar","floor":24,"gold_loss":75}],"is_beta":false,"boss_relics":[{"not_picked":["Pandora\u0027s Box","Philosopher\u0027s Stone"],"picked":"Fusion Hammer"}],"items_purged_floors":[4,8,19],"is_endless":false,"potions_floor_spawned":[1,5,6,11,18],"killed_by":"Snake Plant","ascension_level":20}