{"gold_per_floor":[112,128,128,128,139,169,169,200,239,262,291,303,118,136,136,240,240,258,358,263,282,300,310,325,325,325,325,350,113,129,129,129,225,225,241,241,257,306,306,306,333,350,418,144,176,176,192,246,246,246],"floor_reached":51,"playtime":4002,"items_purged":[],"score":812,"play_id":"d221ff00-71bd-4f51-bf10-c34552bbe38d","local_time":"20190324182129","is_ascension_mode":false,"campfire_choices":[{"floor":7,"key":"REST"},{"floor":12,"key":"REST"},{"data":"Seeing Red","floor":15,"key":"SMITH"},{"data":"Barricade","floor":25,"key":"SMITH"},{"data":"Double Tap","floor":27,"key":"SMITH"},{"data":"Body Slam","floor":32,"key":"SMITH"},{"floor":40,"key":"REST"},{"data":"Dual Wield","floor":46,"key":"SMITH"},{"floor":49,"key":"REST"}],"neow_cost":"NONE","seed_source_timestamp":378277279627575,"circlet_count":0,"master_deck":["Strike_R+1","Strike_R","Strike_R","Strike_R+1","Strike_R","Defend_R","Defend_R","Defend_R","Defend_R","Bash","Iron Wave","Metallicize","Seeing Red+1","Shrug It Off","Dual Wield+1","Twin Strike","Shrug It Off","Finesse","Double Tap+1","Anger","Barricade+1","Armaments","Finesse","Iron Wave+1","Clothesline","Clothesline","Clothesline+1","Body Slam+1","Metallicize","Anger+1","Juggernaut","Thinking Ahead","Swift Strike","Body Slam+1","Dual Wield","Cleave+1","Dark Shackles","Violence","Inflame+1","Intimidate"],"relics":["Burning Blood","Centennial Puzzle","Happy Flower","MawBank","Lantern","Mark of Pain","Mummified Hand","Bag of Preparation","Oddly Smooth Stone","Busted Crown","Juzu Bracelet","Darkstone Periapt","Ornamental Fan","Potion Belt","Nunchaku"],"potions_floor_usage":[22,28,41,50],"damage_taken":[{"damage":6,"enemies":"Jaw Worm","floor":1,"turns":3},{"damage":0,"enemies":"Small Slimes","floor":2,"turns":3},{"damage":1,"enemies":"Cultist","floor":5,"turns":3},{"damage":40,"enemies":"Lagavulin","floor":6,"turns":11},{"damage":13,"enemies":"Gremlin Nob","floor":8,"turns":4},{"damage":3,"enemies":"Red Slaver","floor":10,"turns":4},{"damage":10,"enemies":"2 Fungi Beasts","floor":11,"turns":4},{"damage":3,"enemies":"Gremlin Gang","floor":14,"turns":5},{"damage":67,"enemies":"Hexaghost","floor":16,"turns":12},{"damage":0,"enemies":"Chosen","floor":18,"turns":6},{"damage":5,"enemies":"3 Byrds","floor":21,"turns":8},{"damage":12,"enemies":"Centurion and Healer","floor":22,"turns":8},{"damage":10,"enemies":"Snecko","floor":23,"turns":6},{"damage":15,"enemies":"3 Cultists","floor":24,"turns":8},{"damage":1,"enemies":"Book of Stabbing","floor":28,"turns":8},{"damage":12,"enemies":"Chosen and Byrds","floor":30,"turns":8},{"damage":0,"enemies":"Champ","floor":33,"turns":13},{"damage":11,"enemies":"3 Darklings","floor":35,"turns":4},{"damage":32,"enemies":"3 Shapes","floor":37,"turns":4},{"damage":6,"enemies":"Reptomancer","floor":41,"turns":5},{"damage":14,"enemies":"Transient","floor":42,"turns":5},{"damage":0,"enemies":"Nemesis","floor":45,"turns":5},{"damage":23,"enemies":"Spire Growth","floor":47,"turns":5},{"damage":12,"enemies":"2 Orb Walkers","floor":48,"turns":4},{"damage":24,"enemies":"Awakened One","floor":50,"turns":13}],"seed_played":"402041244651424407","potions_obtained":[{"floor":4,"key":"GamblersBrew"},{"floor":4,"key":"SneckoOil"},{"floor":4,"key":"SkillPotion"},{"floor":5,"key":"PowerPotion"},{"floor":8,"key":"AttackPotion"},{"floor":16,"key":"BloodPotion"},{"floor":28,"key":"BloodPotion"},{"floor":30,"key":"GamblersBrew"},{"floor":33,"key":"Energy Potion"},{"floor":41,"key":"Fire Potion"},{"floor":42,"key":"PowerPotion"}],"is_trial":false,"path_per_floor":["?","?","M","$","?","M","?","?","T","?","?"],"character_chosen":"IRONCLAD","items_purchased":["Shrug It Off","Finesse","Double Tap","Finesse","Body Slam","Oddly Smooth Stone","Metallicize","Dark Shackles","Violence"],"campfire_rested":4,"item_purchase_floors":[13,13,13,20,29,29,29,44,44],"current_hp_per_floor":[80,80,64,64,69,35,59,52,52,55,51,75,75,78,78,17,80,80,80,80,80,80,76,67,67,67,67,72,72,66,66,66,72,80,75,70,44,44,44,68,76,68,68,68,74,74,57,51,75,57],"gold":246,"neow_bonus":"RANDOM_COMMON_RELIC","is_prod":false,"is_daily":false,"chose_seed":false,"campfire_upgraded":5,"win_rate":0.0,"timestamp":1553448089,"path_taken":["M","M","?","?","M","E","R","E","T","M","?","R","?","M","R","BOSS","M","?","$","M","?","M","M","R","T","R","E","$","M","?","R","BOSS","M","?","M","?","?","R","E","M","T","$","E","R","M","?","R","BOSS"],"build_version":"2019-01-23","purchased_purges":0,"victory":true,"max_hp_per_floor":[80,80,80,80,80,80,80,80,80,80,80,80,80,80,80,80,80,80,80,80,80,80,80,80,80,80,80,80,80,80,80,80,80,80,80,80,80,80,80,80,80,80,80,80,80,80,80,80,80,80],"card_choices":[{"not_picked":["Perfected Strike","Headbutt"],"picked":"Iron Wave","floor":1},{"not_picked":["Feel No Pain","Ghostly Armor"],"picked":"Metallicize","floor":2},{"not_picked":["Carnage","Pommel Strike"],"picked":"Seeing Red","floor":5},{"not_picked":["Cleave","Dropkick"],"picked":"Shrug It Off","floor":6},{"not_picked":["Cleave","Headbutt"],"picked":"Dual Wield","floor":8},{"not_picked":["Clash","Sever Soul","Bloodletting"],"picked":"SKIP","floor":10},{"not_picked":["Dropkick","Brutality"],"picked":"Twin Strike","floor":11},{"not_picked":["Flex","Corruption"],"picked":"Anger","floor":14},{"not_picked":["Dark Embrace","Double Tap"],"picked":"Barricade","floor":16},{"not_picked":["Clothesline","Metallicize+1"],"picked":"Armaments","floor":18},{"not_picked":["Twin Strike","Metallicize"],"picked":"Iron Wave+1","floor":21},{"not_picked":["Hemokinesis","Sword Boomerang+1","Sever Soul"],"picked":"SKIP","floor":22},{"not_picked":["Warcry","Carnage"],"picked":"Clothesline","floor":23},{"not_picked":["Rupture","Pummel"],"picked":"Clothesline","floor":24},{"not_picked":["Headbutt","Barricade"],"picked":"Clothesline+1","floor":28},{"not_picked":["True Grit","Perfected Strike+1"],"picked":"Anger+1","floor":30},{"not_picked":["Brutality","Feed"],"picked":"Juggernaut","floor":33},{"not_picked":["Whirlwind+1"],"picked":"SKIP","floor":35},{"not_picked":[],"picked":"Thinking Ahead","floor":36},{"not_picked":[],"picked":"Swift Strike","floor":36},{"not_picked":[],"picked":"Body Slam+1","floor":37},{"not_picked":[],"picked":"Dual Wield","floor":41},{"not_picked":[],"picked":"Cleave+1","floor":42},{"not_picked":[],"picked":"Inflame+1","floor":45},{"not_picked":[],"picked":"Intimidate","floor":47}],"player_experience":1402,"relics_obtained":[{"floor":6,"key":"Happy Flower"},{"floor":8,"key":"MawBank"},{"floor":9,"key":"Lantern"},{"floor":26,"key":"Mummified Hand"},{"floor":28,"key":"Bag of Preparation"},{"floor":38,"key":"Juzu Bracelet"},{"floor":41,"key":"Darkstone Periapt"},{"floor":43,"key":"Ornamental Fan"},{"floor":45,"key":"Potion Belt"},{"floor":48,"key":"Nunchaku"}],"event_choices":[{"damage_healed":0,"gold_gain":0,"player_choice":"Entered Light","damage_taken":16,"max_hp_gain":0,"max_hp_loss":0,"event_name":"Shining Light","floor":3,"gold_loss":0,"cards_upgraded":["Strike_R","Strike_R"]},{"damage_healed":0,"gold_gain":0,"player_choice":"Got Potions","damage_taken":0,"max_hp_gain":0,"max_hp_loss":0,"event_name":"Lab","floor":4,"gold_loss":0},{"damage_healed":0,"gold_gain":100,"player_choice":"Pray","damage_taken":0,"max_hp_gain":0,"max_hp_loss":0,"event_name":"Golden Shrine","floor":19,"gold_loss":0},{"damage_healed":0,"gold_gain":0,"player_choice":"Ignored","damage_taken":0,"max_hp_gain":0,"max_hp_loss":0,"event_name":"Ghosts","floor":31,"gold_loss":0},{"damage_healed":0,"gold_gain":0,"player_choice":"Memory 2","damage_taken":5,"max_hp_gain":0,"max_hp_loss":0,"event_name":"SensoryStone","floor":36,"gold_loss":0},{"damage_healed":0,"gold_gain":0,"player_choice":"Ignored","damage_taken":0,"max_hp_gain":0,"max_hp_loss":0,"event_name":"SecretPortal","floor":39,"gold_loss":0},{"damage_healed":0,"gold_gain":0,"player_choice":"Fight","damage_taken":0,"max_hp_gain":0,"max_hp_loss":0,"event_name":"Mysterious Sphere","floor":48,"gold_loss":0}],"is_beta":false,"boss_relics":[{"not_picked":["Philosopher\u0027s Stone","Black Blood"],"picked":"Mark of Pain"},{"not_picked":["Orrery","Sozu"],"picked":"Busted Crown"}],"items_purged_floors":[],"is_endless":false,"potions_floor_spawned":[5,8,11,14,16,21,23,28,30,33,41,42],"ascension_level":0}