{"gold_per_floor":[213,232,232,212,226,226,255,255,255,273,292,326,337,364,364,459,459,459,459,384,384,384,384,384,384,384,384,299,299,299,299,299,299,299,299,299,116,116,116,116,116,116,116,116,116,0,0,0,0,0],"floor_reached":50,"playtime":2217,"items_purged":["Strike_B","Strike_B"],"score":658,"play_id":"19b79fe5-c681-4acb-880b-3f03c318ca08","local_time":"20190426143444","is_ascension_mode":true,"campfire_choices":[{"data":"Darkness","floor":6,"key":"SMITH"},{"floor":8,"key":"REST"},{"data":"Redo","floor":15,"key":"SMITH"},{"data":"Darkness","floor":23,"key":"SMITH"},{"data":"Echo Form","floor":25,"key":"SMITH"},{"data":"Dualcast","floor":29,"key":"SMITH"},{"floor":32,"key":"REST"},{"data":"Buffer","floor":40,"key":"SMITH"},{"floor":42,"key":"REST"},{"data":"Zap","floor":44,"key":"SMITH"},{"floor":49,"key":"REST"}],"neow_cost":"NONE","seed_source_timestamp":13260353401814,"circlet_count":0,"master_deck":["Strike_B","Defend_B","Defend_B","Defend_B","Defend_B","Zap+1","Dualcast+1","Darkness+1","Darkness+1","Ball Lightning","Leap","Auto Shields","Glacier","Conserve Battery","Doom and Gloom","Redo+1","Echo Form+1","Double Energy+1","Coolheaded","Conserve Battery","Machine Learning","Leap+1","Conserve Battery+1","Buffer+1","Swift Strike","Consume+1","Chill+1","Defragment","Reinforced Body"],"relics":["Cracked Core","Torii","Bottled Flame","Pear","Mango","Ectoplasm","MutagenicStrength","Lantern","Kunai","Unceasing Top","Runic Pyramid","Thread and Needle","Red Mask"],"potions_floor_usage":[11,30,30,36,50,50],"damage_taken":[{"damage":7,"enemies":"Small Slimes","floor":1,"turns":3},{"damage":2,"enemies":"Jaw Worm","floor":2,"turns":4},{"damage":5,"enemies":"Cultist","floor":5,"turns":4},{"damage":40,"enemies":"Lagavulin","floor":7,"turns":6},{"damage":1,"enemies":"3 Louse","floor":10,"turns":3},{"damage":9,"enemies":"Exordium Thugs","floor":11,"turns":4},{"damage":14,"enemies":"Gremlin Nob","floor":12,"turns":4},{"damage":1,"enemies":"Exordium Wildlife","floor":13,"turns":5},{"damage":2,"enemies":"Lagavulin","floor":14,"turns":7},{"damage":3,"enemies":"The Guardian","floor":16,"turns":9},{"damage":10,"enemies":"Shell Parasite","floor":18,"turns":10},{"damage":0,"enemies":"Spheric Guardian","floor":22,"turns":2},{"damage":7,"enemies":"Snecko","floor":24,"turns":4},{"damage":26,"enemies":"Book of Stabbing","floor":27,"turns":5},{"damage":9,"enemies":"Shelled Parasite and Fungi","floor":30,"turns":5},{"damage":11,"enemies":"Centurion and Healer","floor":31,"turns":4},{"damage":48,"enemies":"Collector","floor":33,"turns":12},{"damage":15,"enemies":"3 Shapes","floor":35,"turns":6},{"damage":29,"enemies":"3 Darklings","floor":36,"turns":6},{"damage":21,"enemies":"Transient","floor":39,"turns":5},{"damage":6,"enemies":"Spire Growth","floor":41,"turns":4},{"damage":6,"enemies":"4 Shapes","floor":45,"turns":6},{"damage":12,"enemies":"Sphere and 2 Shapes","floor":47,"turns":6},{"damage":20,"enemies":"Jaw Worm Horde","floor":48,"turns":4},{"damage":61,"enemies":"Awakened One","floor":50,"turns":9}],"seed_played":"-5922954896514953480","potions_obtained":[{"floor":2,"key":"Weak Potion"},{"floor":4,"key":"SpeedPotion"},{"floor":11,"key":"Fruit Juice"},{"floor":12,"key":"FearPotion"},{"floor":24,"key":"Regen Potion"},{"floor":31,"key":"Weak Potion"},{"floor":33,"key":"SneckoOil"},{"floor":36,"key":"Fruit Juice"},{"floor":39,"key":"Dexterity Potion"}],"is_trial":false,"path_per_floor":["?","?","M","?","?","M","?","?","?"],"character_chosen":"DEFECT","items_purchased":["Swift Strike"],"campfire_rested":4,"item_purchase_floors":[37],"current_hp_per_floor":[68,66,71,71,66,66,26,50,50,49,45,41,40,52,52,49,94,84,84,84,84,84,84,77,77,77,51,51,51,56,45,77,29,89,74,50,50,50,29,29,23,57,57,57,51,51,39,19,53,0],"gold":0,"neow_bonus":"HUNDRED_GOLD","is_prod":false,"is_daily":false,"chose_seed":false,"campfire_upgraded":7,"win_rate":0,"timestamp":1556282084,"path_taken":["M","M","?","?","M","R","E","R","T","M","M","E","?","E","R","BOSS","M","?","$","?","M","R","?","R","T","E","?","R","M","M","R","BOSS","M","M","$","?","M","R","M","R","T","R","M","?","M","M","R","BOSS"],"build_version":"2019-01-23","purchased_purges":2,"victory":false,"max_hp_per_floor":[75,75,80,80,80,80,80,80,80,80,85,95,95,109,109,109,109,109,109,109,109,109,109,109,109,109,109,109,109,109,109,109,109,109,109,114,114,114,114,114,114,114,114,114,114,114,114,114,114,114],"card_choices":[{"not_picked":["Steam","BootSequence"],"picked":"Darkness","floor":1},{"not_picked":["Turbo","Compile Driver"],"picked":"Darkness","floor":2},{"not_picked":["Rebound","Turbo"],"picked":"Ball Lightning","floor":5},{"not_picked":["Barrage","Beam Cell"],"picked":"Leap","floor":7},{"not_picked":["Consume","Conserve Battery"],"picked":"Auto Shields","floor":10},{"not_picked":["Hello World","Reinforced Body"],"picked":"Glacier","floor":11},{"not_picked":["Stack","Genetic Algorithm"],"picked":"Conserve Battery","floor":12},{"not_picked":["Ball Lightning","Compile Driver"],"picked":"Doom and Gloom","floor":13},{"not_picked":["Melter","Go for the Eyes"],"picked":"Redo","floor":14},{"not_picked":["Hyperbeam","Buffer"],"picked":"Echo Form","floor":16},{"not_picked":["White Noise","Streamline+1"],"picked":"Double Energy+1","floor":18},{"not_picked":["Conserve Battery","Melter"],"picked":"Coolheaded","floor":22},{"not_picked":["Turbo","Cold Snap"],"picked":"Conserve Battery","floor":24},{"not_picked":["Turbo","Steam+1"],"picked":"Machine Learning","floor":27},{"not_picked":["Tempest","Beam Cell"],"picked":"Leap+1","floor":30},{"not_picked":["Go for the Eyes","Barrage"],"picked":"Conserve Battery+1","floor":31},{"not_picked":["Machine Learning","Thunder Strike"],"picked":"Buffer","floor":33},{"not_picked":["Streamline+1","Go for the Eyes+1","Chaos"],"picked":"SKIP","floor":35},{"not_picked":["Barrage","Gash+1","Reprogram+1"],"picked":"SKIP","floor":36},{"not_picked":["Melter","Stack"],"picked":"Consume+1","floor":39},{"not_picked":["Double Energy","Streamline+1"],"picked":"Chill+1","floor":41},{"not_picked":["Barrage+1","Heatsinks+1","Auto Shields"],"picked":"SKIP","floor":45},{"not_picked":["Streamline","Heatsinks"],"picked":"Defragment","floor":47},{"not_picked":["Heatsinks+1","Rebound+1"],"picked":"Reinforced Body","floor":48}],"player_experience":159624,"relics_obtained":[{"floor":7,"key":"Torii"},{"floor":9,"key":"Bottled Flame"},{"floor":12,"key":"Pear"},{"floor":14,"key":"Mango"},{"floor":26,"key":"Lantern"},{"floor":27,"key":"Kunai"},{"floor":43,"key":"Thread and Needle"}],"event_choices":[{"damage_healed":0,"gold_gain":0,"player_choice":"Donut","damage_taken":0,"max_hp_gain":5,"max_hp_loss":0,"event_name":"Big Fish","floor":3,"gold_loss":0},{"damage_healed":0,"gold_gain":0,"player_choice":"Bought 1 Potion","damage_taken":0,"max_hp_gain":0,"max_hp_loss":0,"event_name":"The Woman in Blue","floor":4,"gold_loss":0},{"damage_healed":0,"gold_gain":0,"player_choice":"Inject Mutagens","damage_taken":0,"relics_obtained":["MutagenicStrength"],"max_hp_gain":0,"max_hp_loss":0,"event_name":"Drug Dealer","floor":19,"gold_loss":0},{"damage_healed":0,"gold_gain":0,"player_choice":"0 cards matched","damage_taken":0,"max_hp_gain":0,"max_hp_loss":0,"event_name":"Match and Keep!","floor":21,"gold_loss":0,"cards_obtained":[]},{"damage_healed":0,"gold_gain":0,"player_choice":"Obtained Relic","damage_taken":0,"relics_obtained":["Unceasing Top"],"max_hp_gain":0,"max_hp_loss":0,"event_name":"Addict","floor":28,"gold_loss":85},{"cards_removed":["Strike_B"],"damage_healed":0,"gold_gain":0,"player_choice":"Removed Attack","damage_taken":0,"max_hp_gain":0,"max_hp_loss":0,"event_name":"Falling","floor":38,"gold_loss":0},{"damage_healed":0,"gold_gain":0,"player_choice":"Paid","damage_taken":0,"relics_obtained":["Red Mask"],"max_hp_gain":0,"max_hp_loss":0,"event_name":"Tomb of Lord Red Mask","floor":46,"gold_loss":116}],"is_beta":false,"boss_relics":[{"not_picked":["Inserter","Eternal Feather"],"picked":"Ectoplasm"},{"not_picked":["Empty Cage","Coffee Dripper"],"picked":"Runic Pyramid"}],"items_purged_floors":[20,37],"is_endless":false,"potions_floor_spawned":[2,11,12,24,31,33,36,39],"killed_by":"Awakened One","ascension_level":5}