{"gold_per_floor":[114,129,144,159,174,174,189,204,229,259,259,289,319,334,334,434,434,449,464,479,28,43,43,43,73,73,73,88,66,66,81,81,181,231,246,44,59,74,89,89,89,89,89,89,104,119,119,134,134,134],"floor_reached":51,"playtime":3827,"items_purged":["Heavy Blade"],"score":697,"play_id":"05e94dec-8cb0-4c02-9fda-6b8461fa417e","local_time":"20190104201555","daily_mods":["Shiny","Flight","Terminal"],"is_ascension_mode":false,"campfire_choices":[{"data":"Immolate","floor":6.0,"key":"SMITH"},{"data":"Bludgeon","floor":11.0,"key":"SMITH"},{"data":"Anger","floor":15.0,"key":"SMITH"},{"data":"Demon Form","floor":23,"key":"SMITH"},{"data":"Inflame","floor":24,"key":"SMITH"},{"data":"Heavy Blade","floor":27,"key":"SMITH"},{"data":"Flex","floor":30,"key":"SMITH"},{"data":"Limit Break","floor":32,"key":"SMITH"},{"data":"Feed","floor":40,"key":"SMITH"},{"data":"Offering","floor":41,"key":"SMITH"},{"data":"Inflame","floor":42,"key":"SMITH"},{"data":"Barricade","floor":44,"key":"SMITH"},{"floor":47,"key":"REST"},{"data":"Uppercut","floor":49,"key":"SMITH"}],"neow_cost":"","seed_source_timestamp":0,"circlet_count":0,"master_deck":["Double Tap","Demon Form+1","Bludgeon+1","Feed+1","Limit Break+1","Barricade+1","Fiend Fire","Dark Embrace","Berserk","Impervious","Juggernaut","Brutality+1","Reaper","Exhume","Offering+1","Immolate+1","Heavy Blade+1","Uppercut+1","Anger+1","Impervious","Inflame+1","Rupture","Intimidate","Intimidate+1","Cleave+1","Flex+1","Inflame+1","Flex"],"special_seed":17900,"relics":["Burning Blood","Lantern","Blood Vial","Du-Vu Doll","Ice Cream","Busted Crown","Bronze Scales","Ancient Tea Set","Incense Burner","Red Skull","Tiny House","Anchor","Kunai"],"potions_floor_usage":[],"damage_taken":[{"damage":0.0,"enemies":"Small Slimes","floor":1.0,"turns":1.0},{"damage":0.0,"enemies":"2 Louse","floor":2.0,"turns":2.0},{"damage":1.0,"enemies":"Cultist","floor":3.0,"turns":3.0},{"damage":5.0,"enemies":"Looter","floor":4.0,"turns":2.0},{"damage":6.0,"enemies":"Large Slime","floor":5.0,"turns":3.0},{"damage":0.0,"enemies":"2 Fungi Beasts","floor":7.0,"turns":2.0},{"damage":25.0,"enemies":"Exordium Thugs","floor":8.0,"turns":3.0},{"damage":24.0,"enemies":"3 Sentries","floor":10.0,"turns":3.0},{"damage":6.0,"enemies":"Gremlin Nob","floor":12.0,"turns":2.0},{"damage":8.0,"enemies":"Lagavulin","floor":13.0,"turns":3.0},{"damage":0.0,"enemies":"Lots of Slimes","floor":14.0,"turns":3.0},{"damage":23.0,"enemies":"Slime Boss","floor":16.0,"turns":4.0},{"damage":2.0,"enemies":"Spheric Guardian","floor":18.0,"turns":3.0},{"damage":22.0,"enemies":"Shell Parasite","floor":19.0,"turns":4.0},{"damage":7.0,"enemies":"Snecko","floor":20.0,"turns":3.0},{"damage":5,"enemies":"Snake Plant","floor":22,"turns":1},{"damage":17,"enemies":"Slavers","floor":25,"turns":5},{"damage":0,"enemies":"3 Cultists","floor":28,"turns":3},{"damage":3,"enemies":"Cultist and Chosen","floor":31,"turns":3},{"damage":31,"enemies":"Collector","floor":33,"turns":6},{"damage":6,"enemies":"Orb Walker","floor":35,"turns":3},{"damage":9,"enemies":"3 Darklings","floor":37,"turns":4},{"damage":10,"enemies":"Transient","floor":38,"turns":5},{"damage":45,"enemies":"Maw","floor":39,"turns":7},{"damage":2,"enemies":"3 Darklings","floor":45,"turns":3},{"damage":40,"enemies":"Transient","floor":46,"turns":5},{"damage":1,"enemies":"4 Shapes","floor":48,"turns":6},{"damage":54,"enemies":"Donu and Deca","floor":50,"turns":5}],"seed_played":"8207971978240580140","potions_obtained":[{"floor":2.0,"key":"Swift Potion"},{"floor":4.0,"key":"GamblersBrew"},{"floor":5.0,"key":"SpeedPotion"},{"floor":7.0,"key":"FearPotion"},{"floor":12.0,"key":"SkillPotion"},{"floor":18.0,"key":"Block Potion"},{"floor":20.0,"key":"Strength Potion"},{"floor":33,"key":"Explosive Potion"},{"floor":45,"key":"FairyPotion"}],"is_trial":false,"path_per_floor":["M","M","M","M","M","R","M","M","T","E","R","E","E","M","R","B",null,"M","M","M","$","M","R","R","E","T","R","M","$","R","M","R","B",null,"M","$","M","M","M","R","R","R","T","R","M","M","R","M","R","B",null],"character_chosen":"IRONCLAD","items_purchased":["Bronze Scales","Ancient Tea Set","Rupture","Flex","Flex","Anchor"],"campfire_rested":1,"item_purchase_floors":[21,21,21,29,36,36],"current_hp_per_floor":[78,77,79,78,77,76,78,59,59,56,56,58,58,66,66,51,71,70,54,61,61,64,64,64,60,60,60,69,68,67,69,68,43,71,73,72,69,70,49,49,49,49,49,49,66,32,51,63,62,14],"gold":134,"neow_bonus":"","is_prod":false,"is_daily":true,"chose_seed":false,"campfire_upgraded":13,"win_rate":0.0,"timestamp":1546593355,"path_taken":["M","M","M","M","M","R","M","M","T","E","R","E","E","M","R","BOSS","M","M","M","$","M","R","R","E","T","R","M","$","R","M","R","BOSS","M","$","M","M","M","R","R","R","T","R","M","M","R","M","R","BOSS"],"build_version":"2019-01-03v3","purchased_purges":1,"victory":true,"max_hp_per_floor":[78,77,79,78,77,76,78,77,76,78,77,76,75,74,73,72,71,70,69,68,67,66,65,64,69,68,67,69,68,67,69,68,67,71,73,72,71,70,72,71,70,69,68,67,66,65,64,63,62,61],"card_choices":[{"not_picked":["Thunderclap","Second Wind","Anger"],"picked":"SKIP","floor":1.0},{"not_picked":["Pummel","Ghostly Armor","Carnage"],"picked":"SKIP","floor":2.0},{"not_picked":["Clothesline","Rage","Rampage"],"picked":"SKIP","floor":3.0},{"not_picked":["Warcry","Armaments"],"picked":"Heavy Blade","floor":4.0},{"not_picked":["Wild Strike","Rampage","Headbutt"],"picked":"SKIP","floor":5.0},{"not_picked":["Wild Strike","Rampage","Headbutt"],"picked":"SKIP","floor":5.0},{"not_picked":["Havoc","Clash"],"picked":"Heavy Blade","floor":7.0},{"not_picked":["Sword Boomerang","Cleave","Power Through"],"picked":"SKIP","floor":8.0},{"not_picked":["Reckless Charge","Body Slam"],"picked":"Uppercut","floor":10.0},{"not_picked":["Sever Soul","Clash","Shrug It Off"],"picked":"SKIP","floor":12.0},{"not_picked":["Heavy Blade","Reckless Charge","Twin Strike"],"picked":"SKIP","floor":13.0},{"not_picked":["Clash","Cleave"],"picked":"Anger","floor":14.0},{"not_picked":["Immolate","Offering"],"picked":"Impervious","floor":16.0},{"not_picked":[],"picked":"Inflame","floor":18.0},{"not_picked":["Reckless Charge"],"picked":"SKIP","floor":19.0},{"not_picked":["Sword Boomerang"],"picked":"SKIP","floor":20.0},{"not_picked":[],"picked":"Intimidate","floor":22},{"not_picked":[],"picked":"Intimidate+1","floor":25},{"not_picked":[],"picked":"Cleave+1","floor":28},{"not_picked":["Reckless Charge"],"picked":"SKIP","floor":31},{"not_picked":[],"picked":"Inflame","floor":34},{"not_picked":["Sever Soul+1"],"picked":"SKIP","floor":35},{"not_picked":["Wild Strike"],"picked":"SKIP","floor":37},{"not_picked":["Wild Strike"],"picked":"SKIP","floor":38},{"not_picked":["Wild Strike"],"picked":"SKIP","floor":39},{"not_picked":["Twin Strike"],"picked":"SKIP","floor":45},{"not_picked":["Wild Strike"],"picked":"SKIP","floor":46},{"not_picked":["Heavy Blade"],"picked":"SKIP","floor":48}],"player_experience":4645,"relics_obtained":[{"floor":9.0,"key":"Lantern"},{"floor":10.0,"key":"Blood Vial"},{"floor":12.0,"key":"Du-Vu Doll"},{"floor":13.0,"key":"Ice Cream"},{"floor":25,"key":"Incense Burner"},{"floor":26,"key":"Red Skull"},{"floor":43,"key":"Kunai"}],"event_choices":[],"is_beta":false,"boss_relics":[{"not_picked":["Eternal Feather","Empty Cage"],"picked":"Busted Crown"},{"not_picked":["White Beast Statue","Sozu"],"picked":"Tiny House"}],"items_purged_floors":[21],"is_endless":false,"potions_floor_spawned":[2,4,5,7,8,12,18,20,31,33,37,45,48],"ascension_level":0}