{"gold_per_floor":[115,129,204,222,235,269,39,50,50,50,61,61,76,86,86,188,188,206,16,32,49,68,68,85,100,123,123,123],"floor_reached":28,"playtime":1859,"items_purged":[],"score":228,"play_id":"4bcc5de9-0a18-4667-b8b3-620b4a54c0c3","local_time":"20190504232728","is_ascension_mode":false,"campfire_choices":[{"floor":10,"key":"REST"},{"floor":12,"key":"RECALL"},{"floor":15,"key":"REST"},{"floor":23,"key":"REST"}],"neow_cost":"NONE","seed_source_timestamp":11396493743500,"circlet_count":0,"master_deck":["Strike_B+1","Strike_B+1","Strike_B+1","Strike_B+1","Defend_B+1","Defend_B+1","Defend_B+1","Defend_B+1","Zap","Dualcast","Ball Lightning","Genetic Algorithm","Genetic Algorithm","FTL","Redo","Stack","Self Repair","Skim","Redo","Gash","Core Surge","Streamline+1","Defragment","Tempest","Ball Lightning","Glacier","Gash","Tempest"],"relics":["Cracked Core","Bottled Lightning","Lantern","Sozu","Happy Flower","Ancient Tea Set"],"potions_floor_usage":[4,5,8,13,16],"damage_taken":[{"damage":11,"enemies":"Jaw Worm","floor":1,"turns":3},{"damage":4,"enemies":"Cultist","floor":2,"turns":4},{"damage":3,"enemies":"Small Slimes","floor":4,"turns":3},{"damage":5,"enemies":"Looter","floor":5,"turns":3},{"damage":28,"enemies":"Lagavulin","floor":6,"turns":6},{"damage":2,"enemies":"Large Slime","floor":8,"turns":5},{"damage":0,"enemies":"Blue Slaver","floor":11,"turns":2},{"damage":0,"enemies":"Lots of Slimes","floor":13,"turns":4},{"damage":7,"enemies":"Exordium Wildlife","floor":14,"turns":4},{"damage":34,"enemies":"Slime Boss","floor":16,"turns":10},{"damage":0,"enemies":"Chosen","floor":18,"turns":5},{"damage":16,"enemies":"3 Byrds","floor":20,"turns":5},{"damage":30,"enemies":"Sentry and Sphere","floor":21,"turns":4},{"damage":28,"enemies":"Snecko","floor":22,"turns":5},{"damage":18,"enemies":"Shelled Parasite and Fungi","floor":24,"turns":7},{"damage":20,"enemies":"Sentry and Sphere","floor":25,"turns":4},{"damage":15,"enemies":"Snecko","floor":28,"turns":2}],"seed_played":"-2188779661850681628","potions_obtained":[{"floor":1,"key":"Poison Potion"},{"floor":4,"key":"Energy Potion"},{"floor":6,"key":"Strength Potion"},{"floor":8,"key":"SkillPotion"},{"floor":14,"key":"Energy Potion"}],"is_trial":false,"path_per_floor":["?","M","M","?"],"character_chosen":"DEFECT","items_purchased":["Self Repair","Lantern","Defragment","Happy Flower"],"campfire_rested":3,"item_purchase_floors":[7,7,19,19],"current_hp_per_floor":[64,60,53,50,45,17,17,15,15,37,44,44,51,51,73,46,75,75,75,66,36,15,37,26,13,13,13,0],"gold":123,"neow_bonus":"THREE_CARDS","is_prod":false,"is_daily":false,"chose_seed":false,"campfire_upgraded":0,"win_rate":0,"timestamp":1557037648,"path_taken":["M","M","?","M","?","E","$","M","T","R","M","R","M","?","R","BOSS","M","$","M","M","M","R","M","M","T","?","M"],"build_version":"2019-01-23","purchased_purges":0,"victory":false,"max_hp_per_floor":[75,75,75,75,75,75,75,75,75,75,75,75,75,75,75,75,75,75,75,75,75,75,75,75,75,75,75,75],"card_choices":[{"not_picked":["Steam","Undo"],"picked":"Ball Lightning","floor":0},{"not_picked":["Recycle","Static Discharge"],"picked":"Genetic Algorithm","floor":1},{"not_picked":["Hologram","Ball Lightning"],"picked":"Genetic Algorithm","floor":2},{"not_picked":["Heatsinks","Cold Snap"],"picked":"FTL","floor":4},{"not_picked":["Consume","Steam"],"picked":"Redo","floor":5},{"not_picked":["Go for the Eyes","Loop"],"picked":"Stack","floor":6},{"not_picked":["Compile Driver","Heatsinks","Hyperbeam"],"picked":"SKIP","floor":8},{"not_picked":["Compile Driver","Rebound"],"picked":"Skim","floor":11},{"not_picked":["Beam Cell","Steam"],"picked":"Redo","floor":13},{"not_picked":["Steam Power","Auto Shields"],"picked":"Gash","floor":14},{"not_picked":["Reboot","Echo Form"],"picked":"Core Surge","floor":16},{"not_picked":["Leap","Redo"],"picked":"Streamline+1","floor":18},{"not_picked":["Turbo","Reboot"],"picked":"Tempest","floor":20},{"not_picked":["Cold Snap","Reprogram+1"],"picked":"Ball Lightning","floor":21},{"not_picked":["Scrape","Rebound"],"picked":"Glacier","floor":22},{"not_picked":["Stack","Cold Snap"],"picked":"Gash","floor":24},{"not_picked":["Rip and Tear","Steam"],"picked":"Tempest","floor":25}],"player_experience":136555,"relics_obtained":[{"floor":6,"key":"Bottled Lightning"},{"floor":26,"key":"Ancient Tea Set"}],"event_choices":[{"damage_healed":0,"gold_gain":75,"player_choice":"Touch","damage_taken":7,"max_hp_gain":0,"max_hp_loss":0,"event_name":"FaceTrader","floor":3,"gold_loss":0},{"damage_healed":0,"gold_gain":0,"player_choice":"Simplicity","damage_taken":0,"max_hp_gain":0,"max_hp_loss":0,"event_name":"Back to Basics","floor":27,"gold_loss":0,"cards_upgraded":["Strike_B","Strike_B","Strike_B","Strike_B","Defend_B","Defend_B","Defend_B","Defend_B"]}],"is_beta":false,"boss_relics":[{"not_picked":["Pandora\u0027s Box","Snecko Eye"],"picked":"Sozu"}],"items_purged_floors":[],"is_endless":false,"potions_floor_spawned":[1,4,6,8,14,18,22],"killed_by":"Snecko","ascension_level":0}