{"gold_per_floor":[118,293,293,308,321,321,335,400,400,400,413,181,181,181],"floor_reached":14,"playtime":552,"items_purged":["Strike_R"],"score":120,"play_id":"e59193c3-60a9-4688-8d8f-fe65b73c8386","local_time":"20190501183055","is_ascension_mode":true,"campfire_choices":[{"data":"Madness","floor":6,"key":"SMITH"},{"floor":10,"key":"REST"}],"neow_cost":"NONE","seed_source_timestamp":461094752435891,"circlet_count":0,"master_deck":["Strike_R","Strike_R","Strike_R","Strike_R","Defend_R","Defend_R","Defend_R","Defend_R","Bash","Madness+1","Flame Barrier","Doubt","Deep Breath","Dropkick","True Grit","Feel No Pain","Warcry","Havoc"],"relics":["Burning Blood","Tiny Chest","Molten Egg 2","Membership Card"],"potions_floor_usage":[4,13],"damage_taken":[{"damage":9,"enemies":"2 Louse","floor":1,"turns":5},{"damage":13,"enemies":"Cultist","floor":4,"turns":6},{"damage":0,"enemies":"Small Slimes","floor":5,"turns":3},{"damage":9,"enemies":"Blue Slaver","floor":7,"turns":4},{"damage":47,"enemies":"Lagavulin","floor":8,"turns":11},{"damage":36,"enemies":"Large Slime","floor":11,"turns":11},{"damage":8,"enemies":"Gremlin Gang","floor":13,"turns":2},{"damage":0,"enemies":"Blue Slaver","floor":14,"turns":1}],"seed_played":"-7330893123007616698","potions_obtained":[{"floor":1,"key":"BloodPotion"},{"floor":5,"key":"SmokeBomb"},{"floor":7,"key":"SkillPotion"},{"floor":11,"key":"Energy Potion"}],"is_trial":false,"path_per_floor":["?","?","M"],"character_chosen":"IRONCLAD","items_purchased":["Membership Card"],"campfire_rested":1,"item_purchase_floors":[12],"current_hp_per_floor":[69,69,69,70,76,76,73,32,32,56,26,26,24,24],"gold":181,"neow_bonus":"RANDOM_COLORLESS","is_prod":false,"is_daily":false,"chose_seed":false,"campfire_upgraded":1,"win_rate":0,"timestamp":1556728255,"path_taken":["M","?","?","M","M","R","M","E","T","R","M","$","?","M"],"build_version":"2019-01-23","purchased_purges":1,"victory":false,"max_hp_per_floor":[80,80,80,80,80,80,80,80,80,80,80,80,80,80],"card_choices":[{"not_picked":["Armaments","Havoc"],"picked":"Flame Barrier","floor":1},{"not_picked":["Second Wind","Reckless Charge"],"picked":"Dropkick","floor":4},{"not_picked":["Clothesline","Sword Boomerang"],"picked":"True Grit","floor":5},{"not_picked":["Pommel Strike","Brutality"],"picked":"Feel No Pain","floor":7},{"not_picked":["Headbutt","Sword Boomerang"],"picked":"Warcry","floor":8},{"not_picked":["Armaments","True Grit"],"picked":"Havoc","floor":11}],"player_experience":203366,"relics_obtained":[{"floor":8,"key":"Tiny Chest"},{"floor":9,"key":"Molten Egg 2"}],"event_choices":[{"damage_healed":0,"gold_gain":175,"player_choice":"AGREE","damage_taken":0,"max_hp_gain":0,"max_hp_loss":0,"event_name":"Liars Game","floor":2,"gold_loss":0,"cards_obtained":["Doubt"]},{"damage_healed":0,"gold_gain":0,"player_choice":"1 cards matched","damage_taken":0,"max_hp_gain":0,"max_hp_loss":0,"event_name":"Match and Keep!","floor":3,"gold_loss":0,"cards_obtained":["Deep Breath"]}],"is_beta":false,"boss_relics":[],"items_purged_floors":[12],"is_endless":false,"potions_floor_spawned":[1,5,7,11],"killed_by":"Blue Slaver","ascension_level":6}