{"gold_per_floor":[113,130,21,40,40,40,40,74,98,98,98,98,98,111,111,216,216,229,56,72,87,87,119,119,119,119,119,129,157,157,173,173,173],"floor_reached":33,"playtime":1118,"items_purged":["Regret","Defend_G"],"score":385,"play_id":"a4e29204-39b5-4887-bd7b-83e0ab48b709","local_time":"20190428090338","is_ascension_mode":true,"campfire_choices":[{"data":"Mayhem","floor":6,"key":"SMITH"},{"data":"Neutralize","floor":10,"key":"SMITH"},{"data":"Noxious Fumes","floor":12,"key":"SMITH"},{"data":"Dash","floor":15,"key":"SMITH"},{"floor":25,"key":"REST"},{"data":"Skewer","floor":27,"key":"SMITH"},{"data":"Adrenaline","floor":30,"key":"SMITH"},{"floor":32,"key":"REST"}],"neow_cost":"CURSE","seed_source_timestamp":167283342132335,"circlet_count":0,"master_deck":["Defend_G","Defend_G","Defend_G","Strike_G","Strike_G","Strike_G","Survivor","Neutralize+1","Mayhem+1","Good Instincts","Backstab","Dash+1","Noxious Fumes+1","Dash","Dagger Throw","Wraith Form v2","Die Die Die","Deadly Poison+1","Skewer+1","Dagger Spray","Distraction+1","Adrenaline+1","Leg Sweep","Escape Plan"],"relics":["Ring of the Snake","PreservedInsect","Regal Pillow","Empty Cage","Nloth\u0027s Gift","Prayer Wheel","Question Card"],"potions_floor_usage":[16,16,22,31,33],"damage_taken":[{"damage":1,"enemies":"Cultist","floor":1,"turns":5},{"damage":0,"enemies":"2 Louse","floor":2,"turns":2},{"damage":0,"enemies":"Small Slimes","floor":4,"turns":3},{"damage":19,"enemies":"Gremlin Nob","floor":8,"turns":5},{"damage":4,"enemies":"Exordium Wildlife","floor":14,"turns":3},{"damage":38,"enemies":"Slime Boss","floor":16,"turns":8},{"damage":7,"enemies":"Spheric Guardian","floor":18,"turns":5},{"damage":5,"enemies":"Shell Parasite","floor":20,"turns":5},{"damage":11,"enemies":"Snake Plant","floor":21,"turns":5},{"damage":0,"enemies":"Colosseum Slavers","floor":22,"turns":1},{"damage":1,"enemies":"Book of Stabbing","floor":23,"turns":5},{"damage":19,"enemies":"Sentry and Sphere","floor":28,"turns":4},{"damage":0,"enemies":"Slavers","floor":29,"turns":1},{"damage":34,"enemies":"Shelled Parasite and Fungi","floor":31,"turns":5},{"damage":62,"enemies":"Champ","floor":33,"turns":9}],"seed_played":"-5740218777135244256","potions_obtained":[{"floor":1,"key":"Regen Potion"},{"floor":2,"key":"Fire Potion"},{"floor":8,"key":"SmokeBomb"},{"floor":21,"key":"Swift Potion"},{"floor":28,"key":"Weak Potion"}],"is_trial":false,"path_per_floor":["M","$","?","?","M","?","?"],"character_chosen":"THE_SILENT","items_purchased":["Noxious Fumes","Skewer"],"campfire_rested":2,"item_purchase_floors":[3,19],"current_hp_per_floor":[69,69,69,69,69,69,74,55,55,55,55,55,55,51,51,27,63,56,56,51,40,40,39,39,75,75,75,56,56,56,22,59,0],"gold":173,"neow_bonus":"RANDOM_COLORLESS_2","is_prod":false,"is_daily":false,"chose_seed":false,"campfire_upgraded":6,"win_rate":0,"timestamp":1556435018,"path_taken":["M","M","$","?","?","R","?","E","T","R","?","R","$","?","R","BOSS","M","$","M","M","?","E","?","R","T","R","M","E","R","M","R","BOSS"],"build_version":"2019-01-23","purchased_purges":2,"victory":false,"max_hp_per_floor":[70,70,70,70,70,70,75,75,75,75,75,75,75,75,75,75,75,75,75,75,75,75,75,75,75,75,75,75,75,75,75,75,75],"card_choices":[{"not_picked":["Dagger Throw","Poisoned Stab"],"picked":"Backstab","floor":1},{"not_picked":["Underhanded Strike","Leg Sweep"],"picked":"Dash","floor":2},{"not_picked":["Choke","Deadly Poison"],"picked":"Dash","floor":4},{"not_picked":["Reflex","Venomology"],"picked":"Dagger Throw","floor":8},{"not_picked":["Backflip","Infinite Blades","Underhanded Strike"],"picked":"SKIP","floor":14},{"not_picked":["Storm of Steel","Phantasmal Killer"],"picked":"Die Die Die","floor":16},{"not_picked":["Quick Slash+1","Masterful Stab"],"picked":"Deadly Poison+1","floor":18},{"not_picked":["Prepared","Poisoned Stab+1","Dagger Throw"],"picked":"SKIP","floor":20},{"not_picked":["Poisoned Stab","Prepared","Flechettes+1"],"picked":"SKIP","floor":21},{"not_picked":["Cloak And Dagger","Sucker Punch"],"picked":"Dagger Spray","floor":23},{"not_picked":["Deflect","Backflip"],"picked":"Distraction+1","floor":28},{"not_picked":["Deflect+1","Dagger Throw","Poisoned Stab+1"],"picked":"SKIP","floor":28},{"not_picked":["Prepared","Cloak And Dagger"],"picked":"Adrenaline","floor":29},{"not_picked":["Deflect","Deadly Poison+1","Sucker Punch"],"picked":"Leg Sweep","floor":31},{"not_picked":["Flying Knee","Cloak And Dagger","Poisoned Stab"],"picked":"Escape Plan","floor":31}],"player_experience":168035,"relics_obtained":[{"floor":8,"key":"PreservedInsect"},{"floor":9,"key":"Regal Pillow"},{"floor":23,"key":"Frozen Egg 2"},{"floor":26,"key":"Prayer Wheel"},{"floor":29,"key":"Question Card"}],"event_choices":[{"damage_healed":0,"gold_gain":0,"player_choice":"Donut","damage_taken":0,"max_hp_gain":5,"max_hp_loss":0,"event_name":"Big Fish","floor":7,"gold_loss":0},{"damage_healed":0,"gold_gain":0,"cards_transformed":["Defend_G"],"player_choice":"Transformed","damage_taken":0,"max_hp_gain":0,"max_hp_loss":0,"event_name":"Transmorgrifier","floor":11,"gold_loss":0,"cards_obtained":["Wraith Form v2"]},{"damage_healed":0,"gold_gain":0,"player_choice":"Fight","damage_taken":0,"max_hp_gain":0,"max_hp_loss":0,"event_name":"Colosseum","floor":22,"gold_loss":0},{"damage_healed":0,"gold_gain":0,"player_choice":"Fled From Nobs","damage_taken":0,"max_hp_gain":0,"max_hp_loss":0,"event_name":"Colosseum","floor":22,"gold_loss":0},{"damage_healed":0,"gold_gain":0,"player_choice":"Traded Relic","damage_taken":0,"relics_obtained":["Nloth\u0027s Gift"],"max_hp_gain":0,"max_hp_loss":0,"event_name":"N\u0027loth","floor":24,"relics_lost":["Frozen Egg 2"],"gold_loss":0}],"is_beta":false,"boss_relics":[{"not_picked":["Cursed Key","Busted Crown"],"picked":"Empty Cage"}],"items_purged_floors":[3,19],"is_endless":false,"potions_floor_spawned":[1,2,8,21,28],"killed_by":"Champ","ascension_level":5}