{"gold_per_floor":[115,132,132,22,32,62,62,62,139,139,139,156,172,202,202,297,297,311,327,347,360,360,390,390,8,32,32,81,81,108,44,44,147,147,163,174,174,8,23,23,40,1,1,21,33,46,46,65,65,65],"floor_reached":50,"playtime":3306,"items_purged":["Strike_B"],"score":544,"play_id":"55caf965-a20f-4e03-854f-19e4ef07669a","local_time":"20190505034059","is_ascension_mode":false,"campfire_choices":[{"floor":7,"key":"RECALL"},{"data":"Zap","floor":11,"key":"SMITH"},{"data":"Ball Lightning","floor":15,"key":"SMITH"},{"floor":24,"key":"REST"},{"data":"Leap","floor":27,"key":"SMITH"},{"floor":29,"key":"REST"},{"floor":32,"key":"REST"},{"data":"Bandage Up","floor":40,"key":"SMITH"},{"floor":47,"key":"REST"},{"floor":49,"key":"REST"}],"neow_cost":"NONE","seed_source_timestamp":2631270380400,"circlet_count":0,"master_deck":["Zap+1","Dualcast+1","Leap+1","Ball Lightning","Self Repair+1","Ball Lightning+1","FTL","Defragment","Electrodynamics","Conserve Battery","Streamline","Self Repair","Rip and Tear","Defragment","Go for the Eyes","Compile Driver","Capacitor","Melter","Melter","Bandage Up+1","Ball Lightning","Static Discharge","Melter","Rainbow","Thunder Strike","Aggregate","Steam Power","Gash","Rebound","Capacitor","Echo Form","Go for the Eyes+1","Stack","Redo+1","Gash+1","Ball Lightning","Redo+1","Steam+1"],"relics":["Cracked Core","Boot","Letter Opener","Orrery","Bottled Flame","Mercury Hourglass","Vajra","Bag of Preparation","The Courier","Pandora\u0027s Box","Lee\u0027s Waffle","Bottled Lightning"],"potions_floor_usage":[6,13,14,18,19,21,35,39,39,41,44,45,46],"damage_taken":[{"damage":0,"enemies":"Jaw Worm","floor":1,"turns":3},{"damage":0,"enemies":"2 Louse","floor":2,"turns":3},{"damage":0,"enemies":"Cultist","floor":5,"turns":3},{"damage":26,"enemies":"Lagavulin","floor":6,"turns":8},{"damage":2,"enemies":"Exordium Wildlife","floor":12,"turns":3},{"damage":4,"enemies":"Large Slime","floor":13,"turns":4},{"damage":5,"enemies":"3 Sentries","floor":14,"turns":5},{"damage":10,"enemies":"The Guardian","floor":16,"turns":9},{"damage":20,"enemies":"Spheric Guardian","floor":18,"turns":4},{"damage":19,"enemies":"Shell Parasite","floor":19,"turns":5},{"damage":23,"enemies":"Centurion and Healer","floor":20,"turns":5},{"damage":32,"enemies":"Snecko","floor":21,"turns":6},{"damage":62,"enemies":"Book of Stabbing","floor":23,"turns":6},{"damage":15,"enemies":"Slavers","floor":30,"turns":3},{"damage":78,"enemies":"Automaton","floor":33,"turns":9},{"damage":26,"enemies":"Orb Walker","floor":35,"turns":4},{"damage":12,"enemies":"3 Shapes","floor":36,"turns":3},{"damage":27,"enemies":"Sphere and 2 Shapes","floor":39,"turns":4},{"damage":41,"enemies":"Transient","floor":41,"turns":5},{"damage":26,"enemies":"Spire Growth","floor":44,"turns":4},{"damage":34,"enemies":"Maw","floor":45,"turns":6},{"damage":5,"enemies":"Sphere and 2 Shapes","floor":46,"turns":3},{"damage":38,"enemies":"Spire Growth","floor":48,"turns":4},{"damage":51,"enemies":"Time Eater","floor":50,"turns":5}],"seed_played":"-8191578024544445190","potions_obtained":[{"floor":5,"key":"Fire Potion"},{"floor":6,"key":"Ancient Potion"},{"floor":13,"key":"Ancient Potion"},{"floor":16,"key":"Poison Potion"},{"floor":18,"key":"Poison Potion"},{"floor":20,"key":"EssenceOfSteel"},{"floor":33,"key":"SkillPotion"},{"floor":36,"key":"GamblersBrew"},{"floor":37,"key":"SteroidPotion"},{"floor":37,"key":"Swift Potion"},{"floor":41,"key":"Energy Potion"},{"floor":45,"key":"Weak Potion"}],"is_trial":false,"path_per_floor":["?","?","?","M","?","T","?","M"],"character_chosen":"DEFECT","items_purchased":["Self Repair","Bandage Up","Ball Lightning","Mercury Hourglass","Melter","Lee\u0027s Waffle","Block Potion"],"campfire_rested":5,"item_purchase_floors":[4,25,25,25,31,38,42],"current_hp_per_floor":[75,75,75,75,75,56,56,56,56,56,56,64,70,65,65,65,75,72,70,64,49,74,29,51,51,51,51,51,73,68,68,75,18,75,59,54,54,82,69,69,44,44,44,31,20,15,39,11,35,0],"gold":65,"neow_bonus":"UPGRADE_CARD","is_prod":false,"is_daily":false,"chose_seed":false,"campfire_upgraded":4,"win_rate":0,"timestamp":1557052859,"path_taken":["M","M","?","$","M","E","R","?","T","?","R","M","?","E","R","BOSS","M","M","M","M","?","E","R","$","T","R","?","R","E","$","R","BOSS","M","M","?","$","M","R","M","$","T","?","M","M","R","M","R","BOSS"],"build_version":"2019-01-23","purchased_purges":1,"victory":false,"max_hp_per_floor":[75,75,75,75,75,75,75,75,75,75,75,75,75,75,75,75,75,75,75,75,75,75,75,75,75,75,75,75,75,75,75,75,75,75,75,75,75,82,82,82,82,82,82,82,82,82,82,82,82,82],"card_choices":[{"not_picked":["Gash","Beam Cell"],"picked":"Leap","floor":1},{"not_picked":["Leap","Rebound"],"picked":"Ball Lightning","floor":2},{"not_picked":["Beam Cell","Turbo","Hologram"],"picked":"SKIP","floor":5},{"not_picked":["Scrape","Rebound"],"picked":"Ball Lightning","floor":6},{"not_picked":["Turbo","Steam"],"picked":"FTL","floor":12},{"not_picked":["Hologram","Sunder","Sweeping Beam"],"picked":"SKIP","floor":13},{"not_picked":["Gash","Scrape"],"picked":"Defragment","floor":14},{"not_picked":["Machine Learning","Amplify"],"picked":"Electrodynamics","floor":16},{"not_picked":["Fusion","Redo"],"picked":"Conserve Battery","floor":17},{"not_picked":["Blizzard","Cold Snap"],"picked":"Streamline","floor":17},{"not_picked":["Rebound","Hologram"],"picked":"Self Repair","floor":17},{"not_picked":["Storm","Barrage"],"picked":"Rip and Tear","floor":17},{"not_picked":["BootSequence","Turbo"],"picked":"Defragment","floor":17},{"not_picked":["Darkness+1","Skim"],"picked":"Go for the Eyes","floor":18},{"not_picked":["Sweeping Beam","Turbo+1"],"picked":"Compile Driver","floor":19},{"not_picked":["Lockon","Gash"],"picked":"Capacitor","floor":20},{"not_picked":["Rip and Tear","Self Repair"],"picked":"Melter","floor":21},{"not_picked":["Streamline","Melter","Beam Cell"],"picked":"SKIP","floor":23},{"not_picked":["Streamline","Beam Cell"],"picked":"Melter","floor":23},{"not_picked":["Creative AI","Rip and Tear"],"picked":"Static Discharge","floor":30},{"not_picked":["Meteor Strike","Biased Cognition"],"picked":"Rainbow","floor":33},{"not_picked":["Turbo","Consume"],"picked":"Go for the Eyes+1","floor":35},{"not_picked":["Cold Snap","Static Discharge+1"],"picked":"Stack","floor":36},{"not_picked":["Storm","Fission","Double Energy+1"],"picked":"SKIP","floor":39},{"not_picked":["Cold Snap","Coolheaded+1"],"picked":"Redo+1","floor":41},{"not_picked":["Scrape","Sunder+1"],"picked":"Gash+1","floor":44},{"not_picked":["Hello World","White Noise"],"picked":"Ball Lightning","floor":45},{"not_picked":["Rip and Tear","Reprogram"],"picked":"Redo+1","floor":46},{"not_picked":["Lockon","Gash+1"],"picked":"Steam+1","floor":48}],"player_experience":138414,"relics_obtained":[{"floor":6,"key":"Boot"},{"floor":14,"key":"Letter Opener"},{"floor":23,"key":"Bottled Flame"},{"floor":26,"key":"Vajra"},{"floor":28,"key":"Bag of Preparation"},{"floor":30,"key":"The Courier"},{"floor":43,"key":"Bottled Lightning"}],"event_choices":[{"damage_healed":0,"gold_gain":0,"player_choice":"Ignored","damage_taken":0,"max_hp_gain":0,"max_hp_loss":0,"event_name":"Liars Game","floor":3,"gold_loss":0},{"damage_healed":0,"gold_gain":0,"player_choice":"Grow","damage_taken":0,"max_hp_gain":0,"max_hp_loss":0,"event_name":"Living Wall","floor":8,"gold_loss":0,"cards_upgraded":["Self Repair"]},{"damage_healed":0,"gold_gain":0,"player_choice":"Upgraded","damage_taken":0,"max_hp_gain":0,"max_hp_loss":0,"event_name":"Upgrade Shrine","floor":10,"gold_loss":0,"cards_upgraded":["Dualcast"]},{"damage_healed":25,"gold_gain":0,"player_choice":"Heal","damage_taken":0,"max_hp_gain":0,"max_hp_loss":0,"event_name":"The Library","floor":22,"gold_loss":0},{"damage_healed":0,"gold_gain":0,"player_choice":"Got Potions","damage_taken":0,"max_hp_gain":0,"max_hp_loss":0,"event_name":"Lab","floor":37,"gold_loss":0}],"is_beta":false,"boss_relics":[{"not_picked":["Runic Dome","White Beast Statue"],"picked":"Orrery"},{"not_picked":["Busted Crown","Eternal Feather"],"picked":"Pandora\u0027s Box"}],"items_purged_floors":[4],"is_endless":false,"potions_floor_spawned":[5,6,13,16,18,20,33,36,41,45],"killed_by":"Time Eater","ascension_level":0}