{"gold_per_floor":[115,115,132,150,168,168,185,185,230,243,243,4,23,23,23,97,97,110,110,31,50,50,80,80,80,104,104,121,132,132,132,132,132],"floor_reached":33,"playtime":2403,"items_purged":["Strike_G"],"score":654,"play_id":"d97743c8-34ef-48b4-ad4d-c32dcb915a56","local_time":"20190403191736","is_ascension_mode":true,"campfire_choices":[{"data":"Dodge and Roll","floor":6,"key":"SMITH"},{"data":"Flechettes","floor":8,"key":"SMITH"},{"data":"Footwork","floor":15,"key":"SMITH"},{"data":"Backflip","floor":25,"key":"SMITH"},{"data":"Infinite Blades","floor":27,"key":"SMITH"},{"data":"Dodge and Roll","floor":30,"key":"SMITH"},{"data":"Survivor","floor":32,"key":"SMITH"}],"neow_cost":"NONE","seed_source_timestamp":594334352269083,"circlet_count":0,"master_deck":["AscendersBane","Defend_G","Defend_G","Defend_G","Defend_G","Defend_G","Survivor+1","Neutralize+1","Dodge and Roll+1","Quick Slash","Bouncing Flask+1","Backflip+1","Flechettes+1","Footwork+1","Glass Knife","Accuracy+1","Escape Plan+1","Well Laid Plans+1","Blade Dance+1","Writhe","Infinite Blades+1","Deadly Poison","Finisher","Quick Slash","Escape Plan","Dodge and Roll+1"],"relics":["Coffee Dripper","Snake Skull","Bronze Scales","Astrolabe","Mummified Hand","Oddly Smooth Stone","Omamori"],"potions_floor_usage":[7,16,23,31],"damage_taken":[{"damage":4,"enemies":"Jaw Worm","floor":1,"turns":5},{"damage":0,"enemies":"Cultist","floor":3,"turns":4},{"damage":0,"enemies":"Small Slimes","floor":4,"turns":4},{"damage":3,"enemies":"3 Louse","floor":5,"turns":4},{"damage":15,"enemies":"Gremlin Gang","floor":7,"turns":9},{"damage":0,"enemies":"Blue Slaver","floor":10,"turns":3},{"damage":0,"enemies":"2 Fungi Beasts","floor":13,"turns":3},{"damage":0,"enemies":"The Guardian","floor":16,"turns":9},{"damage":6,"enemies":"Chosen","floor":18,"turns":5},{"damage":9,"enemies":"Shell Parasite","floor":21,"turns":4},{"damage":19,"enemies":"Book of Stabbing","floor":23,"turns":5},{"damage":9,"enemies":"Centurion and Healer","floor":28,"turns":5},{"damage":1,"enemies":"Cultist and Chosen","floor":29,"turns":6},{"damage":0,"enemies":"Slavers","floor":31,"turns":1},{"damage":21,"enemies":"Automaton","floor":33,"turns":6}],"seed_played":"2030062096784700753","potions_obtained":[{"floor":5,"key":"SkillPotion"},{"floor":7,"key":"Explosive Potion"},{"floor":10,"key":"Strength Potion"},{"floor":11,"key":"GamblersBrew"},{"floor":16,"key":"Fruit Juice"},{"floor":21,"key":"SmokeBomb"}],"is_trial":false,"path_per_floor":["M","?","M","M","M","R","M","R","T","M","?","$","M","?","R","B",null,"M","?","$","M","?","E","?","R","T","R","M","M","R","E","R","B"],"character_chosen":"THE_SILENT","items_purchased":["Bronze Scales","Infinite Blades"],"campfire_rested":0,"item_purchase_floors":[12,20],"current_hp_per_floor":[55,55,55,55,52,52,37,37,37,37,37,37,37,37,37,42,64,58,58,58,49,49,30,30,30,30,30,21,20,20,20,20,0],"gold":132,"neow_bonus":"BOSS_RELIC","is_prod":false,"is_daily":false,"chose_seed":false,"campfire_upgraded":7,"win_rate":0,"timestamp":1554311856,"path_taken":["M","?","M","M","M","R","M","R","T","M","?","$","?","?","R","BOSS","M","?","$","M","?","E","?","R","T","R","?","M","R","E","R","BOSS"],"build_version":"2019-01-23","purchased_purges":1,"victory":false,"max_hp_per_floor":[66,66,66,66,66,66,66,66,66,66,66,66,66,66,66,71,71,71,71,71,71,71,71,71,71,71,71,71,71,71,71,71,71],"card_choices":[{"not_picked":["Blade Dance","Poisoned Stab"],"picked":"Dodge and Roll","floor":1},{"not_picked":["Night Terror","Prepared"],"picked":"Quick Slash","floor":3},{"not_picked":["Choke","Infinite Blades"],"picked":"Bouncing Flask","floor":4},{"not_picked":["Choke","Cloak And Dagger"],"picked":"Backflip","floor":5},{"not_picked":["Prepared","Blade Dance"],"picked":"Flechettes","floor":7},{"not_picked":["Deadly Poison","Underhanded Strike"],"picked":"Footwork","floor":10},{"not_picked":["Bane","Prepared"],"picked":"Well Laid Plans","floor":13},{"not_picked":["Doppelganger","Night Terror"],"picked":"Glass Knife","floor":16},{"not_picked":["Riddle With Holes","Bane"],"picked":"Blade Dance+1","floor":18},{"not_picked":["Acrobatics","Deflect"],"picked":"Deadly Poison","floor":21},{"not_picked":["Grand Finale","Heel Hook"],"picked":"Escape Plan","floor":23},{"not_picked":["Flying Knee","Predator"],"picked":"Dodge and Roll","floor":28},{"not_picked":["Poisoned Stab","Setup","Quick Slash"],"picked":"SKIP","floor":29}],"player_experience":3016377,"relics_obtained":[{"floor":9,"key":"Snake Skull"},{"floor":23,"key":"Oddly Smooth Stone"},{"floor":26,"key":"Omamori"}],"event_choices":[{"damage_healed":0,"gold_gain":0,"player_choice":"Grow","damage_taken":0,"max_hp_gain":0,"max_hp_loss":0,"event_name":"Living Wall","floor":2,"gold_loss":0,"cards_upgraded":["Neutralize"]},{"damage_healed":0,"gold_gain":0,"player_choice":"Got Potions","damage_taken":0,"max_hp_gain":0,"max_hp_loss":0,"event_name":"Lab","floor":11,"gold_loss":0},{"damage_healed":0,"gold_gain":0,"player_choice":"Leave","damage_taken":0,"max_hp_gain":0,"max_hp_loss":0,"event_name":"The Cleric","floor":14,"gold_loss":0},{"damage_healed":0,"gold_gain":0,"player_choice":"Opened","damage_taken":0,"relics_obtained":["Mummified Hand"],"max_hp_gain":0,"max_hp_loss":0,"event_name":"The Mausoleum","floor":19,"gold_loss":0,"cards_obtained":["Writhe"]},{"damage_healed":0,"gold_gain":0,"cards_transformed":["Strike_G","Well Laid Plans"],"player_choice":"Became Test Subject","damage_taken":0,"max_hp_gain":0,"max_hp_loss":0,"event_name":"Drug Dealer","floor":22,"gold_loss":0,"cards_obtained":["Finisher","Quick Slash"]},{"damage_healed":0,"gold_gain":0,"player_choice":"Forge","damage_taken":0,"max_hp_gain":0,"max_hp_loss":0,"event_name":"Accursed Blacksmith","floor":24,"gold_loss":0,"cards_upgraded":["Bouncing Flask"]}],"is_beta":false,"boss_relics":[{"not_picked":["Runic Dome","Black Star"],"picked":"Astrolabe"}],"items_purged_floors":[12],"is_endless":false,"potions_floor_spawned":[5,7,10,13,16,21],"killed_by":"Automaton","ascension_level":20}