{"gold_per_floor":[360,377,393,37,52,52,85,172,210,222,234,259,288,12,12,12],"floor_reached":16,"playtime":1500,"items_purged":["Strike_G"],"score":204,"play_id":"da8631d1-1b8b-4fbe-a965-dbaa7750defa","local_time":"20190215135618","is_ascension_mode":true,"campfire_choices":[{"data":"Panacea","floor":6,"key":"SMITH"},{"floor":10,"key":"REST"},{"floor":15,"key":"REST"}],"neow_cost":"TEN_PERCENT_HP_LOSS","seed_source_timestamp":138210608880702,"circlet_count":0,"master_deck":["AscendersBane","Defend_G","Defend_G","Defend_G","Defend_G","Defend_G","Strike_G","Strike_G","Strike_G","Survivor","Neutralize","Dash","Terror","Blade Dance","Panacea+1","Caltrops","Flying Knee","Backstab","Dodge and Roll","Crippling Poison","Accuracy","Blade Dance","Leg Sweep","Infinite Blades","Chrysalis"],"relics":["Ring of the Snake","MawBank","Art of War"],"potions_floor_usage":[7,12],"damage_taken":[{"damage":0,"enemies":"Cultist","floor":1,"turns":4},{"damage":0,"enemies":"Small Slimes","floor":2,"turns":4},{"damage":0,"enemies":"Jaw Worm","floor":3,"turns":5},{"damage":12,"enemies":"Exordium Thugs","floor":5,"turns":4},{"damage":27,"enemies":"Lagavulin","floor":7,"turns":5},{"damage":12,"enemies":"Large Slime","floor":12,"turns":5},{"damage":2,"enemies":"Gremlin Gang","floor":13,"turns":6},{"damage":31,"enemies":"The Guardian","floor":16,"turns":6}],"seed_played":"-1254278150271944111","potions_obtained":[{"floor":3,"key":"Poison Potion"},{"floor":7,"key":"SkillPotion"}],"is_trial":false,"path_per_floor":["M","M","M","$","M","R","E","?","T","R","?","M","M","$","R","B"],"character_chosen":"THE_SILENT","items_purchased":["Panacea","Caltrops","Flying Knee","Backstab","Infinite Blades","Chrysalis"],"campfire_rested":2,"item_purchase_floors":[4,4,4,4,14,14],"current_hp_per_floor":[59,59,59,59,47,47,20,9,9,27,27,15,13,13,31,0],"gold":12,"neow_bonus":"TWO_FIFTY_GOLD","is_prod":false,"is_daily":false,"chose_seed":false,"campfire_upgraded":1,"win_rate":0,"timestamp":1550235378,"path_taken":["M","?","M","$","M","R","E","?","T","R","?","M","?","$","R","BOSS"],"build_version":"2019-01-23","purchased_purges":1,"victory":false,"max_hp_per_floor":[60,60,60,60,60,60,60,60,60,60,60,60,60,60,60,60],"card_choices":[{"not_picked":["Blade Dance","Terror"],"picked":"Dash","floor":1},{"not_picked":["Bane","Blade Dance"],"picked":"Terror","floor":2},{"not_picked":["Acrobatics","Distraction"],"picked":"Blade Dance","floor":3},{"not_picked":["Slice","Underhanded Strike"],"picked":"Dodge and Roll","floor":5},{"not_picked":["Envenom","Slice"],"picked":"Crippling Poison","floor":7},{"not_picked":["Riddle With Holes","Calculated Gamble"],"picked":"Blade Dance","floor":12},{"not_picked":["Bane","Backflip"],"picked":"Leg Sweep","floor":13}],"player_experience":2776762,"relics_obtained":[{"floor":7,"key":"MawBank"},{"floor":9,"key":"Art of War"}],"event_choices":[{"damage_healed":0,"gold_gain":75,"player_choice":"Gather Gold","damage_taken":11,"max_hp_gain":0,"max_hp_loss":0,"event_name":"World of Goop","floor":8,"gold_loss":0},{"damage_healed":0,"gold_gain":0,"cards_transformed":["Strike_G"],"player_choice":"Transformed","damage_taken":0,"max_hp_gain":0,"max_hp_loss":0,"event_name":"Transmorgrifier","floor":11,"gold_loss":0,"cards_obtained":["Accuracy"]}],"is_beta":false,"boss_relics":[],"items_purged_floors":[4],"is_endless":false,"potions_floor_spawned":[3,7],"killed_by":"The Guardian","ascension_level":20}