{"gold_per_floor":[215,290,290,87,87,87,116,132,213,213,232,252,80,100,100,197,197,217,65,164,164,182,193,193,203,203,203,213,233,233,243,243,341,341,355,355,368,368,386,386,401,401,401,401,401,401,401,417,417,417],"floor_reached":51,"playtime":9158,"items_purged":["Regret"],"score":599,"play_id":"7e0b9eba-0e9b-4024-8795-3a8a14c369bf","local_time":"20190509234916","is_ascension_mode":false,"campfire_choices":[{"data":"Defragment","floor":6,"key":"SMITH"},{"floor":15,"key":"REST"},{"data":"Defragment","floor":24,"key":"SMITH"},{"floor":30,"key":"REST"},{"data":"Conserve Battery","floor":32,"key":"SMITH"},{"data":"Darkness","floor":40,"key":"SMITH"},{"data":"Buffer","floor":42,"key":"SMITH"},{"floor":46,"key":"REST"},{"data":"Echo Form","floor":49,"key":"SMITH"}],"neow_cost":"NONE","seed_source_timestamp":2582261760785703,"circlet_count":0,"master_deck":["Strike_B","Strike_B","Strike_B","Strike_B","Defend_B","Defend_B","Defend_B","Defend_B+1","Zap","Dualcast+1","Defragment+1","Conserve Battery","Darkness+1","Buffer+1","Defragment+1","Hologram","Coolheaded","Electrodynamics","Ball Lightning","Steam+1","Conserve Battery+1","Cold Snap","Self Repair+1","Conserve Battery+1","Ball Lightning","Echo Form+1","Hologram+1","Cold Snap+1","Glacier+1"],"relics":["Cracked Core","Bag of Preparation","Bronze Scales","Mercury Hourglass","Question Card","War Paint","Velvet Choker","Matryoshka","Inserter","Dodecahedron","Shuriken","Pen Nib","Sundial","Bottled Tornado"],"potions_floor_usage":[7,16,33,33,41,50,50],"damage_taken":[{"damage":0,"enemies":"2 Louse","floor":1,"turns":2},{"damage":18,"enemies":"3 Sentries","floor":7,"turns":6},{"damage":4,"enemies":"Small Slimes","floor":8,"turns":2},{"damage":1,"enemies":"Jaw Worm","floor":11,"turns":3},{"damage":4,"enemies":"2 Fungi Beasts","floor":12,"turns":2},{"damage":4,"enemies":"Large Slime","floor":14,"turns":5},{"damage":12,"enemies":"The Guardian","floor":16,"turns":8},{"damage":0,"enemies":"Chosen","floor":18,"turns":3},{"damage":9,"enemies":"3 Byrds","floor":22,"turns":2},{"damage":0,"enemies":"Snecko","floor":23,"turns":5},{"damage":7,"enemies":"Snake Plant","floor":25,"turns":3},{"damage":12,"enemies":"Centurion and Healer","floor":28,"turns":6},{"damage":1,"enemies":"Sentry and Sphere","floor":29,"turns":3},{"damage":1,"enemies":"Chosen and Byrds","floor":31,"turns":3},{"damage":23,"enemies":"Automaton","floor":33,"turns":11},{"damage":8,"enemies":"3 Shapes","floor":35,"turns":5},{"damage":19,"enemies":"3 Darklings","floor":37,"turns":3},{"damage":3,"enemies":"4 Shapes","floor":39,"turns":3},{"damage":4,"enemies":"Transient","floor":41,"turns":5},{"damage":2,"enemies":"3 Darklings","floor":48,"turns":7},{"damage":28,"enemies":"Donu and Deca","floor":50,"turns":17}],"seed_played":"7716932322637287027","potions_obtained":[{"floor":1,"key":"LiquidBronze"},{"floor":11,"key":"AttackPotion"},{"floor":16,"key":"Dexterity Potion"},{"floor":18,"key":"LiquidBronze"},{"floor":28,"key":"Block Potion"},{"floor":33,"key":"GamblersBrew"},{"floor":35,"key":"LiquidBronze"}],"is_trial":false,"path_per_floor":["M","?","?","$","?","R","E","M","T","?","M","M","$","M","R","B",null,"M","$","?","?","M","M","R","M","T","?","M","M","R","M","R","B",null,"M","?","M","?","M","R","M","R","T","T","?","R","T","M","R","B",null],"character_chosen":"DEFECT","items_purchased":["Conserve Battery","Bag of Preparation","Hologram","War Paint","FocusPotion"],"campfire_rested":3,"item_purchase_floors":[4,4,13,13,19],"current_hp_per_floor":[75,64,64,64,64,64,46,42,42,42,41,37,37,33,55,43,75,75,75,75,66,57,57,57,50,50,50,38,47,69,75,75,52,75,75,71,62,62,59,59,55,55,55,55,55,71,71,69,69,41],"gold":417,"neow_bonus":"HUNDRED_GOLD","is_prod":false,"is_daily":false,"chose_seed":false,"campfire_upgraded":6,"win_rate":0.0,"timestamp":1557460156,"path_taken":["M","?","?","$","?","R","E","M","T","?","M","M","$","M","R","BOSS","M","$","?","?","M","M","R","M","T","?","M","M","R","M","R","BOSS","M","?","M","?","?","R","?","R","T","?","?","R","?","M","R","BOSS"],"build_version":"2019-01-23","purchased_purges":1,"victory":true,"max_hp_per_floor":[75,75,75,75,75,75,75,75,75,75,75,75,75,75,75,75,75,75,75,75,75,75,75,75,75,75,75,75,75,75,75,75,75,75,75,71,71,71,71,71,71,71,71,71,71,71,71,71,71,71],"card_choices":[{"not_picked":["Stack","Steam"],"picked":"Defragment","floor":1},{"not_picked":["Go for the Eyes","Streamline"],"picked":"Ball Lightning","floor":7},{"not_picked":["Steam","Stack"],"picked":"Darkness","floor":8},{"not_picked":["Rebound","Sunder","Genetic Algorithm"],"picked":"Buffer","floor":11},{"not_picked":["Hello World","Redo","Storm"],"picked":"Defragment","floor":12},{"not_picked":["Blizzard","FTL","Ball Lightning"],"picked":"Coolheaded","floor":14},{"not_picked":["Thunder Strike","Multi-Cast","Machine Learning"],"picked":"Electrodynamics","floor":16},{"not_picked":["Beam Cell","Force Field","Chaos"],"picked":"Ball Lightning","floor":18},{"not_picked":["Coolheaded","Rebound","Streamline+1"],"picked":"Steam+1","floor":22},{"not_picked":["Leap","Steam Power+1","Ball Lightning"],"picked":"Conserve Battery+1","floor":23},{"not_picked":["Compile Driver+1","Reboot","Rebound"],"picked":"Cold Snap","floor":25},{"not_picked":["Barrage","Rebound","Streamline+1"],"picked":"Self Repair+1","floor":28},{"not_picked":["Reprogram","Aggregate","Stack"],"picked":"Conserve Battery","floor":29},{"not_picked":["Steam","Beam Cell+1","Redo"],"picked":"Ball Lightning","floor":31},{"not_picked":["Creative AI","Buffer","Machine Learning"],"picked":"Echo Form","floor":33},{"not_picked":["Beam Cell+1","Redo","Leap","BootSequence"],"picked":"SKIP","floor":35},{"not_picked":["Reinforced Body","Ball Lightning","Lockon+1"],"picked":"Hologram+1","floor":37},{"not_picked":["Barrage","Rainbow","Redo"],"picked":"Cold Snap+1","floor":39},{"not_picked":["White Noise+1","Doom and Gloom","Steam+1"],"picked":"Glacier+1","floor":41},{"not_picked":["Tempest+1","Redo","Hologram","Go for the Eyes"],"picked":"SKIP","floor":48}],"player_experience":34260,"relics_obtained":[{"floor":7,"key":"Mercury Hourglass"},{"floor":9,"key":"Question Card"},{"floor":26,"key":"Matryoshka"},{"floor":43,"key":"Dodecahedron"},{"floor":43,"key":"Shuriken"},{"floor":44,"key":"Pen Nib"},{"floor":44,"key":"Sundial"},{"floor":47,"key":"Bottled Tornado"}],"event_choices":[{"damage_healed":0,"gold_gain":75,"player_choice":"Gather Gold","damage_taken":11,"max_hp_gain":0,"max_hp_loss":0,"event_name":"World of Goop","floor":2,"gold_loss":0},{"damage_healed":0,"gold_gain":0,"player_choice":"Ignored","damage_taken":0,"max_hp_gain":0,"max_hp_loss":0,"event_name":"Golden Wing","floor":3,"gold_loss":0},{"damage_healed":0,"gold_gain":0,"player_choice":"Box","damage_taken":0,"relics_obtained":["Bronze Scales"],"max_hp_gain":0,"max_hp_loss":0,"event_name":"Big Fish","floor":5,"gold_loss":0,"cards_obtained":["Regret"]},{"damage_healed":0,"gold_gain":0,"player_choice":"Ignored","damage_taken":0,"max_hp_gain":0,"max_hp_loss":0,"event_name":"Liars Game","floor":10,"gold_loss":0},{"damage_healed":0,"gold_gain":99,"player_choice":"Stole From Cult","damage_taken":0,"max_hp_gain":0,"max_hp_loss":0,"event_name":"Nest","floor":20,"gold_loss":0},{"damage_healed":0,"gold_gain":0,"player_choice":"Stopped","damage_taken":9,"max_hp_gain":0,"max_hp_loss":0,"event_name":"Cursed Tome","floor":21,"gold_loss":0},{"damage_healed":0,"gold_gain":0,"player_choice":"Ignored","damage_taken":0,"max_hp_gain":0,"max_hp_loss":0,"event_name":"Vampires","floor":27,"gold_loss":0},{"damage_healed":0,"gold_gain":0,"player_choice":"Max HP","damage_taken":0,"max_hp_gain":0,"max_hp_loss":4,"event_name":"Winding Halls","floor":36,"gold_loss":0},{"damage_healed":0,"gold_gain":0,"player_choice":"Ignored","damage_taken":0,"max_hp_gain":0,"max_hp_loss":0,"event_name":"Tomb of Lord Red Mask","floor":38,"gold_loss":0},{"cards_removed":["Ball Lightning"],"damage_healed":0,"gold_gain":0,"player_choice":"Removed Attack","damage_taken":0,"max_hp_gain":0,"max_hp_loss":0,"event_name":"Falling","floor":45,"gold_loss":0}],"is_beta":false,"boss_relics":[{"not_picked":["Sozu","Fusion Hammer"],"picked":"Velvet Choker"},{"not_picked":["Calling Bell","Snecko Eye"],"picked":"Inserter"}],"items_purged_floors":[19],"is_endless":false,"potions_floor_spawned":[1,11,16,18,22,28,33,35,39],"ascension_level":0}