{"gold_per_floor":[217,8,27,27,39,65,115,115,141,155,155,155,185,195,195,269,269,287,307,307,307,307],"floor_reached":22,"playtime":2669,"items_purged":["Strike_G"],"score":413,"play_id":"61e1bd86-7b7c-48e3-ad98-271982b9d198","local_time":"20190326135506","is_ascension_mode":true,"campfire_choices":[{"floor":8,"key":"REST"},{"data":"Leg Sweep","floor":11,"key":"SMITH"},{"floor":15,"key":"REST"}],"neow_cost":"NONE","seed_source_timestamp":704471648121508,"circlet_count":0,"master_deck":["AscendersBane","Defend_G+1","Defend_G+1","Defend_G+1","Defend_G+1","Defend_G+1","Survivor","Neutralize","Leg Sweep+1","Noxious Fumes","PiercingWail","Dash","Noxious Fumes","Deadly Poison","Noxious Fumes","Predator","Crippling Poison","Corpse Explosion","Backflip","Deflect","Bite","Bite","Bite","Bite","Bite"],"relics":["Ring of the Snake","Happy Flower","Strawberry","Ancient Tea Set","Black Star"],"potions_floor_usage":[14],"damage_taken":[{"damage":11,"enemies":"Cultist","floor":1,"turns":6},{"damage":0,"enemies":"Jaw Worm","floor":3,"turns":5},{"damage":0,"enemies":"Small Slimes","floor":5,"turns":4},{"damage":12,"enemies":"3 Sentries","floor":6,"turns":7},{"damage":0,"enemies":"2 Fungi Beasts","floor":10,"turns":5},{"damage":46,"enemies":"Gremlin Nob","floor":13,"turns":7},{"damage":3,"enemies":"Looter","floor":14,"turns":4},{"damage":3,"enemies":"The Guardian","floor":16,"turns":9},{"damage":8,"enemies":"3 Byrds","floor":18,"turns":3},{"damage":37,"enemies":"Chosen","floor":19,"turns":6},{"damage":20,"enemies":"Shelled Parasite and Fungi","floor":22,"turns":6}],"seed_played":"59987350317082991","potions_obtained":[{"floor":5,"key":"SteroidPotion"},{"floor":13,"key":"Fire Potion"}],"is_trial":false,"path_per_floor":["M","$","M","$","M","E","?","R","T","M","R","?","E","M","R","B",null,"M","M","?","?","M"],"character_chosen":"THE_SILENT","items_purchased":["Noxious Fumes","PiercingWail"],"campfire_rested":2,"item_purchase_floors":[2,2],"current_hp_per_floor":[48,48,48,48,48,36,36,55,62,62,62,55,9,6,27,24,61,53,16,16,16,0],"gold":307,"neow_bonus":"HUNDRED_GOLD","is_prod":false,"is_daily":false,"chose_seed":false,"campfire_upgraded":1,"win_rate":0,"timestamp":1553604906,"path_taken":["M","$","?","?","M","E","?","R","T","?","R","?","E","M","R","BOSS","M","M","?","?","M"],"build_version":"2019-01-23","purchased_purges":1,"victory":false,"max_hp_per_floor":[66,66,66,66,66,66,66,66,73,73,73,73,73,73,73,73,73,73,73,51,51,51],"card_choices":[{"not_picked":["Deflect","Expertise"],"picked":"Leg Sweep","floor":1},{"not_picked":["Slice","Tactician"],"picked":"Dash","floor":3},{"not_picked":["Flechettes","Slice"],"picked":"Noxious Fumes","floor":5},{"not_picked":["Distraction","Deflect"],"picked":"Deadly Poison","floor":6},{"not_picked":["PiercingWail","Endless Agony"],"picked":"Noxious Fumes","floor":10},{"not_picked":["Riddle With Holes","Acrobatics"],"picked":"Predator","floor":13},{"not_picked":["Die Die Die","Blade Dance"],"picked":"Crippling Poison","floor":14},{"not_picked":["A Thousand Cuts","Die Die Die"],"picked":"Corpse Explosion","floor":16},{"not_picked":["Slice","Underhanded Strike"],"picked":"Backflip","floor":18},{"not_picked":["Choke","Masterful Stab"],"picked":"Deflect","floor":19}],"player_experience":2941683,"relics_obtained":[{"floor":6,"key":"Happy Flower"},{"floor":9,"key":"Strawberry"},{"floor":13,"key":"Ancient Tea Set"}],"event_choices":[{"damage_healed":0,"gold_gain":50,"player_choice":"Pray","damage_taken":0,"max_hp_gain":0,"max_hp_loss":0,"event_name":"Golden Shrine","floor":7,"gold_loss":0},{"cards_removed":["Strike_G"],"damage_healed":0,"gold_gain":0,"player_choice":"Card Removal","damage_taken":7,"max_hp_gain":0,"max_hp_loss":0,"event_name":"Golden Wing","floor":12,"gold_loss":0},{"damage_healed":0,"gold_gain":0,"player_choice":"Became a vampire","damage_taken":0,"max_hp_gain":0,"max_hp_loss":22,"event_name":"Vampires","floor":20,"gold_loss":0,"cards_obtained":["Bite","Bite","Bite","Bite","Bite"]},{"damage_healed":0,"gold_gain":0,"player_choice":"Simplicity","damage_taken":0,"max_hp_gain":0,"max_hp_loss":0,"event_name":"Back to Basics","floor":21,"gold_loss":0,"cards_upgraded":["Defend_G","Defend_G","Defend_G","Defend_G","Defend_G"]}],"is_beta":false,"boss_relics":[{"not_picked":["Philosopher\u0027s Stone","HoveringKite"],"picked":"Black Star"}],"items_purged_floors":[2],"is_endless":false,"potions_floor_spawned":[5,13],"killed_by":"Shelled Parasite and Fungi","ascension_level":20}