{"gold_per_floor":[359,1,11,25,25,25,25,25,25,25,38,58,69,104,104,104],"floor_reached":16,"playtime":1566,"items_purged":["Strike_G"],"score":204,"play_id":"4e3cae3c-b2f7-4762-b030-eeb67e64d97f","local_time":"20190222183712","is_ascension_mode":true,"campfire_choices":[{"data":"Storm of Steel","floor":6,"key":"SMITH"},{"data":"Neutralize","floor":8,"key":"SMITH"},{"data":"Cloak And Dagger","floor":15,"key":"SMITH"}],"neow_cost":"TEN_PERCENT_HP_LOSS","seed_source_timestamp":759806296873724,"circlet_count":0,"master_deck":["AscendersBane","Defend_G","Defend_G","Defend_G","Defend_G","Defend_G","Strike_G","Strike_G","Strike_G","Survivor","Neutralize+1","Flying Knee","Storm of Steel+1","Backflip","Deadly Poison","Accuracy+1","Cloak And Dagger+1","Distraction"],"relics":["Ring of the Snake","Gremlin Horn","Frozen Egg 2","Snake Skull"],"potions_floor_usage":[14,14],"damage_taken":[{"damage":2,"enemies":"Cultist","floor":1,"turns":5},{"damage":0,"enemies":"2 Louse","floor":3,"turns":2},{"damage":0,"enemies":"Small Slimes","floor":4,"turns":3},{"damage":3,"enemies":"Looter","floor":11,"turns":3},{"damage":5,"enemies":"Gremlin Gang","floor":12,"turns":3},{"damage":9,"enemies":"3 Louse","floor":13,"turns":4},{"damage":20,"enemies":"3 Sentries","floor":14,"turns":13},{"damage":33,"enemies":"Hexaghost","floor":16,"turns":10}],"seed_played":"5118524409556290919","potions_obtained":[{"floor":11,"key":"Weak Potion"},{"floor":13,"key":"Poison Potion"}],"is_trial":false,"path_per_floor":["M","$","M","M","?","R","?","R","T","?","M","M","M","E","R","B"],"character_chosen":"THE_SILENT","items_purchased":["Gremlin Horn"],"campfire_rested":0,"item_purchase_floors":[2],"current_hp_per_floor":[57,57,57,57,57,57,62,62,62,62,59,54,45,25,25,0],"gold":104,"neow_bonus":"TWO_FIFTY_GOLD","is_prod":false,"is_daily":false,"chose_seed":false,"campfire_upgraded":3,"win_rate":0,"timestamp":1550857032,"path_taken":["M","$","?","M","?","R","?","R","T","?","?","M","M","E","R","BOSS"],"build_version":"2019-01-23","purchased_purges":1,"victory":false,"max_hp_per_floor":[60,60,60,60,60,60,65,65,65,65,65,65,65,65,65,65],"card_choices":[{"not_picked":["Underhanded Strike","Outmaneuver"],"picked":"Flying Knee","floor":1},{"not_picked":["Underhanded Strike","Outmaneuver"],"picked":"Storm of Steel","floor":3},{"not_picked":["Prepared","Sucker Punch"],"picked":"Backflip","floor":4},{"not_picked":["Catalyst","Cloak And Dagger"],"picked":"Deadly Poison","floor":11},{"not_picked":["PiercingWail","Caltrops+1"],"picked":"Accuracy+1","floor":12},{"not_picked":["Outmaneuver","Deflect"],"picked":"Cloak And Dagger","floor":13},{"not_picked":["Deflect","Flying Knee"],"picked":"Distraction","floor":14}],"player_experience":2803712,"relics_obtained":[{"floor":9,"key":"Frozen Egg 2"},{"floor":14,"key":"Snake Skull"}],"event_choices":[{"damage_healed":0,"gold_gain":0,"player_choice":"Leave","damage_taken":0,"max_hp_gain":0,"max_hp_loss":0,"event_name":"The Cleric","floor":5,"gold_loss":0},{"damage_healed":0,"gold_gain":0,"player_choice":"Donut","damage_taken":0,"max_hp_gain":5,"max_hp_loss":0,"event_name":"Big Fish","floor":7,"gold_loss":0},{"cards_removed":["Strike_G"],"damage_healed":0,"gold_gain":0,"player_choice":"Purged","damage_taken":0,"max_hp_gain":0,"max_hp_loss":0,"event_name":"Purifier","floor":10,"gold_loss":0}],"is_beta":false,"boss_relics":[],"items_purged_floors":[2],"is_endless":false,"potions_floor_spawned":[11,13],"killed_by":"Hexaghost","ascension_level":20}