{"gold_per_floor":[112,112,37,51,67,93,43,43,43,98,98,112,12,0,0],"floor_reached":15,"playtime":348,"items_purged":["Strike_G","Strike_G"],"score":126,"play_id":"6d5edfa8-e3cd-4034-8a6b-5de3c373d868","local_time":"20190506171113","is_ascension_mode":true,"campfire_choices":[{"data":"Terror","floor":8,"key":"SMITH"},{"floor":11,"key":"REST"}],"neow_cost":"NONE","seed_source_timestamp":888502195127924,"circlet_count":0,"master_deck":["Defend_G","Defend_G","Defend_G","Defend_G","Defend_G","Strike_G","Strike_G","Survivor","Neutralize+1","Leg Sweep","Terror+1","Acrobatics","Deadly Poison+1","Escape Plan+1","PiercingWail+1","Quick Slash"],"relics":["Ring of the Snake","NeowsBlessing","Toxic Egg 2","Gambling Chip","Bronze Scales"],"potions_floor_usage":[6],"damage_taken":[{"damage":0,"enemies":"Small Slimes","floor":1,"turns":1},{"damage":0,"enemies":"Cultist","floor":4,"turns":1},{"damage":0,"enemies":"2 Louse","floor":5,"turns":1},{"damage":15,"enemies":"Lagavulin","floor":6,"turns":8},{"damage":40,"enemies":"Gremlin Nob","floor":10,"turns":5},{"damage":11,"enemies":"Large Slime","floor":12,"turns":7},{"damage":0,"enemies":"Looter","floor":14,"turns":4}],"seed_played":"-4161755942064484865","potions_obtained":[{"floor":4,"key":"Fire Potion"},{"floor":12,"key":"Energy Potion"}],"is_trial":false,"path_per_floor":["?","M","?","?"],"character_chosen":"THE_SILENT","items_purchased":[],"campfire_rested":1,"item_purchase_floors":[],"current_hp_per_floor":[63,63,63,63,63,48,48,48,48,8,29,18,18,18,18],"gold":0,"neow_bonus":"THREE_ENEMY_KILL","is_prod":false,"is_daily":false,"chose_seed":false,"campfire_upgraded":1,"win_rate":0,"timestamp":1557155473,"path_taken":["M","?","$","M","?","E","?","R","T","?","R","M","$","M","R"],"build_version":"2019-01-23","purchased_purges":2,"victory":false,"max_hp_per_floor":[70,70,70,70,70,70,70,70,70,70,70,70,70,70,70],"card_choices":[{"not_picked":["Backflip","Prepared"],"picked":"Leg Sweep","floor":1},{"not_picked":["Bane","Deflect"],"picked":"Terror","floor":4},{"not_picked":["Acrobatics","Cloak And Dagger","Outmaneuver"],"picked":"SKIP","floor":5},{"not_picked":["Cloak And Dagger","Outmaneuver"],"picked":"Acrobatics","floor":5},{"not_picked":["Malaise","Underhanded Strike"],"picked":"Deadly Poison","floor":6},{"not_picked":["Backflip+1","Eviscerate"],"picked":"Escape Plan+1","floor":10},{"not_picked":["Expertise+1","Riddle With Holes"],"picked":"PiercingWail+1","floor":12},{"not_picked":["Bane","Deflect+1"],"picked":"Quick Slash","floor":14}],"player_experience":240331,"relics_obtained":[{"floor":6,"key":"Toxic Egg 2"},{"floor":9,"key":"Gambling Chip"},{"floor":10,"key":"Bronze Scales"}],"event_choices":[{"damage_healed":0,"gold_gain":0,"player_choice":"Upgraded","damage_taken":0,"max_hp_gain":0,"max_hp_loss":0,"event_name":"Upgrade Shrine","floor":2,"gold_loss":0,"cards_upgraded":["Neutralize"]},{"cards_removed":["Strike_G"],"damage_healed":0,"gold_gain":0,"player_choice":"Card Removal","damage_taken":0,"max_hp_gain":0,"max_hp_loss":0,"event_name":"The Cleric","floor":7,"gold_loss":50},{"damage_healed":0,"gold_gain":30,"player_choice":"Searched \u00272\u0027 times","damage_taken":0,"max_hp_gain":0,"max_hp_loss":0,"event_name":"Dead Adventurer","floor":10,"gold_loss":0}],"is_beta":false,"boss_relics":[],"items_purged_floors":[3,13],"is_endless":false,"potions_floor_spawned":[4,12],"ascension_level":7}