{"gold_per_floor":[113,127,127,127,127,161,161,197,275,275,291,307,350,369,369,500,500,525,525,549,50,70,70,143,143,143,143,177,227,227,227,227,328,328,339,212,222,52,52,52,80,80,80,80,114,114,114],"floor_reached":47,"playtime":1685,"items_purged":["Strike_R"],"score":614,"play_id":"40024b87-3a79-4ab7-8a8a-5be8b4bc50bc","local_time":"20190330105107","is_ascension_mode":true,"campfire_choices":[{"floor":7,"key":"REST"},{"data":"Whirlwind","floor":10,"key":"SMITH"},{"floor":15,"key":"REST"},{"floor":23,"key":"REST"},{"floor":25,"key":"RECALL"},{"data":"Whirlwind","floor":27,"key":"SMITH"},{"data":"Flex","floor":32,"key":"SMITH"},{"data":"Flex","floor":40,"key":"SMITH"},{"floor":44,"key":"REST"}],"neow_cost":"NONE","seed_source_timestamp":871997561640822,"circlet_count":0,"master_deck":["Strike_R+1","Strike_R","Defend_R+1","Defend_R","Defend_R","Defend_R","Bash+1","Whirlwind+1","Ghostly Armor","Shrug It Off","Whirlwind+1","Flex+1","Anger+1","Double Tap+1","Flex+1","Heavy Blade+1","Trip","Pommel Strike+1","Bloodletting+1","Headbutt+1","Feed+1","Anger+1","Iron Wave+1","Clash+1","Finesse","Whirlwind+1","Thunderclap+1","Bloodletting"],"relics":["Burning Blood","NeowsBlessing","Bloody Idol","Centennial Puzzle","Juzu Bracelet","Meat on the Bone","Philosopher\u0027s Stone","Molten Egg 2","Pen Nib","Tiny Chest","Oddly Smooth Stone","Art of War","Cursed Key","Whetstone","Bag of Marbles"],"potions_floor_usage":[8,16,16,24,24,33,33,47,47,47],"damage_taken":[{"damage":0,"enemies":"Small Slimes","floor":1,"turns":1},{"damage":0,"enemies":"2 Louse","floor":2,"turns":1},{"damage":0,"enemies":"3 Sentries","floor":6,"turns":1},{"damage":29,"enemies":"Gremlin Nob","floor":8,"turns":5},{"damage":0,"enemies":"Jaw Worm","floor":11,"turns":5},{"damage":0,"enemies":"Lots of Slimes","floor":12,"turns":1},{"damage":20,"enemies":"3 Sentries","floor":13,"turns":5},{"damage":4,"enemies":"Gremlin Gang","floor":14,"turns":2},{"damage":39,"enemies":"Hexaghost","floor":16,"turns":11},{"damage":11,"enemies":"Spheric Guardian","floor":18,"turns":3},{"damage":38,"enemies":"Shell Parasite","floor":20,"turns":6},{"damage":27,"enemies":"Snecko","floor":22,"turns":4},{"damage":35,"enemies":"Slavers","floor":24,"turns":2},{"damage":0,"enemies":"Gremlin Leader","floor":28,"turns":4},{"damage":64,"enemies":"Automaton","floor":33,"turns":8},{"damage":3,"enemies":"Orb Walker","floor":35,"turns":1},{"damage":18,"enemies":"3 Shapes","floor":37,"turns":1},{"damage":20,"enemies":"Giant Head","floor":41,"turns":5},{"damage":20,"enemies":"Reptomancer","floor":45,"turns":3},{"damage":82,"enemies":"Giant Head","floor":47,"turns":7}],"seed_played":"4353122759066233222","potions_obtained":[{"floor":1,"key":"Weak Potion"},{"floor":8,"key":"Block Potion"},{"floor":11,"key":"Strength Potion"},{"floor":16,"key":"GamblersBrew"},{"floor":18,"key":"GamblersBrew"},{"floor":24,"key":"BloodPotion"},{"floor":28,"key":"SkillPotion"},{"floor":33,"key":"Dexterity Potion"},{"floor":37,"key":"EssenceOfSteel"},{"floor":45,"key":"Explosive Potion"}],"is_trial":false,"path_per_floor":["?","?","?","?","?","?","?","?","T"],"character_chosen":"IRONCLAD","items_purchased":["Molten Egg 2","Pen Nib","Trip","Pommel Strike+1","Iron Wave+1","Finesse","Whirlwind+1"],"campfire_rested":4,"item_purchase_floors":[21,21,21,21,36,38,38],"current_hp_per_floor":[80,80,73,57,37,43,67,44,44,44,50,56,42,56,80,47,80,75,75,55,55,46,70,53,53,53,53,59,59,59,59,59,26,80,80,80,73,73,73,73,64,64,64,80,71,71,0],"gold":114,"neow_bonus":"THREE_ENEMY_KILL","is_prod":false,"is_daily":false,"chose_seed":false,"campfire_upgraded":4,"win_rate":0,"timestamp":1553939467,"path_taken":["M","M","?","?","?","E","R","E","T","R","M","M","E","M","R","BOSS","M","?","M","$","M","R","E","R","T","R","E","?","?","?","R","BOSS","M","$","M","$","?","R","E","$","T","R","E","?","E"],"build_version":"2019-01-23","purchased_purges":1,"victory":false,"max_hp_per_floor":[80,80,80,80,80,80,80,80,80,80,80,80,80,80,80,80,80,80,80,80,80,80,80,80,80,80,80,80,80,80,80,80,80,80,80,80,80,80,80,80,80,80,80,80,80,80,80],"card_choices":[{"not_picked":["Evolve","Cleave"],"picked":"Whirlwind","floor":1},{"not_picked":["Clash","Armaments"],"picked":"Ghostly Armor","floor":2},{"not_picked":["Heavy Blade","Metallicize"],"picked":"Shrug It Off","floor":6},{"not_picked":["Bludgeon","Havoc"],"picked":"Whirlwind","floor":8},{"not_picked":["Reckless Charge","Searing Blow","Battle Trance"],"picked":"SKIP","floor":11},{"not_picked":["Burning Pact","Spot Weakness","Cleave"],"picked":"SKIP","floor":12},{"not_picked":["Clothesline","Shrug It Off"],"picked":"Flex","floor":13},{"not_picked":["Entrench","Pommel Strike"],"picked":"Anger","floor":14},{"not_picked":["Dark Embrace","Offering"],"picked":"Double Tap","floor":16},{"not_picked":["Armaments","Headbutt"],"picked":"Flex","floor":18},{"not_picked":["Fire Breathing","Dual Wield"],"picked":"Heavy Blade+1","floor":20},{"not_picked":["Flex","Fiend Fire+1"],"picked":"Bloodletting+1","floor":22},{"not_picked":["Flex","Heavy Blade+1","Twin Strike+1"],"picked":"SKIP","floor":24},{"not_picked":["Fiend Fire+1","Brutality"],"picked":"Headbutt+1","floor":28},{"not_picked":["Impervious","Offering"],"picked":"Feed+1","floor":33},{"not_picked":["Power Through","Thunderclap+1"],"picked":"Anger+1","floor":35},{"not_picked":["Body Slam+1","Dual Wield+1"],"picked":"Clash+1","floor":37},{"not_picked":["Shrug It Off","Brutality"],"picked":"Thunderclap+1","floor":41},{"not_picked":["Sword Boomerang+1","Perfected Strike+1"],"picked":"Bloodletting","floor":45}],"player_experience":53072,"relics_obtained":[{"floor":6,"key":"Centennial Puzzle"},{"floor":8,"key":"Juzu Bracelet"},{"floor":13,"key":"Meat on the Bone"},{"floor":24,"key":"Tiny Chest"},{"floor":26,"key":"Oddly Smooth Stone"},{"floor":28,"key":"Art of War"},{"floor":41,"key":"Whetstone"},{"floor":45,"key":"Bag of Marbles"}],"event_choices":[{"cards_removed":["Strike_R"],"damage_healed":0,"gold_gain":0,"player_choice":"Card Removal","damage_taken":7,"max_hp_gain":0,"max_hp_loss":0,"event_name":"Golden Wing","floor":3,"gold_loss":0},{"damage_healed":0,"gold_gain":0,"player_choice":"Entered Light","damage_taken":16,"max_hp_gain":0,"max_hp_loss":0,"event_name":"Shining Light","floor":4,"gold_loss":0,"cards_upgraded":["Defend_R","Strike_R"]},{"damage_healed":0,"gold_gain":0,"player_choice":"Take Damage","damage_taken":20,"relics_obtained":["Golden Idol"],"max_hp_gain":0,"max_hp_loss":0,"event_name":"Golden Idol","floor":5,"gold_loss":0},{"damage_healed":0,"gold_gain":0,"player_choice":"Upgraded","damage_taken":0,"max_hp_gain":0,"max_hp_loss":0,"event_name":"Upgrade Shrine","floor":19,"gold_loss":0,"cards_upgraded":["Double Tap"]},{"damage_healed":0,"gold_gain":100,"player_choice":"Bet on Murderer","damage_taken":0,"max_hp_gain":0,"max_hp_loss":0,"event_name":"The Joust","floor":29,"gold_loss":50},{"cards_removed":["Strike_R"],"damage_healed":0,"gold_gain":0,"player_choice":"Elegance","damage_taken":0,"max_hp_gain":0,"max_hp_loss":0,"event_name":"Back to Basics","floor":30,"gold_loss":0},{"damage_healed":0,"gold_gain":0,"player_choice":"Gave Idol","damage_taken":0,"relics_obtained":["Bloody Idol"],"max_hp_gain":0,"max_hp_loss":0,"event_name":"Forgotten Altar","floor":31,"relics_lost":["Golden Idol"],"gold_loss":0},{"damage_healed":0,"gold_gain":0,"player_choice":"Memory 1","damage_taken":0,"max_hp_gain":0,"max_hp_loss":0,"event_name":"SensoryStone","floor":39,"gold_loss":0}],"is_beta":false,"boss_relics":[{"not_picked":["Empty Cage","Snecko Eye"],"picked":"Philosopher\u0027s Stone"},{"not_picked":["White Beast Statue","Runic Pyramid"],"picked":"Cursed Key"}],"items_purged_floors":[36],"is_endless":false,"potions_floor_spawned":[1,8,11,16,18,24,28,33,37,45],"killed_by":"Giant Head","ascension_level":1}