{"gold_per_floor":[118,118,45,60,60,60,60,103,103,103,126,141,40,60,60,184,184,208,233,252,252,252],"floor_reached":22,"playtime":737,"items_purged":["Strike_R"],"score":223,"play_id":"a1e74bf6-11fa-4df0-ab53-49e5719f7ce8","local_time":"20190423185132","is_ascension_mode":true,"campfire_choices":[{"data":"Berserk","floor":6,"key":"SMITH"},{"data":"Inflame","floor":10,"key":"SMITH"},{"data":"Armaments","floor":15,"key":"SMITH"}],"neow_cost":"NONE","seed_source_timestamp":827551499318983,"circlet_count":0,"master_deck":["Strike_R","Strike_R","Strike_R","Strike_R","Defend_R","Defend_R","Defend_R","Defend_R","Bash","Thunderclap","Entrench+1","Berserk+1","Inflame+1","Armaments+1","Pommel Strike","Seeing Red","Feed","Cleave","Flex+1","Body Slam+1"],"relics":["Burning Blood","Golden Idol","Regal Pillow","Gremlin Horn","Fusion Hammer"],"potions_floor_usage":[8,16,22,22,22],"damage_taken":[{"damage":2,"enemies":"Jaw Worm","floor":1,"turns":3},{"damage":0,"enemies":"2 Louse","floor":4,"turns":2},{"damage":12,"enemies":"Gremlin Nob","floor":8,"turns":3},{"damage":0,"enemies":"Small Slimes","floor":11,"turns":3},{"damage":14,"enemies":"Blue Slaver","floor":12,"turns":4},{"damage":0,"enemies":"Large Slime","floor":14,"turns":5},{"damage":33,"enemies":"The Guardian","floor":16,"turns":9},{"damage":18,"enemies":"Chosen","floor":18,"turns":5},{"damage":30,"enemies":"Shell Parasite","floor":19,"turns":4},{"damage":26,"enemies":"Centurion and Healer","floor":20,"turns":5},{"damage":42,"enemies":"Snake Plant","floor":22,"turns":4}],"seed_played":"-8477600062170725648","potions_obtained":[{"floor":0,"key":"SkillPotion"},{"floor":0,"key":"AttackPotion"},{"floor":0,"key":"AttackPotion"},{"floor":16,"key":"EssenceOfSteel"},{"floor":19,"key":"Swift Potion"}],"is_trial":false,"path_per_floor":["?","?","?","$"],"character_chosen":"IRONCLAD","items_purchased":["Entrench","Pommel Strike"],"campfire_rested":0,"item_purchase_floors":[3,13],"current_hp_per_floor":[80,60,60,66,66,66,71,65,65,65,71,63,63,69,69,42,85,77,53,36,36,0],"gold":252,"neow_bonus":"THREE_SMALL_POTIONS","is_prod":false,"is_daily":false,"chose_seed":false,"campfire_upgraded":3,"win_rate":0,"timestamp":1556038292,"path_taken":["M","?","$","M","?","R","?","E","T","R","M","M","?","M","R","BOSS","M","M","M","$","M"],"build_version":"2019-01-23","purchased_purges":1,"victory":false,"max_hp_per_floor":[80,80,80,80,80,80,85,85,85,85,85,85,85,85,85,85,85,89,89,92,92,92],"card_choices":[{"not_picked":["Clothesline","Twin Strike"],"picked":"Thunderclap","floor":1},{"not_picked":["Dual Wield","Thunderclap"],"picked":"Berserk","floor":4},{"not_picked":["Flex","Heavy Blade"],"picked":"Inflame","floor":8},{"not_picked":["Clothesline","Infernal Blade"],"picked":"Armaments","floor":11},{"not_picked":["Wild Strike","Headbutt","Battle Trance"],"picked":"SKIP","floor":12},{"not_picked":["Heavy Blade","Shockwave"],"picked":"Seeing Red","floor":14},{"not_picked":["Fiend Fire","Exhume"],"picked":"Feed","floor":16},{"not_picked":["Pommel Strike","Thunderclap"],"picked":"Cleave","floor":18},{"not_picked":["Combust","Dual Wield"],"picked":"Flex+1","floor":19},{"not_picked":["Sword Boomerang","Anger"],"picked":"Body Slam+1","floor":20}],"player_experience":142856,"relics_obtained":[{"floor":8,"key":"Regal Pillow"},{"floor":9,"key":"Gremlin Horn"}],"event_choices":[{"damage_healed":0,"gold_gain":0,"player_choice":"Take Damage","damage_taken":20,"relics_obtained":["Golden Idol"],"max_hp_gain":0,"max_hp_loss":0,"event_name":"Golden Idol","floor":2,"gold_loss":0},{"damage_healed":0,"gold_gain":0,"player_choice":"Grow","damage_taken":0,"max_hp_gain":0,"max_hp_loss":0,"event_name":"Living Wall","floor":5,"gold_loss":0,"cards_upgraded":["Entrench"]},{"damage_healed":0,"gold_gain":0,"player_choice":"Donut","damage_taken":0,"max_hp_gain":5,"max_hp_loss":0,"event_name":"Big Fish","floor":7,"gold_loss":0}],"is_beta":false,"boss_relics":[{"not_picked":["Black Star","Busted Crown"],"picked":"Fusion Hammer"}],"items_purged_floors":[13],"is_endless":false,"potions_floor_spawned":[1,4,16,19],"killed_by":"Snake Plant","ascension_level":4}