{"gold_per_floor":[119,18,35,48,58,58,71,71,71,71,112,112,132,153,153,278,278,299,320,142,67,67],"floor_reached":22,"playtime":879,"items_purged":["Strike_R","Strike_R"],"score":288,"play_id":"82af4744-6f84-4274-825f-3cac5efe856b","local_time":"20190508145630","is_ascension_mode":true,"campfire_choices":[{"data":"Bash","floor":6,"key":"SMITH"},{"data":"True Grit","floor":10,"key":"SMITH"},{"data":"Pommel Strike","floor":15,"key":"SMITH"}],"neow_cost":"PERCENT_DAMAGE","seed_source_timestamp":1052675082904987,"circlet_count":0,"master_deck":["Strike_R","Strike_R","Defend_R","Defend_R","Defend_R","Defend_R","Bash+1","Pommel Strike+1","Rage","Pommel Strike","True Grit+1","Limit Break","Thunderclap","Barricade","Entrench","Shrug It Off","Entrench"],"relics":["Burning Blood","Golden Idol","Orichalcum","Art of War","Velvet Choker"],"potions_floor_usage":[7,13,19],"damage_taken":[{"damage":3,"enemies":"2 Louse","floor":1,"turns":4},{"damage":1,"enemies":"Cultist","floor":3,"turns":3},{"damage":2,"enemies":"Jaw Worm","floor":4,"turns":3},{"damage":4,"enemies":"Blue Slaver","floor":5,"turns":4},{"damage":0,"enemies":"2 Fungi Beasts","floor":7,"turns":2},{"damage":20,"enemies":"Gremlin Nob","floor":11,"turns":4},{"damage":15,"enemies":"Exordium Wildlife","floor":13,"turns":5},{"damage":8,"enemies":"Lots of Slimes","floor":14,"turns":3},{"damage":47,"enemies":"Slime Boss","floor":16,"turns":16},{"damage":29,"enemies":"Shell Parasite","floor":18,"turns":8},{"damage":40,"enemies":"2 Thieves","floor":19,"turns":4},{"damage":24,"enemies":"Snecko","floor":22,"turns":5}],"seed_played":"-5558360716264160498","potions_obtained":[{"floor":4,"key":"FairyPotion"},{"floor":5,"key":"Explosive Potion"},{"floor":13,"key":"Fruit Juice"},{"floor":18,"key":"AttackPotion"}],"is_trial":false,"path_per_floor":["?","?","M","?"],"character_chosen":"IRONCLAD","items_purchased":["Pommel Strike","Entrench"],"campfire_rested":0,"item_purchase_floors":[2,20],"current_hp_per_floor":[70,70,75,79,81,81,87,63,63,63,49,49,45,43,43,12,79,56,22,22,22,0],"gold":67,"neow_bonus":"TWENTY_PERCENT_HP_BONUS","is_prod":false,"is_daily":false,"chose_seed":false,"campfire_upgraded":3,"win_rate":0,"timestamp":1557320190,"path_taken":["M","$","M","M","M","R","M","?","T","R","E","?","M","?","R","BOSS","M","M","$","?","M"],"build_version":"2019-01-23","purchased_purges":2,"victory":false,"max_hp_per_floor":[96,96,96,96,96,96,96,96,96,96,96,96,101,101,101,101,101,101,101,101,101,101],"card_choices":[{"not_picked":["Anger","Clash","Twin Strike"],"picked":"SKIP","floor":1},{"not_picked":["Hemokinesis","Sentinel","Wild Strike"],"picked":"SKIP","floor":3},{"not_picked":["Anger","Corruption"],"picked":"Rage","floor":4},{"not_picked":["Clash","Power Through"],"picked":"Pommel Strike","floor":5},{"not_picked":["Heavy Blade","Perfected Strike"],"picked":"True Grit","floor":7},{"not_picked":["Dark Embrace","Rupture"],"picked":"Limit Break","floor":11},{"not_picked":["Anger","Rupture"],"picked":"Thunderclap","floor":13},{"not_picked":["Power Through","Wild Strike","Blood for Blood"],"picked":"SKIP","floor":14},{"not_picked":["Dark Embrace","Bludgeon"],"picked":"Barricade","floor":16},{"not_picked":["Sword Boomerang+1","Iron Wave+1"],"picked":"Entrench","floor":18},{"not_picked":["Wild Strike","True Grit"],"picked":"Shrug It Off","floor":19}],"player_experience":256007,"relics_obtained":[{"floor":9,"key":"Orichalcum"},{"floor":11,"key":"Art of War"}],"event_choices":[{"damage_healed":0,"gold_gain":0,"player_choice":"Take Damage","damage_taken":24,"relics_obtained":["Golden Idol"],"max_hp_gain":0,"max_hp_loss":0,"event_name":"Golden Idol","floor":8,"gold_loss":0},{"damage_healed":0,"gold_gain":0,"player_choice":"0 cards matched","damage_taken":0,"max_hp_gain":0,"max_hp_loss":0,"event_name":"Match and Keep!","floor":12,"gold_loss":0,"cards_obtained":[]},{"cards_removed":["Strike_R"],"damage_healed":0,"gold_gain":0,"player_choice":"Gave Gold","damage_taken":0,"max_hp_gain":0,"max_hp_loss":0,"event_name":"Beggar","floor":21,"gold_loss":75}],"is_beta":false,"boss_relics":[{"not_picked":["Mark of Pain","Philosopher\u0027s Stone"],"picked":"Velvet Choker"}],"items_purged_floors":[2,20],"is_endless":false,"potions_floor_spawned":[4,5,13,18],"killed_by":"Snecko","ascension_level":8}