{"gold_per_floor":[110,120,132,132,144,170,184,184,210,224,224,241,241,9,9,114,114,128,128,142,154,173,173,208,226,226,236,266,266,286,298,298,298],"floor_reached":33,"playtime":2177,"items_purged":[],"score":295,"play_id":"c13811fa-e788-4fc9-b107-237d91cef4e7","local_time":"20190326055829","is_ascension_mode":false,"campfire_choices":[{"floor":8,"key":"REST"},{"floor":13,"key":"REST"},{"data":"Redo","floor":15,"key":"SMITH"},{"floor":23,"key":"REST"},{"floor":29,"key":"REST"},{"data":"Electrodynamics","floor":32,"key":"SMITH"}],"neow_cost":"NONE","seed_source_timestamp":508350615898237,"circlet_count":0,"master_deck":["Strike_B","Strike_B","Strike_B","Defend_B","Defend_B+1","Defend_B","Defend_B","Zap+1","Dualcast","Static Discharge","Ball Lightning","Redo+1","Hologram","BootSequence","Hologram","Chaos","Chill","Capacitor","Electrodynamics+1","Rebound","Reinforced Body+1","Conserve Battery","Static Discharge+1","Self Repair","Redo+1","Undo+1"],"relics":["Black Star","Bottled Lightning","Ancient Tea Set","War Paint","Pen Nib","Sozu","Bag of Preparation","Vajra","Dream Catcher","Juzu Bracelet","Shovel","Toxic Egg 2"],"potions_floor_usage":[2,6,16,25,28],"damage_taken":[{"damage":0,"enemies":"2 Louse","floor":1,"turns":3},{"damage":11,"enemies":"Jaw Worm","floor":2,"turns":4},{"damage":1,"enemies":"Cultist","floor":3,"turns":3},{"damage":10,"enemies":"Looter","floor":5,"turns":3},{"damage":31,"enemies":"Gremlin Nob","floor":6,"turns":5},{"damage":11,"enemies":"2 Fungi Beasts","floor":7,"turns":4},{"damage":0,"enemies":"Large Slime","floor":10,"turns":5},{"damage":2,"enemies":"Exordium Thugs","floor":12,"turns":4},{"damage":16,"enemies":"Slime Boss","floor":16,"turns":8},{"damage":13,"enemies":"Spheric Guardian","floor":18,"turns":4},{"damage":13,"enemies":"2 Thieves","floor":20,"turns":4},{"damage":17,"enemies":"Snecko","floor":21,"turns":4},{"damage":2,"enemies":"Cultist and Chosen","floor":22,"turns":6},{"damage":5,"enemies":"Gremlin Leader","floor":24,"turns":6},{"damage":12,"enemies":"Centurion and Healer","floor":25,"turns":4},{"damage":5,"enemies":"Snecko","floor":27,"turns":7},{"damage":17,"enemies":"Slavers","floor":28,"turns":5},{"damage":6,"enemies":"Snake Plant","floor":30,"turns":4},{"damage":5,"enemies":"3 Cultists","floor":31,"turns":4},{"damage":50,"enemies":"Automaton","floor":33,"turns":8}],"seed_played":"1307471526803734219","potions_obtained":[{"floor":1,"key":"EssenceOfSteel"},{"floor":2,"key":"Fruit Juice"},{"floor":6,"key":"LiquidBronze"},{"floor":10,"key":"AttackPotion"},{"floor":12,"key":"PowerPotion"}],"is_trial":false,"path_per_floor":["?","?","M","?"],"character_chosen":"DEFECT","items_purchased":["Capacitor","Pen Nib"],"campfire_rested":4,"item_purchase_floors":[14,14],"current_hp_per_floor":[75,69,68,68,58,27,16,40,40,40,40,38,62,62,62,46,80,67,67,54,37,35,59,54,42,42,37,27,51,52,47,47,0],"gold":298,"neow_bonus":"BOSS_RELIC","is_prod":false,"is_daily":false,"chose_seed":false,"campfire_upgraded":2,"win_rate":0.0,"timestamp":1553576309,"path_taken":["M","M","M","?","M","E","M","R","T","M","?","?","R","$","R","BOSS","M","?","M","M","M","R","E","M","T","M","E","R","M","M","R","BOSS"],"build_version":"2019-01-23","purchased_purges":0,"victory":false,"max_hp_per_floor":[75,80,80,80,80,80,80,80,80,80,80,80,80,80,80,80,80,80,80,80,80,80,80,80,80,80,80,80,80,80,80,80,80],"card_choices":[{"not_picked":["Gash","Coolheaded"],"picked":"Static Discharge","floor":1},{"not_picked":["Double Energy","Rebound"],"picked":"Ball Lightning","floor":2},{"not_picked":["Barrage","Compile Driver","Skim"],"picked":"SKIP","floor":3},{"not_picked":["Darkness","Reinforced Body"],"picked":"Redo","floor":5},{"not_picked":["Force Field","Rebound"],"picked":"Hologram","floor":6},{"not_picked":["Undo","Gash"],"picked":"BootSequence","floor":7},{"not_picked":["Sweeping Beam","Rip and Tear"],"picked":"Hologram","floor":10},{"not_picked":["Streamline","Doom and Gloom"],"picked":"Chill","floor":12},{"not_picked":["Reboot","Thunder Strike"],"picked":"Electrodynamics","floor":16},{"not_picked":["Lockon","Coolheaded"],"picked":"Rebound","floor":18},{"not_picked":["BootSequence","Stack"],"picked":"Reinforced Body+1","floor":20},{"not_picked":["Barrage+1","Buffer"],"picked":"Conserve Battery","floor":21},{"not_picked":["Sweeping Beam","Force Field"],"picked":"Static Discharge+1","floor":22},{"not_picked":["Doom and Gloom","Rip and Tear+1","Leap"],"picked":"SKIP","floor":24},{"not_picked":["Streamline","Capacitor","Aggregate"],"picked":"SKIP","floor":25},{"not_picked":["Fusion","Sweeping Beam"],"picked":"Self Repair","floor":27},{"not_picked":["Cold Snap","Aggregate"],"picked":"Redo","floor":28},{"not_picked":["Beam Cell","Skim+1"],"picked":"Undo+1","floor":29},{"not_picked":["Steam+1","Leap+1","Aggregate+1"],"picked":"SKIP","floor":30},{"not_picked":["Cold Snap+1","Streamline","Turbo+1"],"picked":"SKIP","floor":31}],"player_experience":31374,"relics_obtained":[{"floor":6,"key":"Bottled Lightning"},{"floor":6,"key":"Ancient Tea Set"},{"floor":9,"key":"War Paint"},{"floor":24,"key":"Vajra"},{"floor":24,"key":"Dream Catcher"},{"floor":26,"key":"Juzu Bracelet"},{"floor":28,"key":"Shovel"},{"floor":28,"key":"Toxic Egg 2"}],"event_choices":[{"damage_healed":0,"gold_gain":0,"player_choice":"Ignored","damage_taken":0,"max_hp_gain":0,"max_hp_loss":0,"event_name":"Liars Game","floor":4,"gold_loss":0},{"damage_healed":0,"gold_gain":0,"cards_transformed":["Strike_B"],"player_choice":"Transformed","damage_taken":0,"max_hp_gain":0,"max_hp_loss":0,"event_name":"Transmorgrifier","floor":11,"gold_loss":0,"cards_obtained":["Chaos"]},{"damage_healed":0,"gold_gain":0,"player_choice":"Opened","damage_taken":0,"relics_obtained":["Bag of Preparation"],"max_hp_gain":0,"max_hp_loss":0,"event_name":"The Mausoleum","floor":19,"gold_loss":0}],"is_beta":false,"boss_relics":[{"not_picked":["Lizard Tail","Empty Cage"],"picked":"Sozu"}],"items_purged_floors":[],"is_endless":false,"potions_floor_spawned":[1,2,6,10,12,18,22,24,30],"killed_by":"Automaton","ascension_level":0}