{"gold_per_floor":[111,131,142,107,107,137,151,151,451,338,41,41,41,70,70,166,166,181,106,122,133,133,133,162,162,162,172,172,172,45,57,57,162,162,176,186,206,8,20,20,49,49,49,49,49,49],"floor_reached":46,"playtime":5493,"items_purged":[],"score":476,"play_id":"bb26c81a-2297-4656-bb2a-2a38cfb362a5","local_time":"20190422225052","is_ascension_mode":false,"campfire_choices":[{"data":"Fusion","floor":8,"key":"SMITH"},{"floor":13,"key":"REST"},{"floor":15,"key":"REST"},{"data":"Compile Driver","floor":23,"key":"SMITH"},{"floor":25,"key":"REST"},{"floor":28,"key":"REST"},{"floor":32,"key":"REST"},{"floor":40,"key":"REST"},{"floor":44,"key":"DIG"}],"neow_cost":"NONE","seed_source_timestamp":8674248659800,"circlet_count":0,"master_deck":["Strike_B+1","Strike_B+1","Defend_B+1","Defend_B+1","Defend_B+1","Zap","Dualcast","Compile Driver+1","Fusion+1","Self Repair","Thunder Strike","Capacitor","Reinforced Body+1","Fission+1","Auto Shields+1","Hologram+1","Capacitor+1","Redo+1","Hologram+1","Ball Lightning","Undo+1","Barrage","Steam+1","Coolheaded+1","Reboot+1","Ball Lightning+1","Steam+1","Redo+1","Apotheosis+1","Coolheaded+1","Barrage+1","Chill+1"],"relics":["FrozenCore","Matryoshka","Bottled Flame","Old Coin","Tiny Chest","Strawberry","Dodecahedron","Question Card","Toxic Egg 2","Astrolabe","StoneCalendar","Kunai","Shovel","Smiling Mask","Blood Vial"],"potions_floor_usage":[14,16,24,24,31,41,41,46],"damage_taken":[{"damage":0,"enemies":"2 Louse","floor":1,"turns":3},{"damage":5,"enemies":"Small Slimes","floor":2,"turns":4},{"damage":8,"enemies":"Jaw Worm","floor":3,"turns":6},{"damage":43,"enemies":"3 Sentries","floor":6,"turns":7},{"damage":14,"enemies":"Blue Slaver","floor":7,"turns":4},{"damage":36,"enemies":"Gremlin Nob","floor":14,"turns":4},{"damage":62,"enemies":"Hexaghost","floor":16,"turns":11},{"damage":3,"enemies":"Shell Parasite","floor":18,"turns":8},{"damage":18,"enemies":"Spheric Guardian","floor":20,"turns":6},{"damage":10,"enemies":"Snecko","floor":21,"turns":8},{"damage":58,"enemies":"Slavers","floor":24,"turns":7},{"damage":28,"enemies":"Shelled Parasite and Fungi","floor":27,"turns":5},{"damage":8,"enemies":"Centurion and Healer","floor":31,"turns":7},{"damage":24,"enemies":"Automaton","floor":33,"turns":10},{"damage":18,"enemies":"3 Shapes","floor":35,"turns":7},{"damage":14,"enemies":"Orb Walker","floor":36,"turns":6},{"damage":16,"enemies":"Jaw Worm Horde","floor":37,"turns":7},{"damage":24,"enemies":"4 Shapes","floor":39,"turns":7},{"damage":11,"enemies":"Giant Head","floor":41,"turns":8},{"damage":61,"enemies":"Reptomancer","floor":46,"turns":5}],"seed_played":"4764966765543861517","potions_obtained":[{"floor":7,"key":"Dexterity Potion"},{"floor":14,"key":"Regen Potion"},{"floor":18,"key":"Energy Potion"},{"floor":21,"key":"Poison Potion"},{"floor":36,"key":"Energy Potion"},{"floor":37,"key":"FocusPotion"},{"floor":41,"key":"AttackPotion"}],"is_trial":false,"path_per_floor":["?","?","$","T","?","?","?","?","?"],"character_chosen":"DEFECT","items_purchased":["Tiny Chest","Thunder Strike","Capacitor","Strawberry","Steam+1","EssenceOfSteel","Apotheosis+1","Coolheaded+1"],"campfire_rested":6,"item_purchase_floors":[10,11,11,11,30,30,38,38],"current_hp_per_floor":[82,77,69,82,82,39,25,25,25,25,32,32,58,29,55,15,89,89,89,78,75,75,75,24,50,50,29,55,55,55,47,73,56,89,78,71,55,55,31,57,53,53,53,53,53,0],"gold":49,"neow_bonus":"TEN_PERCENT_HP_BONUS","is_prod":false,"is_daily":false,"chose_seed":false,"campfire_upgraded":2,"win_rate":0.0,"timestamp":1555998652,"path_taken":["M","M","M","?","?","E","M","R","T","?","$","?","R","E","R","BOSS","M","?","M","M","?","R","E","R","T","M","R","?","$","M","R","BOSS","M","M","M","$","M","R","E","?","T","R","?","E"],"build_version":"2019-01-23","purchased_purges":0,"victory":false,"max_hp_per_floor":[82,82,82,82,82,82,82,82,82,82,89,89,89,89,89,89,89,89,89,89,89,89,89,89,89,89,89,89,89,89,89,89,89,89,89,89,89,89,89,89,89,89,89,89,89,89],"card_choices":[{"not_picked":["Streamline","Consume"],"picked":"Compile Driver","floor":1},{"not_picked":["Redo","Aggregate"],"picked":"Fusion","floor":2},{"not_picked":["Skim","Stack"],"picked":"Static Discharge","floor":3},{"not_picked":["Consume","FTL"],"picked":"Fusion","floor":6},{"not_picked":["Sweeping Beam","Beam Cell"],"picked":"Self Repair","floor":7},{"not_picked":["Meteor Strike","Gash","FTL"],"picked":"Reinforced Body","floor":14},{"not_picked":["Electrodynamics","Amplify+1","All For One"],"picked":"Fission+1","floor":16},{"not_picked":["Scrape","Barrage","Hello World+1"],"picked":"Redo+1","floor":18},{"not_picked":["Hello World","Redo+1","Go for the Eyes+1"],"picked":"Hologram+1","floor":20},{"not_picked":["Defragment","Doom and Gloom+1","FTL+1"],"picked":"Ball Lightning","floor":21},{"not_picked":["Multi-Cast+1","Reinforced Body+1","Static Discharge+1"],"picked":"Undo+1","floor":24},{"not_picked":["Steam Power+1","Beam Cell","Compile Driver"],"picked":"Barrage","floor":27},{"not_picked":["Compile Driver","Glacier+1","Fission+1"],"picked":"Coolheaded+1","floor":31},{"not_picked":["Meteor Strike","Thunder Strike","Echo Form"],"picked":"Reboot+1","floor":33},{"not_picked":["Cold Snap+1","Chaos+1","Stack+1"],"picked":"Ball Lightning+1","floor":35},{"not_picked":["Double Energy+1","Sweeping Beam+1","Scrape+1"],"picked":"Steam+1","floor":36},{"not_picked":["Ball Lightning","Rebound+1","Capacitor+1"],"picked":"Redo+1","floor":37},{"not_picked":["Turbo+1","Creative AI","Go for the Eyes"],"picked":"Barrage+1","floor":39},{"not_picked":["Barrage+1","Leap+1","Reprogram+1"],"picked":"Chill+1","floor":41}],"player_experience":42961,"relics_obtained":[{"floor":6,"key":"Matryoshka"},{"floor":9,"key":"Bottled Flame"},{"floor":9,"key":"Old Coin"},{"floor":12,"key":"Dodecahedron"},{"floor":12,"key":"Question Card"},{"floor":14,"key":"Toxic Egg 2"},{"floor":24,"key":"StoneCalendar"},{"floor":26,"key":"Kunai"},{"floor":41,"key":"Shovel"},{"floor":43,"key":"Smiling Mask"},{"floor":44,"key":"Blood Vial"}],"event_choices":[{"damage_healed":20,"gold_gain":0,"player_choice":"Healed","damage_taken":0,"max_hp_gain":0,"max_hp_loss":0,"event_name":"The Cleric","floor":4,"gold_loss":35},{"damage_healed":0,"gold_gain":0,"player_choice":"Ignored","damage_taken":0,"max_hp_gain":0,"max_hp_loss":0,"event_name":"Golden Wing","floor":5,"gold_loss":0},{"cards_removed":["Fusion"],"damage_healed":0,"gold_gain":0,"player_choice":"Gave Gold","damage_taken":0,"max_hp_gain":0,"max_hp_loss":0,"event_name":"Beggar","floor":19,"gold_loss":75},{"damage_healed":0,"gold_gain":0,"player_choice":"Simplicity","damage_taken":0,"max_hp_gain":0,"max_hp_loss":0,"event_name":"Back to Basics","floor":22,"gold_loss":0,"cards_upgraded":["Strike_B","Strike_B","Defend_B","Defend_B","Defend_B"]},{"damage_healed":0,"gold_gain":0,"player_choice":"Ignored","damage_taken":0,"max_hp_gain":0,"max_hp_loss":0,"event_name":"The Mausoleum","floor":29,"gold_loss":0},{"cards_removed":["Static Discharge"],"damage_healed":0,"gold_gain":0,"player_choice":"Removed Power","damage_taken":0,"max_hp_gain":0,"max_hp_loss":0,"event_name":"Falling","floor":42,"gold_loss":0},{"damage_healed":0,"gold_gain":0,"player_choice":"Ignored","damage_taken":0,"max_hp_gain":0,"max_hp_loss":0,"event_name":"Mysterious Sphere","floor":45,"gold_loss":0}],"is_beta":false,"boss_relics":[{"not_picked":["Calling Bell","Lizard Tail"],"picked":"Astrolabe"},{"not_picked":["Eternal Feather","Coffee Dripper"],"picked":"FrozenCore"}],"items_purged_floors":[],"is_endless":false,"potions_floor_spawned":[7,14,18,21,36,37,41],"killed_by":"Reptomancer","ascension_level":0}