{"gold_per_floor":[109,123,24,44,55,55,72,37,37,54,54,67,67],"floor_reached":13,"playtime":1192,"items_purged":[],"score":158,"play_id":"4e4e1a3f-de78-4d1e-84df-0d333b85b6e7","local_time":"20190407233932","is_ascension_mode":true,"campfire_choices":[{"data":"Envenom","floor":6,"key":"SMITH"},{"data":"Leg Sweep","floor":11,"key":"SMITH"}],"neow_cost":"NONE","seed_source_timestamp":956866689441456,"circlet_count":0,"master_deck":["AscendersBane","Defend_G","Defend_G","Defend_G","Defend_G","Defend_G","Strike_G","Strike_G","Strike_G","Strike_G","Strike_G","Survivor","Neutralize","Poisoned Stab","Leg Sweep+1","Bane","Distraction","Deadly Poison","Envenom+1","Leg Sweep","Pain","Predator","Blade Dance"],"relics":["Cursed Key","Strawberry"],"potions_floor_usage":[10],"damage_taken":[{"damage":2,"enemies":"Cultist","floor":1,"turns":5},{"damage":4,"enemies":"Small Slimes","floor":2,"turns":4},{"damage":0,"enemies":"Jaw Worm","floor":4,"turns":3},{"damage":8,"enemies":"Large Slime","floor":5,"turns":5},{"damage":3,"enemies":"Looter","floor":7,"turns":3},{"damage":10,"enemies":"Exordium Wildlife","floor":10,"turns":4},{"damage":8,"enemies":"Gremlin Gang","floor":12,"turns":6},{"damage":48,"enemies":"Gremlin Nob","floor":13,"turns":4}],"seed_played":"5820326100788795158","potions_obtained":[{"floor":4,"key":"Energy Potion"},{"floor":5,"key":"SteroidPotion"}],"is_trial":false,"path_per_floor":["M","M","$","M","M","R","M","?","T","M","R","M","E"],"character_chosen":"THE_SILENT","items_purchased":["Bane","Distraction"],"campfire_rested":0,"item_purchase_floors":[3,3],"current_hp_per_floor":[57,53,53,53,45,45,42,58,65,55,55,47,0],"gold":67,"neow_bonus":"BOSS_RELIC","is_prod":false,"is_daily":false,"chose_seed":false,"campfire_upgraded":2,"win_rate":0,"timestamp":1554673172,"path_taken":["M","M","$","?","M","R","M","?","T","M","R","M","E"],"build_version":"2019-01-23","purchased_purges":0,"victory":false,"max_hp_per_floor":[66,66,66,66,66,66,66,66,73,73,73,73,73],"card_choices":[{"not_picked":["Calculated Gamble","Blade Dance"],"picked":"Poisoned Stab","floor":1},{"not_picked":["Acrobatics","Dagger Throw"],"picked":"Leg Sweep","floor":2},{"not_picked":["Acrobatics","Masterful Stab"],"picked":"Deadly Poison","floor":4},{"not_picked":["Distraction","Dodge and Roll"],"picked":"Envenom","floor":5},{"not_picked":["PiercingWail","Distraction"],"picked":"Leg Sweep","floor":7},{"not_picked":["Acrobatics","Prepared"],"picked":"Predator","floor":10},{"not_picked":["Acrobatics","Bane"],"picked":"Blade Dance","floor":12}],"player_experience":3045626,"relics_obtained":[{"floor":9,"key":"Strawberry"}],"event_choices":[{"damage_healed":16,"gold_gain":0,"player_choice":"Healed","damage_taken":0,"max_hp_gain":0,"max_hp_loss":0,"event_name":"The Cleric","floor":8,"gold_loss":35}],"is_beta":false,"boss_relics":[],"items_purged_floors":[],"is_endless":false,"potions_floor_spawned":[4,5],"killed_by":"Gremlin Nob","ascension_level":20}