{"gold_per_floor":[114,114,114,126,68,68,99,117,117,143,221,221,146,146,146,217,217,235,160,193,206,206,206,221,248,248,267,78,92,118,118,118,192,192,208,83,99,110,121,156,156,187,187,37,48,80,130,149,149,149,149,149,149,149,175,175],"floor_reached":57,"playtime":2463,"items_purged":["Strike_G","Defend_G","Defend_G","Defend_G+1"],"score":3576,"play_id":"9051bc92-f90a-4400-9d7a-cf429a886ac1","local_time":"20190511000749","is_ascension_mode":true,"campfire_choices":[{"data":"Catalyst","floor":6,"key":"SMITH"},{"data":"Neutralize","floor":12,"key":"SMITH"},{"data":"Deadly Poison","floor":15,"key":"SMITH"},{"data":"Strike_G","floor":23,"key":"PURGE"},{"data":"Strike_G+1","floor":32,"key":"PURGE"},{"data":"Defend_G","floor":41,"key":"PURGE"},{"floor":49,"key":"RECALL"},{"data":"Defend_G+1","floor":53,"key":"PURGE"}],"neow_cost":"NONE","seed_source_timestamp":29809192063388,"circlet_count":0,"master_deck":["AscendersBane","Survivor+1","Neutralize+1","Catalyst+1","Deadly Poison+1","Acrobatics+1","Reflex+1","Backflip+1","Outmaneuver+1","Adrenaline+1","Bandage Up+1","Grand Finale","Concentrate+1","Catalyst+1","Expertise+1","Well Laid Plans","Footwork+1"],"special_seed":0,"relics":["Ring of the Snake","NeowsBlessing","Toxic Egg 2","Oddly Smooth Stone","Letter Opener","Peace Pipe","Bottled Lightning","War Paint","Coffee Dripper","Red Mask","Anchor","Juzu Bracelet","Blood Vial","Orrery","Boot","Pen Nib","Dream Catcher","Nunchaku","Happy Flower"],"potions_floor_usage":[18,30,35],"damage_taken":[{"damage":0.0,"enemies":"2 Louse","floor":1.0,"turns":1.0},{"damage":0,"enemies":"Small Slimes","floor":4,"turns":1},{"damage":0,"enemies":"3 Sentries","floor":7,"turns":1},{"damage":0,"enemies":"Cultist","floor":8,"turns":3},{"damage":3,"enemies":"Lagavulin","floor":10,"turns":5},{"damage":0,"enemies":"The Guardian","floor":16,"turns":10},{"damage":0,"enemies":"3 Byrds","floor":18,"turns":5},{"damage":21,"enemies":"Masked Bandits","floor":20,"turns":5},{"damage":4,"enemies":"2 Thieves","floor":21,"turns":4},{"damage":4,"enemies":"Snake Plant","floor":24,"turns":4},{"damage":0,"enemies":"Gremlin Leader","floor":25,"turns":7},{"damage":1,"enemies":"Snecko","floor":27,"turns":4},{"damage":0,"enemies":"Centurion and Healer","floor":29,"turns":4},{"damage":0,"enemies":"Book of Stabbing","floor":30,"turns":4},{"damage":0,"enemies":"Champ","floor":33,"turns":7},{"damage":1,"enemies":"3 Darklings","floor":35,"turns":5},{"damage":0,"enemies":"3 Shapes","floor":37,"turns":3},{"damage":0,"enemies":"Transient","floor":38,"turns":6},{"damage":0,"enemies":"Jaw Worm Horde","floor":39,"turns":1},{"damage":0,"enemies":"Giant Head","floor":40,"turns":3},{"damage":0,"enemies":"Nemesis","floor":42,"turns":3},{"damage":0,"enemies":"Spire Growth","floor":45,"turns":1},{"damage":0,"enemies":"Giant Head","floor":46,"turns":2},{"damage":0,"enemies":"2 Orb Walkers","floor":47,"turns":1},{"damage":0,"enemies":"4 Shapes","floor":48,"turns":1},{"damage":0,"enemies":"Time Eater","floor":50,"turns":4},{"damage":0,"enemies":"Donu and Deca","floor":51,"turns":2},{"damage":0,"enemies":"Shield and Spear","floor":55,"turns":1},{"damage":57,"enemies":"The Heart","floor":56,"turns":4}],"seed_played":"-7152257797426344150","potions_obtained":[{"floor":1.0,"key":"AttackPotion"},{"floor":10,"key":"GamblersBrew"},{"floor":20,"key":"SpeedPotion"},{"floor":21,"key":"SkillPotion"},{"floor":30,"key":"LiquidBronze"},{"floor":35,"key":"LiquidBronze"},{"floor":39,"key":"Weak Potion"}],"is_trial":false,"path_per_floor":["M","?","?","M","?","R","E","M","T","E","T","R","$","?","R","B",null,"M","?","?","M","?","R","M","E","T","M","$","M","E","?","R","B",null,"M","$","M","M","M","E","R","E","T","$","M","E","?","M","R","B","B",null,"R","$","E","B",null],"character_chosen":"THE_SILENT","items_purchased":["Bandage Up+1"],"campfire_rested":0,"item_purchase_floors":[28],"current_hp_per_floor":[59,39,39,39,39,39,39,39,39,36,36,36,36,31,31,31,57,57,57,36,32,32,32,28,28,28,27,27,33,39,39,39,47,61,65,65,66,66,66,66,66,66,66,66,66,66,66,66,66,66,66,66,66,66,66,9],"gold":175,"neow_bonus":"THREE_ENEMY_KILL","is_prod":false,"is_daily":false,"chose_seed":false,"campfire_upgraded":3,"win_rate":0,"timestamp":1557504469,"path_taken":["M","?","?","?","?","R","E","?","T","E","?","R","$","?","R","BOSS","M","?","?","M","?","R","M","E","T","M","?","M","E","?","R","BOSS","M","$","M","M","M","E","R","E","T","$","M","E","?","M","R","BOSS","BOSS","R","$","E","BOSS"],"build_version":"2019-01-23","purchased_purges":4,"victory":true,"max_hp_per_floor":[66,66,66,66,66,66,66,66,66,66,66,66,66,66,66,66,66,66,66,66,66,66,66,66,66,66,66,66,66,66,66,66,66,66,66,66,66,66,66,66,66,66,66,66,66,66,66,66,66,66,66,66,66,66,66,66],"card_choices":[{"not_picked":["Deadly Poison","Outmaneuver"],"picked":"Catalyst","floor":1.0},{"not_picked":["Infinite Blades","Backflip","Setup"],"picked":"SKIP","floor":4},{"not_picked":["Heel Hook","Backstab","Predator"],"picked":"SKIP","floor":7},{"not_picked":["Sucker Punch","Deadly Poison+1","Deflect+1"],"picked":"SKIP","floor":8},{"not_picked":["Predator","Endless Agony"],"picked":"Acrobatics+1","floor":10},{"not_picked":["Acrobatics+1","Dagger Spray","Cloak And Dagger+1"],"picked":"SKIP","floor":18},{"not_picked":["Deflect+1","Slice"],"picked":"Reflex+1","floor":20},{"not_picked":["Quick Slash","Terror+1","Deflect+1"],"picked":"SKIP","floor":21},{"not_picked":["Cloak And Dagger+1","Slice"],"picked":"Backflip+1","floor":24},{"not_picked":["Terror+1","Finisher"],"picked":"Outmaneuver+1","floor":25},{"not_picked":["PiercingWail+1","Outmaneuver+1"],"picked":"Adrenaline+1","floor":27},{"not_picked":["Cloak And Dagger+1","Dagger Throw","Quick Slash"],"picked":"SKIP","floor":29},{"not_picked":["Underhanded Strike","Catalyst+1"],"picked":"Grand Finale","floor":30},{"not_picked":["Backstab","Dagger Throw"],"picked":"Catalyst+1","floor":34},{"not_picked":["Deadly Poison+1","Predator"],"picked":"Expertise+1","floor":35},{"not_picked":["Sucker Punch","Dodge and Roll+1","Glass Knife"],"picked":"SKIP","floor":37},{"not_picked":["Blade Dance+1","PiercingWail+1","Dagger Spray+1"],"picked":"SKIP","floor":38},{"not_picked":["Dagger Throw","Leg Sweep+1","Predator"],"picked":"SKIP","floor":39},{"not_picked":["Caltrops","Underhanded Strike","Leg Sweep+1"],"picked":"SKIP","floor":40},{"not_picked":["Predator","Dagger Throw+1","Dagger Spray"],"picked":"SKIP","floor":42},{"not_picked":["Burst+1","Underhanded Strike"],"picked":"Well Laid Plans","floor":45},{"not_picked":["Slice","Glass Knife","Expertise+1"],"picked":"SKIP","floor":46},{"not_picked":["Quick Slash","Outmaneuver+1","Footwork"],"picked":"SKIP","floor":48},{"not_picked":["Prepared+1","Leg Sweep+1"],"picked":"Footwork+1","floor":55}],"player_experience":1607318,"relics_obtained":[{"floor":7,"key":"Oddly Smooth Stone"},{"floor":9,"key":"Letter Opener"},{"floor":10,"key":"Peace Pipe"},{"floor":11,"key":"Bottled Lightning"},{"floor":20,"key":"Red Mask"},{"floor":25,"key":"Anchor"},{"floor":26,"key":"Juzu Bracelet"},{"floor":30,"key":"Blood Vial"},{"floor":40,"key":"Boot"},{"floor":42,"key":"Pen Nib"},{"floor":46,"key":"Dream Catcher"},{"floor":47,"key":"Nunchaku"},{"floor":55,"key":"Happy Flower"}],"event_choices":[{"damage_healed":0.0,"max_hp_gain":0.0,"max_hp_loss":0.0,"gold_gain":0.0,"event_name":"Shining Light","player_choice":"Entered Light","floor":2.0,"gold_loss":0.0,"damage_taken":20.0,"cards_upgraded":["Defend_G","Strike_G"]},{"damage_healed":0,"gold_gain":0,"cards_transformed":["Strike_G"],"player_choice":"Transformed","damage_taken":0,"max_hp_gain":0,"max_hp_loss":0,"event_name":"Transmorgrifier","floor":3,"gold_loss":0,"cards_obtained":["Deadly Poison"]},{"damage_healed":0,"gold_gain":0,"player_choice":"Paid Gold","damage_taken":0,"relics_obtained":["Toxic Egg 2"],"max_hp_gain":0,"max_hp_loss":0,"event_name":"WeMeetAgain","floor":5,"gold_loss":58},{"damage_healed":0,"gold_gain":0,"player_choice":"Success","damage_taken":5,"relics_obtained":["War Paint"],"max_hp_gain":0,"max_hp_loss":0,"event_name":"Scrap Ooze","floor":14,"gold_loss":0},{"cards_removed":["Strike_G"],"damage_healed":0,"gold_gain":0,"player_choice":"Gave Gold","damage_taken":0,"max_hp_gain":0,"max_hp_loss":0,"event_name":"Beggar","floor":19,"gold_loss":75},{"damage_healed":0,"gold_gain":0,"player_choice":"Fought Bandits","damage_taken":0,"max_hp_gain":0,"max_hp_loss":0,"event_name":"Masked Bandits","floor":20,"gold_loss":0},{"damage_healed":0,"gold_gain":0,"player_choice":"Ignored","damage_taken":0,"max_hp_gain":0,"max_hp_loss":0,"event_name":"Cursed Tome","floor":22,"gold_loss":0},{"damage_healed":0,"gold_gain":0,"player_choice":"Read","damage_taken":0,"max_hp_gain":0,"max_hp_loss":0,"event_name":"The Library","floor":31,"gold_loss":0,"cards_obtained":["Concentrate"]},{"damage_healed":0,"gold_gain":0,"player_choice":"Fight","damage_taken":0,"max_hp_gain":0,"max_hp_loss":0,"event_name":"Mysterious Sphere","floor":47,"gold_loss":0}],"is_beta":false,"boss_relics":[{"not_picked":["Runic Dome","Ring of the Serpent"],"picked":"Coffee Dripper"},{"not_picked":["Sozu","HoveringKite"],"picked":"Orrery"}],"items_purged_floors":[13,28,36,44],"is_endless":false,"potions_floor_spawned":[1,10,16,20,21,24,30,33,35,37,39,40,48,55],"ascension_level":20}