{"gold_per_floor":[116,116,131,131,131,131,11,25,25,51,71,87,87,99,99,194,194,214],"floor_reached":18,"playtime":632,"items_purged":["Strike_G"],"score":180,"play_id":"50676834-5ffa-4a80-9d68-b56be83e52c8","local_time":"20190419143417","is_ascension_mode":true,"campfire_choices":[{"floor":6,"key":"RECALL"},{"data":"Cloak And Dagger","floor":13,"key":"SMITH"},{"data":"Cloak And Dagger","floor":15,"key":"SMITH"}],"neow_cost":"NONE","seed_source_timestamp":466680364246670,"circlet_count":0,"master_deck":["Defend_G","Defend_G","Defend_G","Defend_G","Defend_G","Strike_G","Strike_G","Strike_G","Survivor","Neutralize","Dagger Throw","Backstab","Poisoned Stab","Cloak And Dagger+1","Cloak And Dagger+1","Tools of the Trade","Deadly Poison"],"relics":["Ring of the Snake","Regal Pillow","Ninja Scroll","Darkstone Periapt","Black Star"],"potions_floor_usage":[],"damage_taken":[{"damage":0,"enemies":"Small Slimes","floor":1,"turns":4},{"damage":2,"enemies":"Cultist","floor":3,"turns":4},{"damage":0,"enemies":"2 Louse","floor":8,"turns":2},{"damage":11,"enemies":"3 Sentries","floor":10,"turns":8},{"damage":1,"enemies":"Blue Slaver","floor":11,"turns":3},{"damage":0,"enemies":"Exordium Wildlife","floor":12,"turns":4},{"damage":0,"enemies":"Lots of Slimes","floor":14,"turns":2},{"damage":58,"enemies":"The Guardian","floor":16,"turns":14},{"damage":39,"enemies":"Spheric Guardian","floor":18,"turns":6}],"seed_played":"-4444976011796388567","potions_obtained":[{"floor":8,"key":"Strength Potion"},{"floor":12,"key":"Dexterity Potion"},{"floor":16,"key":"Regen Potion"}],"is_trial":false,"path_per_floor":["?","M","?","?","$","M"],"character_chosen":"THE_SILENT","items_purchased":["Poisoned Stab"],"campfire_rested":0,"item_purchase_floors":[7],"current_hp_per_floor":[77,77,75,72,72,72,72,72,72,61,60,60,60,60,60,2,77,38],"gold":214,"neow_bonus":"TEN_PERCENT_HP_BONUS","is_prod":false,"is_daily":false,"chose_seed":false,"campfire_upgraded":2,"win_rate":0,"timestamp":1555677257,"path_taken":["M","?","?","?","?","R","?","M","T","E","M","?","R","M","R","BOSS","M"],"build_version":"2019-01-23","purchased_purges":1,"victory":false,"max_hp_per_floor":[77,77,77,77,77,77,77,77,77,77,77,77,77,77,77,77,77,77],"card_choices":[{"not_picked":["Deadly Poison","Quick Slash"],"picked":"Dagger Throw","floor":1},{"not_picked":["Blade Dance","Escape Plan"],"picked":"Backstab","floor":3},{"not_picked":["Backflip","Poisoned Stab"],"picked":"Cloak And Dagger","floor":8},{"not_picked":["Reflex","Deadly Poison","Sucker Punch"],"picked":"SKIP","floor":10},{"not_picked":["Dagger Throw","Slice","Dodge and Roll"],"picked":"SKIP","floor":11},{"not_picked":["Endless Agony","Slice"],"picked":"Cloak And Dagger","floor":12},{"not_picked":["Crippling Poison","All Out Attack","Expertise"],"picked":"SKIP","floor":14},{"not_picked":["Glass Knife","Storm of Steel"],"picked":"Tools of the Trade","floor":16},{"not_picked":["Calculated Gamble","Underhanded Strike+1"],"picked":"Deadly Poison","floor":18}],"player_experience":115452,"relics_obtained":[{"floor":9,"key":"Ninja Scroll"},{"floor":10,"key":"Darkstone Periapt"}],"event_choices":[{"damage_healed":0,"gold_gain":0,"player_choice":"Full Heal","damage_taken":0,"max_hp_gain":0,"max_hp_loss":0,"event_name":"Wheel of Change","floor":2,"gold_loss":0},{"damage_healed":0,"gold_gain":0,"player_choice":"Success","damage_taken":3,"relics_obtained":["Regal Pillow"],"max_hp_gain":0,"max_hp_loss":0,"event_name":"Scrap Ooze","floor":4,"gold_loss":0},{"cards_removed":["Strike_G"],"damage_healed":0,"gold_gain":0,"player_choice":"Forget","damage_taken":0,"max_hp_gain":0,"max_hp_loss":0,"event_name":"Living Wall","floor":5,"gold_loss":0}],"is_beta":false,"boss_relics":[{"not_picked":["Cursed Key","Eternal Feather"],"picked":"Black Star"}],"items_purged_floors":[7],"is_endless":false,"potions_floor_spawned":[8,12,16],"killed_by":"Spheric Guardian","ascension_level":2}