{"gold_per_floor":[111,111,186,198,218,218,243,243,243,243,243,258,258,285,285,389,389,408,408,408,421,434,434,459,476,476,297,317,317,416,436,436,536,536,552,552,565,575,38,38,53,53,53,73,17,47,62,62,62,62],"floor_reached":51,"playtime":2799,"items_purged":["Normality","Strike_G"],"score":903,"play_id":"5f1e7f88-00f1-47e8-b731-57c7726040ff","local_time":"20190429062527","is_ascension_mode":true,"campfire_choices":[{"data":"Neutralize","floor":6,"key":"SMITH"},{"floor":8,"key":"REST"},{"floor":10,"key":"REST"},{"data":"Footwork","floor":15,"key":"SMITH"},{"floor":23,"key":"REST"},{"data":"Caltrops","floor":32,"key":"SMITH"},{"floor":40,"key":"REST"},{"floor":42,"key":"REST"},{"floor":49,"key":"REST"}],"neow_cost":"NONE","seed_source_timestamp":242506923708288,"circlet_count":0,"master_deck":["Defend_G+1","Defend_G","Defend_G","Defend_G","Defend_G","Strike_G","Strike_G+1","Survivor","Neutralize+1","Die Die Die","Deadly Poison","Blur","Crippling Poison","PiercingWail","Flying Knee","Footwork+1","Adrenaline","Grand Finale","Tools of the Trade","Prepared+1","Caltrops+1","Footwork","Footwork","Terror+1","Burst","Backstab+1","Flying Knee","Reflex","Bouncing Flask","Caltrops","Backflip","Quick Slash","Skewer","Dash","A Thousand Cuts","Shame","Cloak And Dagger","Noxious Fumes","Envenom","Dagger Throw+1","Mayhem"],"relics":["Ring of the Snake","The Courier","Orichalcum","Calipers","Cursed Key","Enchiridion","Nloth\u0027s Gift","Mummified Hand","Juzu Bracelet","Fusion Hammer","FossilizedHelix","Meat on the Bone","Unceasing Top"],"potions_floor_usage":[14,33,37],"damage_taken":[{"damage":0,"enemies":"2 Louse","floor":1,"turns":1},{"damage":1,"enemies":"Jaw Worm","floor":4,"turns":2},{"damage":0,"enemies":"Cultist","floor":5,"turns":3},{"damage":39,"enemies":"Gremlin Nob","floor":7,"turns":5},{"damage":1,"enemies":"Looter","floor":12,"turns":4},{"damage":9,"enemies":"3 Sentries","floor":14,"turns":9},{"damage":32,"enemies":"Hexaghost","floor":16,"turns":16},{"damage":0,"enemies":"Shell Parasite","floor":18,"turns":9},{"damage":0,"enemies":"Chosen","floor":21,"turns":7},{"damage":10,"enemies":"Snake Plant","floor":22,"turns":7},{"damage":10,"enemies":"Book of Stabbing","floor":24,"turns":9},{"damage":0,"enemies":"3 Cultists","floor":25,"turns":4},{"damage":11,"enemies":"Sentry and Sphere","floor":28,"turns":4},{"damage":0,"enemies":"Snake Plant","floor":31,"turns":5},{"damage":38,"enemies":"Collector","floor":33,"turns":14},{"damage":5,"enemies":"Orb Walker","floor":35,"turns":5},{"damage":21,"enemies":"3 Darklings","floor":37,"turns":6},{"damage":18,"enemies":"Sphere and 2 Shapes","floor":38,"turns":7},{"damage":11,"enemies":"4 Shapes","floor":41,"turns":4},{"damage":0,"enemies":"Maw","floor":44,"turns":8},{"damage":0,"enemies":"Giant Head","floor":46,"turns":8},{"damage":0,"enemies":"Jaw Worm Horde","floor":47,"turns":5},{"damage":19,"enemies":"Donu and Deca","floor":50,"turns":7}],"seed_played":"542457134452454067","potions_obtained":[{"floor":7,"key":"Fire Potion"},{"floor":12,"key":"GhostInAJar"},{"floor":14,"key":"FairyPotion"},{"floor":18,"key":"SpeedPotion"},{"floor":33,"key":"SneckoOil"},{"floor":41,"key":"Fire Potion"}],"is_trial":false,"path_per_floor":["?","?","M","?","M","?","?","?","M","?","?","?","$","?"],"character_chosen":"THE_SILENT","items_purchased":["Caltrops","Footwork","Caltrops","Backflip","Quick Slash","Skewer","Dash","FossilizedHelix","Noxious Fumes"],"campfire_rested":6,"item_purchase_floors":[27,27,39,39,39,39,39,39,45],"current_hp_per_floor":[70,56,45,44,44,44,5,26,36,60,60,59,56,47,47,15,64,64,48,48,48,38,62,52,52,52,52,41,41,41,41,41,3,61,56,56,35,17,17,41,30,54,54,54,54,54,54,54,78,59],"gold":62,"neow_bonus":"ONE_RANDOM_RARE_CARD","is_prod":false,"is_daily":false,"chose_seed":false,"campfire_upgraded":3,"win_rate":0,"timestamp":1556511927,"path_taken":["M","?","?","?","M","R","E","R","T","R","?","?","?","E","R","BOSS","M","?","?","M","?","R","E","M","T","$","M","?","?","M","R","BOSS","M","?","M","M","$","R","M","R","T","M","?","E","M","?","R","BOSS"],"build_version":"2019-01-23","purchased_purges":2,"victory":true,"max_hp_per_floor":[70,70,70,70,70,70,70,70,80,80,80,80,80,80,80,80,80,80,80,80,80,80,80,80,80,80,80,80,80,80,80,80,80,80,80,80,80,80,80,80,80,80,80,80,80,80,80,80,80,80],"card_choices":[{"not_picked":["Outmaneuver","Crippling Poison"],"picked":"Deadly Poison","floor":1},{"not_picked":["Flying Knee","Dagger Spray"],"picked":"Blur","floor":4},{"not_picked":["Blade Dance","Dagger Spray"],"picked":"Crippling Poison","floor":5},{"not_picked":["Dagger Spray","Quick Slash"],"picked":"PiercingWail","floor":7},{"not_picked":["Dagger Throw","Setup"],"picked":"Flying Knee","floor":12},{"not_picked":["Blade Dance","Dagger Spray"],"picked":"Footwork","floor":14},{"not_picked":["Storm of Steel","Glass Knife"],"picked":"Adrenaline","floor":16},{"not_picked":["Backflip","Blade Dance","Poisoned Stab"],"picked":"SKIP","floor":18},{"not_picked":["Blade Dance","Quick Slash"],"picked":"Grand Finale","floor":21},{"not_picked":["Poisoned Stab","Masterful Stab"],"picked":"Tools of the Trade","floor":22},{"not_picked":["Grand Finale","Outmaneuver"],"picked":"Prepared+1","floor":24},{"not_picked":["All Out Attack","Expertise","Outmaneuver"],"picked":"SKIP","floor":25},{"not_picked":["Calculated Gamble","Cloak And Dagger"],"picked":"Footwork","floor":28},{"not_picked":["Dagger Throw","Slice"],"picked":"Terror+1","floor":31},{"not_picked":["A Thousand Cuts","Wraith Form v2"],"picked":"Burst","floor":33},{"not_picked":["Masterful Stab+1","Endless Agony+1"],"picked":"Backstab+1","floor":35},{"not_picked":["Prepared+1","Tools of the Trade"],"picked":"Reflex","floor":37},{"not_picked":["Underhanded Strike","Bane+1"],"picked":"Bouncing Flask","floor":38},{"not_picked":["Doppelganger","Eviscerate"],"picked":"A Thousand Cuts","floor":41},{"not_picked":["Dagger Throw","Wraith Form v2"],"picked":"Cloak And Dagger","floor":44},{"not_picked":["Deadly Poison","Malaise"],"picked":"Envenom","floor":46},{"not_picked":["Bane","Flechettes+1"],"picked":"Dagger Throw+1","floor":47},{"not_picked":["Deep Breath","Discovery"],"picked":"Mayhem","floor":48}],"player_experience":192327,"relics_obtained":[{"floor":7,"key":"The Courier"},{"floor":9,"key":"Pear"},{"floor":14,"key":"Calipers"},{"floor":19,"key":"Enchiridion"},{"floor":24,"key":"Mummified Hand"},{"floor":26,"key":"Juzu Bracelet"},{"floor":43,"key":"Meat on the Bone"},{"floor":46,"key":"Unceasing Top"}],"event_choices":[{"damage_healed":0,"gold_gain":0,"player_choice":"Entered Light","damage_taken":14,"max_hp_gain":0,"max_hp_loss":0,"event_name":"Shining Light","floor":2,"gold_loss":0,"cards_upgraded":["Strike_G","Defend_G"]},{"damage_healed":0,"gold_gain":75,"player_choice":"Gather Gold","damage_taken":11,"max_hp_gain":0,"max_hp_loss":0,"event_name":"World of Goop","floor":3,"gold_loss":0},{"cards_removed":["Strike_G"],"damage_healed":0,"gold_gain":0,"player_choice":"Purged","damage_taken":0,"max_hp_gain":0,"max_hp_loss":0,"event_name":"Purifier","floor":11,"gold_loss":0},{"damage_healed":0,"gold_gain":0,"player_choice":"Success","damage_taken":3,"relics_obtained":["Orichalcum"],"max_hp_gain":0,"max_hp_loss":0,"event_name":"Scrap Ooze","floor":13,"gold_loss":0},{"damage_healed":0,"gold_gain":0,"player_choice":"Obtained Book","damage_taken":16,"max_hp_gain":0,"max_hp_loss":0,"event_name":"Cursed Tome","floor":19,"gold_loss":0},{"damage_healed":0,"gold_gain":0,"player_choice":"Traded Relic","damage_taken":0,"relics_obtained":["Nloth\u0027s Gift"],"max_hp_gain":0,"max_hp_loss":0,"event_name":"N\u0027loth","floor":20,"relics_lost":["Pear"],"gold_loss":0},{"damage_healed":0,"gold_gain":0,"player_choice":"Ignored","damage_taken":0,"max_hp_gain":0,"max_hp_loss":0,"event_name":"Ghosts","floor":29,"gold_loss":0},{"damage_healed":0,"gold_gain":99,"player_choice":"Stole From Cult","damage_taken":0,"max_hp_gain":0,"max_hp_loss":0,"event_name":"Nest","floor":30,"gold_loss":0},{"damage_healed":0,"gold_gain":0,"cards_transformed":["Strike_G"],"player_choice":"Transformed","damage_taken":0,"max_hp_gain":0,"max_hp_loss":0,"event_name":"Transmorgrifier","floor":36,"gold_loss":0,"cards_obtained":["Flying Knee"]},{"damage_healed":0,"gold_gain":0,"player_choice":"Memory 1","damage_taken":0,"max_hp_gain":0,"max_hp_loss":0,"event_name":"SensoryStone","floor":48,"gold_loss":0}],"is_beta":false,"boss_relics":[{"not_picked":["Sozu","Runic Pyramid"],"picked":"Cursed Key"},{"not_picked":["Black Star","Velvet Choker"],"picked":"Fusion Hammer"}],"items_purged_floors":[27,39],"is_endless":false,"potions_floor_spawned":[7,12,14,18,25,33,41,44],"ascension_level":5}