{"gold_per_floor":[115,115,40,40,53,53,86,86,86,96,108,121,121,136,136,231,231,243,168,267,24,43,43],"floor_reached":23,"playtime":860,"items_purged":["Strike_R","Strike_R"],"score":267,"play_id":"b967e2bf-ff3e-4980-af1f-c64b86fa1376","local_time":"20190508090400","is_ascension_mode":true,"campfire_choices":[{"data":"Pommel Strike","floor":6,"key":"SMITH"},{"data":"Body Slam","floor":13,"key":"SMITH"},{"data":"Metallicize","floor":15,"key":"SMITH"}],"neow_cost":"NONE","seed_source_timestamp":1031549314902711,"circlet_count":0,"master_deck":["Strike_R","Strike_R","Defend_R","Defend_R","Defend_R","Defend_R","Bash+1","Flex","Flex","Pommel Strike+1","Thunderclap","Shrug It Off","Shrug It Off","Barricade","Ghostly Armor","Body Slam+1","Iron Wave","Metallicize+1","Demon Form","Armaments"],"relics":["Black Blood","Prayer Wheel","Question Card","Pantograph","Mango","Bag of Preparation"],"potions_floor_usage":[16,22],"damage_taken":[{"damage":15,"enemies":"2 Louse","floor":1,"turns":3},{"damage":6,"enemies":"Cultist","floor":5,"turns":3},{"damage":36,"enemies":"Gremlin Nob","floor":7,"turns":4},{"damage":12,"enemies":"Jaw Worm","floor":10,"turns":2},{"damage":1,"enemies":"2 Fungi Beasts","floor":11,"turns":3},{"damage":3,"enemies":"Blue Slaver","floor":12,"turns":3},{"damage":15,"enemies":"Gremlin Gang","floor":14,"turns":7},{"damage":14,"enemies":"Hexaghost","floor":16,"turns":11},{"damage":34,"enemies":"Spheric Guardian","floor":18,"turns":6},{"damage":58,"enemies":"3 Byrds","floor":22,"turns":9},{"damage":0,"enemies":"Gremlin Leader","floor":23,"turns":2}],"seed_played":"-866998919256915225","potions_obtained":[{"floor":11,"key":"SpeedPotion"},{"floor":12,"key":"GamblersBrew"},{"floor":14,"key":"PowerPotion"},{"floor":18,"key":"PowerPotion"}],"is_trial":false,"path_per_floor":["?","T","T","?","?"],"character_chosen":"IRONCLAD","items_purchased":["Bag of Preparation"],"campfire_rested":0,"item_purchase_floors":[21],"current_hp_per_floor":[63,63,63,63,63,63,33,33,47,41,46,49,49,40,40,57,85,61,61,61,61,13,13],"gold":43,"neow_bonus":"THREE_CARDS","is_prod":false,"is_daily":false,"chose_seed":false,"campfire_upgraded":3,"win_rate":0,"timestamp":1557299040,"path_taken":["M","?","$","?","M","R","E","?","T","M","M","M","R","M","R","BOSS","M","?","?","$","M","E"],"build_version":"2019-01-23","purchased_purges":2,"victory":false,"max_hp_per_floor":[80,80,80,80,80,80,80,80,94,94,94,94,94,94,94,94,94,94,94,94,94,94,94],"card_choices":[{"not_picked":["Iron Wave","Heavy Blade"],"picked":"Flex","floor":0},{"not_picked":["Warcry","Iron Wave","Clash"],"picked":"SKIP","floor":1},{"not_picked":["Pommel Strike","Body Slam"],"picked":"Flex","floor":5},{"not_picked":["Feel No Pain","Iron Wave"],"picked":"Pommel Strike","floor":5},{"not_picked":["Heavy Blade","Intimidate"],"picked":"Thunderclap","floor":7},{"not_picked":["Wild Strike","Rage","Thunderclap"],"picked":"Shrug It Off","floor":10},{"not_picked":["Pummel","Clothesline","Iron Wave"],"picked":"Shrug It Off","floor":10},{"not_picked":["Iron Wave","Bloodletting","Havoc"],"picked":"Barricade","floor":11},{"not_picked":["Armaments","Combust","Headbutt"],"picked":"Ghostly Armor","floor":11},{"not_picked":["Anger","Perfected Strike","Twin Strike"],"picked":"Body Slam","floor":12},{"not_picked":["Hemokinesis","Disarm","Wild Strike","Sentinel"],"picked":"SKIP","floor":12},{"not_picked":["Thunderclap","Warcry","Heavy Blade"],"picked":"Iron Wave","floor":14},{"not_picked":["Twin Strike","Offering","Armaments"],"picked":"Metallicize","floor":14},{"not_picked":["Brutality","Reaper","Dark Embrace"],"picked":"Demon Form","floor":16},{"not_picked":["Thunderclap","Clash","Headbutt"],"picked":"Armaments","floor":18},{"not_picked":["Thunderclap","Sword Boomerang","Clash","Warcry"],"picked":"SKIP","floor":18},{"not_picked":["Bludgeon","Combust+1","Dropkick","Warcry"],"picked":"SKIP","floor":22},{"not_picked":["Flex","Twin Strike","Sever Soul+1","Cleave"],"picked":"SKIP","floor":22}],"player_experience":251374,"relics_obtained":[{"floor":4,"key":"Prayer Wheel"},{"floor":7,"key":"Question Card"},{"floor":8,"key":"Pantograph"},{"floor":9,"key":"Mango"}],"event_choices":[{"damage_healed":0,"gold_gain":0,"player_choice":"Forge","damage_taken":0,"max_hp_gain":0,"max_hp_loss":0,"event_name":"Accursed Blacksmith","floor":2,"gold_loss":0,"cards_upgraded":["Bash"]},{"cards_removed":["Strike_R"],"damage_healed":0,"gold_gain":0,"player_choice":"Gave Gold","damage_taken":0,"max_hp_gain":0,"max_hp_loss":0,"event_name":"Beggar","floor":19,"gold_loss":75},{"damage_healed":0,"gold_gain":99,"player_choice":"Stole From Cult","damage_taken":0,"max_hp_gain":0,"max_hp_loss":0,"event_name":"Nest","floor":20,"gold_loss":0}],"is_beta":false,"boss_relics":[{"not_picked":["Calling Bell","Tiny House"],"picked":"Black Blood"}],"items_purged_floors":[3,21],"is_endless":false,"potions_floor_spawned":[11,12,14,18],"killed_by":"Gremlin Leader","ascension_level":8}