{"gold_per_floor":[114,44,44,9,0,38,38,57,104,117,132,132,57,75,75,196,196,214,214,88,115,136,136,152,152,152,170,170,170,203,169,169,298,298,321,29,29,29,42,80,80,113,113,113,128,128,153,278,278,278],"floor_reached":51,"playtime":2229,"items_purged":["Strike_B","Lockon"],"score":1129,"play_id":"3a68553b-66a0-4a1d-a734-44792cf5b93a","local_time":"20190510192306","is_ascension_mode":true,"campfire_choices":[{"floor":12,"key":"REST"},{"data":"Darkness","floor":15,"key":"SMITH"},{"data":"Defragment","floor":23,"key":"SMITH"},{"floor":25,"key":"REST"},{"data":"Buffer","floor":28,"key":"SMITH"},{"floor":32,"key":"REST"},{"floor":41,"key":"REST"},{"floor":44,"key":"REST"},{"floor":46,"key":"REST"},{"data":"Fission","floor":49,"key":"SMITH"}],"neow_cost":"NONE","seed_source_timestamp":1240113578708171,"circlet_count":0,"master_deck":["Zap","Dualcast","Darkness+1","Auto Shields","Loop","Genetic Algorithm","Redo","Conserve Battery","Double Energy","Buffer+1","BootSequence","Streamline","Stack","Compile Driver","Stack","Hello World","Capacitor","Darkness+1","Leap","Defragment+1","Consume","Leap","Fission+1","Barrage","Capacitor","Creative AI","Defragment+1","Leap","Bandage Up","Chaos+1","Double Energy+1","Coolheaded","Redo","Glacier+1"],"relics":["Cracked Core","Juzu Bracelet","Golden Idol","Pear","Ancient Tea Set","Regal Pillow","Pandora\u0027s Box","DataDisk","Letter Opener","Cables","Velvet Choker","Symbiotic Virus","Bag of Marbles","Nunchaku","StoneCalendar"],"potions_floor_usage":[11,16,27,30,30,30,30,40,40,40,50,50,50],"damage_taken":[{"damage":0,"enemies":"Small Slimes","floor":1,"turns":3},{"damage":32,"enemies":"Lagavulin","floor":6,"turns":7},{"damage":2,"enemies":"Jaw Worm","floor":8,"turns":4},{"damage":8,"enemies":"Cultist","floor":10,"turns":4},{"damage":4,"enemies":"Exordium Thugs","floor":11,"turns":5},{"damage":14,"enemies":"Blue Slaver","floor":14,"turns":4},{"damage":12,"enemies":"Hexaghost","floor":16,"turns":7},{"damage":20,"enemies":"Spheric Guardian","floor":18,"turns":5},{"damage":17,"enemies":"2 Thieves","floor":22,"turns":3},{"damage":17,"enemies":"Chosen and Byrds","floor":24,"turns":6},{"damage":14,"enemies":"Cultist and Chosen","floor":27,"turns":7},{"damage":13,"enemies":"Gremlin Leader","floor":30,"turns":5},{"damage":0,"enemies":"Champ","floor":33,"turns":10},{"damage":44,"enemies":"3 Shapes","floor":35,"turns":4},{"damage":30,"enemies":"3 Darklings","floor":39,"turns":7},{"damage":0,"enemies":"Giant Head","floor":40,"turns":6},{"damage":44,"enemies":"Reptomancer","floor":42,"turns":11},{"damage":34,"enemies":"Spire Growth","floor":45,"turns":5},{"damage":0,"enemies":"Transient","floor":47,"turns":5},{"damage":0,"enemies":"Mind Bloom Boss Battle","floor":48,"turns":5},{"damage":35,"enemies":"Donu and Deca","floor":50,"turns":10}],"seed_played":"3815429746494905312","potions_obtained":[{"floor":1,"key":"EssenceOfSteel"},{"floor":11,"key":"GamblersBrew"},{"floor":14,"key":"Strength Potion"},{"floor":18,"key":"Block Potion"},{"floor":24,"key":"EntropicBrew"},{"floor":33,"key":"Weak Potion"},{"floor":39,"key":"Energy Potion"},{"floor":45,"key":"GamblersBrew"},{"floor":47,"key":"FocusPotion"},{"floor":48,"key":"Fire Potion"}],"is_trial":false,"path_per_floor":["?","$","?","?","?","T","?","?","?","?"],"character_chosen":"DEFECT","items_purchased":["Auto Shields","Loop","Leap","Capacitor","Symbiotic Virus","Leap"],"campfire_rested":6,"item_purchase_floors":[2,4,20,31,36,36],"current_hp_per_floor":[68,68,50,50,50,28,28,26,26,18,14,54,54,40,40,28,71,51,51,51,51,34,34,17,57,57,43,43,43,30,30,70,70,81,37,37,37,37,11,15,55,15,15,55,25,65,69,73,73,42],"gold":278,"neow_bonus":"RANDOM_COMMON_RELIC","is_prod":false,"is_daily":false,"chose_seed":false,"campfire_upgraded":4,"win_rate":0,"timestamp":1557508986,"path_taken":["M","$","?","?","?","E","?","M","T","M","M","R","$","M","R","BOSS","M","?","$","?","M","R","M","R","T","M","R","?","E","$","R","BOSS","M","$","?","?","M","E","R","E","T","R","M","R","M","?","R","BOSS"],"build_version":"2019-01-23","purchased_purges":2,"victory":true,"max_hp_per_floor":[75,75,75,75,75,85,85,85,85,85,85,85,85,85,85,85,85,85,85,85,85,85,85,85,85,85,85,85,85,85,85,85,85,85,85,85,85,85,85,85,85,85,85,85,85,85,85,85,85,85],"card_choices":[{"not_picked":["Undo","Scrape"],"picked":"Darkness","floor":1},{"not_picked":["Hologram","Steam Power"],"picked":"Cold Snap","floor":6},{"not_picked":["Stack","Rebound"],"picked":"Genetic Algorithm","floor":8},{"not_picked":["Stack","Cold Snap"],"picked":"Redo","floor":10},{"not_picked":["Undo","Stack"],"picked":"Conserve Battery","floor":11},{"not_picked":["Leap","Compile Driver"],"picked":"Double Energy","floor":14},{"not_picked":["Machine Learning","Thunder Strike"],"picked":"Buffer","floor":16},{"not_picked":["Turbo+1","Rip and Tear"],"picked":"Capacitor","floor":18},{"not_picked":["Stack","Rebound"],"picked":"Defragment","floor":22},{"not_picked":["Skim+1","Ball Lightning"],"picked":"Consume","floor":24},{"not_picked":["Gash","Barrage"],"picked":"Leap","floor":27},{"not_picked":["Undo","Go for the Eyes","Biased Cognition"],"picked":"SKIP","floor":30},{"not_picked":["Rainbow","Reboot"],"picked":"Creative AI","floor":33},{"not_picked":["Stack","Go for the Eyes+1"],"picked":"Defragment+1","floor":35},{"not_picked":["Trip","Forethought"],"picked":"Bandage Up","floor":37},{"not_picked":["Streamline+1","Barrage+1"],"picked":"Chaos+1","floor":39},{"not_picked":["Beam Cell+1","Hello World"],"picked":"Double Energy+1","floor":40},{"not_picked":["Gash+1","Barrage"],"picked":"Coolheaded","floor":42},{"not_picked":["Rebound","Turbo"],"picked":"Redo","floor":45},{"not_picked":["Rebound+1","Reboot"],"picked":"Glacier+1","floor":47}],"player_experience":266575,"relics_obtained":[{"floor":6,"key":"Pear"},{"floor":9,"key":"Regal Pillow"},{"floor":21,"key":"DataDisk"},{"floor":26,"key":"Letter Opener"},{"floor":30,"key":"Cables"},{"floor":40,"key":"Bag of Marbles"},{"floor":42,"key":"Nunchaku"},{"floor":48,"key":"StoneCalendar"}],"event_choices":[{"damage_healed":0,"gold_gain":0,"player_choice":"Take Damage","damage_taken":18,"relics_obtained":["Golden Idol"],"max_hp_gain":0,"max_hp_loss":0,"event_name":"Golden Idol","floor":3,"gold_loss":0},{"damage_healed":0,"gold_gain":0,"player_choice":"Left Gold","damage_taken":0,"max_hp_gain":0,"max_hp_loss":0,"event_name":"World of Goop","floor":5,"gold_loss":9},{"damage_healed":0,"gold_gain":0,"player_choice":"Searched \u00272\u0027 times","damage_taken":0,"relics_obtained":["Ancient Tea Set"],"max_hp_gain":0,"max_hp_loss":0,"event_name":"Dead Adventurer","floor":7,"gold_loss":0},{"damage_healed":0,"gold_gain":0,"player_choice":"Copied","damage_taken":0,"max_hp_gain":0,"max_hp_loss":0,"event_name":"Duplicator","floor":19,"gold_loss":0,"cards_obtained":["Darkness"]},{"damage_healed":0,"gold_gain":0,"player_choice":"2 cards matched","damage_taken":0,"max_hp_gain":0,"max_hp_loss":0,"event_name":"Match and Keep!","floor":29,"gold_loss":0,"cards_obtained":["Fission","Barrage"]},{"damage_healed":0,"gold_gain":0,"player_choice":"Memory 1","damage_taken":0,"max_hp_gain":0,"max_hp_loss":0,"event_name":"SensoryStone","floor":37,"gold_loss":0},{"cards_removed":["Cold Snap"],"damage_healed":0,"gold_gain":0,"player_choice":"Removed Attack","damage_taken":0,"max_hp_gain":0,"max_hp_loss":0,"event_name":"Falling","floor":38,"gold_loss":0},{"damage_healed":0,"gold_gain":0,"player_choice":"Fight","damage_taken":0,"max_hp_gain":0,"max_hp_loss":0,"event_name":"MindBloom","floor":48,"gold_loss":0}],"is_beta":false,"boss_relics":[{"not_picked":["Fusion Hammer","Black Star"],"picked":"Pandora\u0027s Box"},{"not_picked":["Nuclear Battery","Empty Cage"],"picked":"Velvet Choker"}],"items_purged_floors":[13,20],"is_endless":false,"potions_floor_spawned":[1,11,14,18,24,33,39,45,47,48],"ascension_level":8}