{"gold_per_floor":[116,116,116,132,147,172,122,122,122,150,164,193,204,52,52,124,124,142,157,157,177,194,194,210,309,359,64,93,93,112,123,123,123],"floor_reached":33,"playtime":2273,"items_purged":["Strike_G","Doubt"],"score":568,"play_id":"79dbdd3a-8d19-4d86-a84c-d74337fa78b0","local_time":"20190328215811","is_ascension_mode":true,"campfire_choices":[{"data":"Neutralize","floor":8.0,"key":"SMITH"},{"data":"Infinite Blades","floor":15.0,"key":"SMITH"},{"floor":23.0,"key":"REST"},{"floor":32,"key":"REST"}],"neow_cost":"NONE","seed_source_timestamp":261290750128587,"circlet_count":0,"master_deck":["AscendersBane","Defend_G","Defend_G","Defend_G","Defend_G","Defend_G","Survivor","Neutralize+1","All Out Attack","Dodge and Roll","Endless Agony+1","Leg Sweep","Dash","Backflip","Slice","Dodge and Roll","Infinite Blades+1","Corpse Explosion","Backstab","Bite","Bite","Bite","Bite+1","Bite","Endless Agony","Accuracy","All Out Attack","Footwork","Dodge and Roll+1","Dodge and Roll","Endless Agony"],"special_seed":0,"relics":["Ring of the Snake","NeowsBlessing","Pear","Art of War","PreservedInsect","Boot","Matryoshka","Lantern","Cursed Key","Whetstone","Blood Vial","Anchor","Bottled Lightning","Enchiridion"],"potions_floor_usage":[30,30,33],"damage_taken":[{"damage":0.0,"enemies":"2 Louse","floor":1.0,"turns":1.0},{"damage":0.0,"enemies":"Jaw Worm","floor":4.0,"turns":1.0},{"damage":0.0,"enemies":"Cultist","floor":5.0,"turns":1.0},{"damage":31.0,"enemies":"3 Sentries","floor":6.0,"turns":11.0},{"damage":8.0,"enemies":"Gremlin Nob","floor":10.0,"turns":4.0},{"damage":1.0,"enemies":"2 Fungi Beasts","floor":11.0,"turns":3.0},{"damage":0.0,"enemies":"3 Sentries","floor":12.0,"turns":6.0},{"damage":0.0,"enemies":"Large Slime","floor":13.0,"turns":5.0},{"damage":15.0,"enemies":"The Guardian","floor":16.0,"turns":12.0},{"damage":0.0,"enemies":"3 Byrds","floor":18.0,"turns":4.0},{"damage":5.0,"enemies":"Shell Parasite","floor":19.0,"turns":5.0},{"damage":26.0,"enemies":"Sentry and Sphere","floor":21.0,"turns":7.0},{"damage":30.0,"enemies":"Snecko","floor":22.0,"turns":6.0},{"damage":3.0,"enemies":"Shelled Parasite and Fungi","floor":24.0,"turns":5.0},{"damage":22.0,"enemies":"Book of Stabbing","floor":28.0,"turns":5.0},{"damage":15,"enemies":"Snake Plant","floor":30,"turns":5},{"damage":2,"enemies":"Chosen and Byrds","floor":31,"turns":3},{"damage":90,"enemies":"Automaton","floor":33,"turns":12}],"seed_played":"-8108190676030456401","potions_obtained":[{"floor":1.0,"key":"Poison Potion"},{"floor":4.0,"key":"FearPotion"},{"floor":12.0,"key":"PowerPotion"},{"floor":21.0,"key":"Weak Potion"},{"floor":22.0,"key":"Regen Potion"},{"floor":24.0,"key":"GamblersBrew"},{"floor":30,"key":"Explosive Potion"}],"is_trial":false,"path_per_floor":["M","?","T","M","M","E","?","R","T","E","M","E","M","$","R","B",null,"M","M","?","M","M","R","M","?","T","$","E","?","M","M","R","B"],"character_chosen":"THE_SILENT","items_purchased":["Infinite Blades","Footwork","Anchor"],"campfire_rested":2,"item_purchase_floors":[14,27,27],"current_hp_per_floor":[63,73,73,73,73,42,42,42,42,34,33,33,33,33,33,18,65,65,60,56,34,18,34,53,53,53,53,40,24,16,23,39,0],"gold":123,"neow_bonus":"THREE_ENEMY_KILL","is_prod":false,"is_daily":false,"chose_seed":false,"campfire_upgraded":2,"win_rate":0,"timestamp":1553835491,"path_taken":["M","?","?","?","M","E","?","R","T","E","M","E","M","$","R","BOSS","M","M","?","M","M","R","M","?","T","?","E","?","M","?","R","BOSS"],"build_version":"2019-01-23","purchased_purges":2,"victory":false,"max_hp_per_floor":[70,80,80,80,80,80,80,80,80,80,80,80,80,80,80,80,80,80,80,56,56,56,56,56,56,56,56,56,56,56,56,56,56],"card_choices":[{"not_picked":["Dodge and Roll","Underhanded Strike"],"picked":"All Out Attack","floor":1.0},{"not_picked":["Setup","Eviscerate"],"picked":"Dodge and Roll","floor":4.0},{"not_picked":["Setup","Concentrate"],"picked":"Endless Agony","floor":5.0},{"not_picked":["Underhanded Strike","Bouncing Flask"],"picked":"Leg Sweep","floor":6.0},{"not_picked":["Dodge and Roll","Dagger Spray"],"picked":"Dash","floor":10.0},{"not_picked":["Tactician","Flying Knee"],"picked":"Backflip","floor":11.0},{"not_picked":["Dodge and Roll","Outmaneuver"],"picked":"Slice","floor":12.0},{"not_picked":["PiercingWail","Poisoned Stab"],"picked":"Dodge and Roll","floor":13.0},{"not_picked":["A Thousand Cuts","Malaise"],"picked":"Corpse Explosion","floor":16.0},{"not_picked":["Bane","Dagger Spray+1"],"picked":"Backstab","floor":18.0},{"not_picked":["Dagger Spray","Crippling Poison","Flechettes"],"picked":"SKIP","floor":19.0},{"not_picked":["Tactician","Concentrate"],"picked":"Endless Agony","floor":21.0},{"not_picked":["Bouncing Flask","Riddle With Holes"],"picked":"Accuracy","floor":22.0},{"not_picked":["Deflect","Dodge and Roll"],"picked":"All Out Attack","floor":24.0},{"not_picked":["Prepared","Distraction"],"picked":"Dodge and Roll+1","floor":28},{"not_picked":["Acrobatics","Distraction"],"picked":"Dodge and Roll","floor":30},{"not_picked":["Dodge and Roll","Quick Slash"],"picked":"Endless Agony","floor":31}],"player_experience":562787,"relics_obtained":[{"floor":3.0,"key":"Art of War"},{"floor":6.0,"key":"PreservedInsect"},{"floor":9.0,"key":"Boot"},{"floor":10.0,"key":"Matryoshka"},{"floor":12.0,"key":"Lantern"},{"floor":26.0,"key":"Whetstone"},{"floor":26.0,"key":"Blood Vial"},{"floor":28,"key":"Bottled Lightning"},{"floor":29,"key":"Enchiridion"}],"event_choices":[{"damage_healed":0.0,"max_hp_gain":0.0,"max_hp_loss":0.0,"gold_gain":0.0,"event_name":"Big Fish","player_choice":"Box","floor":2.0,"gold_loss":0.0,"damage_taken":0.0,"relics_obtained":["Pear"],"cards_obtained":["Regret"]},{"cards_removed":["Regret"],"damage_healed":0.0,"max_hp_gain":0.0,"max_hp_loss":0.0,"gold_gain":0.0,"event_name":"The Cleric","player_choice":"Card Removal","floor":7.0,"gold_loss":50.0,"damage_taken":0.0},{"damage_healed":0.0,"max_hp_gain":0.0,"max_hp_loss":24.0,"gold_gain":0.0,"event_name":"Vampires","player_choice":"Became a vampire","floor":20.0,"gold_loss":0.0,"damage_taken":0.0,"cards_obtained":["Bite","Bite","Bite","Bite","Bite"]},{"damage_healed":0.0,"max_hp_gain":0.0,"max_hp_loss":0.0,"gold_gain":99.0,"event_name":"Nest","player_choice":"Stole From Cult","floor":25.0,"gold_loss":0.0,"damage_taken":0.0},{"damage_healed":0,"gold_gain":0,"player_choice":"Obtained Book","damage_taken":16,"max_hp_gain":0,"max_hp_loss":0,"event_name":"Cursed Tome","floor":29,"gold_loss":0}],"is_beta":false,"boss_relics":[{"not_picked":["Fusion Hammer","Runic Dome"],"picked":"Cursed Key"}],"items_purged_floors":[14,27],"is_endless":false,"potions_floor_spawned":[1,4,5,12,21,22,24,30],"killed_by":"Automaton","ascension_level":13}