{"gold_per_floor":[111,111,111,131,149,149,185,185,259,259,279,73,91,91,91,211,211,227,227,245,269,53,53,86,86,86,102,116,134,153,167,167,290,290,303,316,243,168,183,183,183,198,225,125,458,37,48,0,0,0],"floor_reached":51,"playtime":3614,"items_purged":["Strike_B","Strike_B","Strike_B"],"score":721,"play_id":"17987dda-287b-424a-826c-1eb1c74092ab","local_time":"20190509020658","is_ascension_mode":false,"campfire_choices":[{"floor":6,"key":"RECALL"},{"floor":8,"key":"REST"},{"data":"Self Repair","floor":10,"key":"SMITH"},{"data":"Consume","floor":15,"key":"SMITH"},{"data":"Defragment","floor":23,"key":"SMITH"},{"data":"Dualcast","floor":25,"key":"SMITH"},{"data":"Go for the Eyes","floor":32,"key":"SMITH"},{"data":"Zap","floor":40,"key":"SMITH"},{"data":"Coolheaded","floor":49,"key":"SMITH"}],"neow_cost":"NONE","seed_source_timestamp":10847767970700,"circlet_count":0,"master_deck":["Defend_B","Defend_B","Defend_B","Defend_B","Zap+1","Seek+1","Consume+1","Coolheaded+1","Self Repair+1","Go for the Eyes+1","Ball Lightning","Gash","Machine Learning","Gash","Go for the Eyes+1","BootSequence+1","Defragment+1","Cold Snap","Bandage Up","Gash+1","Cold Snap","Gash+1","Electrodynamics","All For One","Chill+1","Coolheaded+1","Capacitor","Gash","Parasite","Gash"],"relics":["FrozenCore","Lantern","Runic Capacitor","Question Card","Centennial Puzzle","Mercury Hourglass","Nuclear Battery","Pen Nib","Dodecahedron","Red Mask"],"potions_floor_usage":[7,7,18,21,28,30,31,50],"damage_taken":[{"damage":0,"enemies":"2 Louse","floor":1,"turns":2},{"damage":0,"enemies":"Cultist","floor":4,"turns":3},{"damage":7,"enemies":"Jaw Worm","floor":5,"turns":4},{"damage":21,"enemies":"Lagavulin","floor":7,"turns":6},{"damage":6,"enemies":"2 Fungi Beasts","floor":11,"turns":5},{"damage":3,"enemies":"Looter","floor":13,"turns":4},{"damage":13,"enemies":"The Guardian","floor":16,"turns":9},{"damage":0,"enemies":"Shell Parasite","floor":18,"turns":6},{"damage":0,"enemies":"Spheric Guardian","floor":20,"turns":5},{"damage":0,"enemies":"Snake Plant","floor":21,"turns":6},{"damage":6,"enemies":"Book of Stabbing","floor":24,"turns":7},{"damage":0,"enemies":"Cultist and Chosen","floor":27,"turns":6},{"damage":0,"enemies":"Centurion and Healer","floor":28,"turns":7},{"damage":0,"enemies":"Snecko","floor":29,"turns":7},{"damage":0,"enemies":"3 Cultists","floor":30,"turns":5},{"damage":0,"enemies":"Chosen and Byrds","floor":31,"turns":3},{"damage":6,"enemies":"Collector","floor":33,"turns":10},{"damage":14,"enemies":"3 Darklings","floor":35,"turns":3},{"damage":0,"enemies":"3 Shapes","floor":36,"turns":4},{"damage":0,"enemies":"3 Darklings","floor":39,"turns":5},{"damage":0,"enemies":"Writhing Mass","floor":42,"turns":6},{"damage":0,"enemies":"Maw","floor":47,"turns":6},{"damage":0,"enemies":"Donu and Deca","floor":50,"turns":7}],"seed_played":"-8737575587881906725","potions_obtained":[{"floor":1,"key":"Explosive Potion"},{"floor":5,"key":"Poison Potion"},{"floor":13,"key":"Regen Potion"},{"floor":16,"key":"SkillPotion"},{"floor":18,"key":"Dexterity Potion"},{"floor":21,"key":"Explosive Potion"},{"floor":24,"key":"FearPotion"},{"floor":30,"key":"AttackPotion"},{"floor":47,"key":"Poison Potion"}],"is_trial":false,"path_per_floor":["?","?","M","?","?","$","?","?","?"],"character_chosen":"DEFECT","items_purchased":["Runic Capacitor","Defragment","Cold Snap","Bandage Up","Capacitor","Gash","Dodecahedron"],"campfire_rested":1,"item_purchase_floors":[12,22,22,22,37,46,46],"current_hp_per_floor":[75,57,57,57,50,50,36,58,58,58,62,62,69,69,69,66,75,75,75,75,75,75,75,75,75,75,75,75,75,75,75,75,75,75,71,75,75,75,75,75,75,75,75,75,75,75,75,75,75,75],"gold":0,"neow_bonus":"ONE_RANDOM_RARE_CARD","is_prod":false,"is_daily":false,"chose_seed":false,"campfire_upgraded":7,"win_rate":0,"timestamp":1557392818,"path_taken":["M","?","?","?","M","R","E","R","T","R","M","$","M","?","R","BOSS","M","?","M","M","$","R","E","R","T","M","M","M","M","M","R","BOSS","M","M","?","$","M","R","?","M","T","$","?","$","M","?","R","BOSS"],"build_version":"2019-01-23","purchased_purges":3,"victory":true,"max_hp_per_floor":[75,75,75,75,75,75,75,75,75,75,75,75,75,75,75,75,75,75,75,75,75,75,75,75,75,75,75,75,75,75,75,75,75,75,75,75,75,75,75,75,75,75,75,75,75,75,75,75,75,75],"card_choices":[{"not_picked":["Glacier","Cold Snap"],"picked":"Consume","floor":1},{"not_picked":["Barrage","Sweeping Beam"],"picked":"Coolheaded","floor":4},{"not_picked":["Hologram","Reinforced Body"],"picked":"Self Repair","floor":5},{"not_picked":["Turbo","Double Energy"],"picked":"Go for the Eyes","floor":7},{"not_picked":["Reprogram","Streamline"],"picked":"Ball Lightning","floor":11},{"not_picked":["Barrage","Creative AI"],"picked":"Gash","floor":13},{"not_picked":["Buffer","Meteor Strike","Echo Form"],"picked":"Machine Learning","floor":16},{"not_picked":["Skim","Steam","Go for the Eyes"],"picked":"Gash","floor":18},{"not_picked":["Hologram","Loop","Rebound"],"picked":"Go for the Eyes+1","floor":20},{"not_picked":["Sweeping Beam","Go for the Eyes+1","Ball Lightning+1"],"picked":"BootSequence+1","floor":21},{"not_picked":["Sweeping Beam","Steam+1","Darkness","Fission"],"picked":"SKIP","floor":24},{"not_picked":["FTL","Coolheaded","Rebound"],"picked":"Gash+1","floor":27},{"not_picked":["Loop","Redo","Rebound"],"picked":"Cold Snap","floor":28},{"not_picked":["Ball Lightning","Capacitor+1","Steam"],"picked":"Gash+1","floor":29},{"not_picked":["Streamline","Steam Power","Leap+1"],"picked":"Electrodynamics","floor":30},{"not_picked":["FTL","Compile Driver","Steam","Auto Shields"],"picked":"SKIP","floor":31},{"not_picked":["Fission","Meteor Strike","Biased Cognition"],"picked":"All For One","floor":33},{"not_picked":["Stack+1","Redo+1","Rebound+1"],"picked":"Chill+1","floor":35},{"not_picked":["Turbo+1","Scrape","Compile Driver"],"picked":"Coolheaded+1","floor":36},{"not_picked":["Turbo+1","Compile Driver+1","Redo"],"picked":"Gash","floor":39},{"not_picked":["Scrape+1","Redo","Compile Driver","Hologram+1"],"picked":"SKIP","floor":42},{"not_picked":["Rainbow","Barrage","Sweeping Beam+1","Scrape"],"picked":"SKIP","floor":47}],"player_experience":148447,"relics_obtained":[{"floor":7,"key":"Lantern"},{"floor":24,"key":"Centennial Puzzle"},{"floor":26,"key":"Mercury Hourglass"},{"floor":43,"key":"Pen Nib"}],"event_choices":[{"damage_healed":0,"gold_gain":0,"player_choice":"Take Damage","damage_taken":18,"relics_obtained":["Golden Idol"],"max_hp_gain":0,"max_hp_loss":0,"event_name":"Golden Idol","floor":2,"gold_loss":0},{"damage_healed":0,"gold_gain":0,"player_choice":"Upgraded","damage_taken":0,"max_hp_gain":0,"max_hp_loss":0,"event_name":"Upgrade Shrine","floor":3,"gold_loss":0,"cards_upgraded":["Seek"]},{"damage_healed":0,"gold_gain":0,"player_choice":"Gave Potion","damage_taken":0,"relics_obtained":["Question Card"],"max_hp_gain":0,"max_hp_loss":0,"event_name":"WeMeetAgain","floor":14,"gold_loss":0},{"cards_removed":["Strike_B"],"damage_healed":0,"gold_gain":0,"player_choice":"Purged","damage_taken":0,"max_hp_gain":0,"max_hp_loss":0,"event_name":"Purifier","floor":19,"gold_loss":0},{"cards_removed":["Dualcast"],"damage_healed":0,"gold_gain":0,"player_choice":"Removed Skill","damage_taken":0,"max_hp_gain":0,"max_hp_loss":0,"event_name":"Falling","floor":41,"gold_loss":0},{"damage_healed":0,"gold_gain":333,"player_choice":"Gave Idol","damage_taken":0,"max_hp_gain":0,"max_hp_loss":0,"event_name":"The Moai Head","floor":45,"relics_lost":["Golden Idol"],"gold_loss":0},{"damage_healed":0,"gold_gain":0,"player_choice":"Paid","damage_taken":0,"relics_obtained":["Red Mask"],"max_hp_gain":0,"max_hp_loss":0,"event_name":"Tomb of Lord Red Mask","floor":48,"gold_loss":48}],"is_beta":false,"boss_relics":[{"not_picked":["Lizard Tail","Velvet Choker"],"picked":"FrozenCore"},{"not_picked":["Snecko Eye","Runic Dome"],"picked":"Nuclear Battery"}],"items_purged_floors":[38,44,46],"is_endless":false,"potions_floor_spawned":[1,5,13,16,18,21,24,30,47],"ascension_level":0}