{"gold_per_floor":[113,113,288,300,146,179,179,129,155,155,172,203,214,228,228,326,326,344,68,83,133,145,173,89,109,158,158,177,189,203,55,55,156,156,175,188,63,82,82,82,94,94,94,129,159,187,216,25,25,25],"floor_reached":50,"playtime":2372,"items_purged":["Strike_R","Strike_R","Strike_R","Defend_R"],"score":661,"play_id":"794b86da-7786-4e1e-b375-67589b7155e1","local_time":"20190418082637","is_ascension_mode":true,"campfire_choices":[{"data":"Clothesline","floor":7.0,"key":"SMITH"},{"data":"Anger","floor":10.0,"key":"SMITH"},{"data":"Seeing Red","floor":15.0,"key":"SMITH"},{"floor":27,"key":"REST"},{"data":"Warcry","floor":32,"key":"SMITH"},{"data":"Armaments","floor":40,"key":"SMITH"},{"data":"Demon Form","floor":42,"key":"SMITH"},{"floor":49,"key":"RECALL"}],"neow_cost":"NONE","seed_source_timestamp":356413507396227,"circlet_count":0,"master_deck":["Strike_R","Strike_R","Defend_R","Defend_R","Defend_R","Bash","Clothesline+1","Warcry+1","Flex","Anger+1","Shockwave","Demon Form+1","Armaments+1","Seeing Red+1","Clash","Pommel Strike+1","Thunderclap+1","Headbutt+1","Dramatic Entrance+1","Anger+1","Shrug It Off","Anger+1","Sever Soul+1","Heavy Blade+1","Reaper+1","Rage+1","Bloodletting+1","Headbutt+1","Clash+1","Clumsy","Second Wind+1","Anger+1","Shrug It Off+1","Clash+1"],"special_seed":0,"relics":["Burning Blood","NeowsBlessing","Ornamental Fan","Meat on the Bone","Philosopher\u0027s Stone","Molten Egg 2","Letter Opener","Ancient Tea Set","Cursed Key","Blue Candle","MawBank"],"potions_floor_usage":[23,23,33,36,47,47,50],"damage_taken":[{"damage":0.0,"enemies":"Jaw Worm","floor":1.0,"turns":1.0},{"damage":0.0,"enemies":"Small Slimes","floor":4.0,"turns":1.0},{"damage":0.0,"enemies":"Lagavulin","floor":6.0,"turns":2.0},{"damage":2.0,"enemies":"2 Louse","floor":11.0,"turns":2.0},{"damage":45.0,"enemies":"3 Sentries","floor":12.0,"turns":8.0},{"damage":7.0,"enemies":"2 Fungi Beasts","floor":13.0,"turns":4.0},{"damage":20.0,"enemies":"Lots of Slimes","floor":14.0,"turns":6.0},{"damage":17.0,"enemies":"Hexaghost","floor":16.0,"turns":9.0},{"damage":22.0,"enemies":"Chosen","floor":18.0,"turns":5.0},{"damage":12.0,"enemies":"Shell Parasite","floor":20.0,"turns":4.0},{"damage":23.0,"enemies":"Shelled Parasite and Fungi","floor":22.0,"turns":4.0},{"damage":38,"enemies":"Slavers","floor":23,"turns":5},{"damage":26,"enemies":"Centurion and Healer","floor":25,"turns":5},{"damage":33,"enemies":"Snake Plant","floor":28,"turns":4},{"damage":6,"enemies":"Cultist and Chosen","floor":29,"turns":4},{"damage":22,"enemies":"Chosen and Byrds","floor":30,"turns":6},{"damage":33,"enemies":"Champ","floor":33,"turns":8},{"damage":24,"enemies":"3 Darklings","floor":35,"turns":3},{"damage":25,"enemies":"3 Shapes","floor":36,"turns":3},{"damage":58,"enemies":"Spire Growth","floor":38,"turns":5},{"damage":28,"enemies":"Transient","floor":41,"turns":5},{"damage":37,"enemies":"Reptomancer","floor":44,"turns":5},{"damage":6,"enemies":"Sphere and 2 Shapes","floor":45,"turns":3},{"damage":47,"enemies":"Spire Growth","floor":46,"turns":5},{"damage":3,"enemies":"Transient","floor":47,"turns":5},{"damage":86,"enemies":"Time Eater","floor":50,"turns":8}],"seed_played":"-3123478248785802829","potions_obtained":[{"floor":1.0,"key":"LiquidBronze"},{"floor":11.0,"key":"FairyPotion"},{"floor":14.0,"key":"Swift Potion"},{"floor":20.0,"key":"AttackPotion"},{"floor":22.0,"key":"Explosive Potion"},{"floor":29,"key":"Block Potion"},{"floor":30,"key":"AttackPotion"},{"floor":44,"key":"Fire Potion"},{"floor":45,"key":"Explosive Potion"},{"floor":47,"key":"Swift Potion"}],"is_trial":false,"path_per_floor":["?","?","?","?","M","?","M","$"],"character_chosen":"IRONCLAD","items_purchased":["Warcry","Flex","Molten Egg 2","Pommel Strike+1","Dramatic Entrance+1","Heavy Blade+1","Clash+1"],"campfire_rested":1,"item_purchase_floors":[5,5,19,19,24,31,48],"current_hp_per_floor":[80,85,85,85,85,85,85,85,85,85,85,46,57,55,55,56,85,69,69,63,63,58,38,38,30,30,55,40,52,48,48,48,33,85,67,63,63,30,95,95,78,78,78,63,75,51,61,61,61,0],"gold":25,"neow_bonus":"THREE_ENEMY_KILL","is_prod":false,"is_daily":false,"chose_seed":false,"campfire_upgraded":6,"win_rate":0,"timestamp":1555568797,"path_taken":["M","?","?","M","$","E","R","?","T","R","M","E","M","M","R","BOSS","M","$","M","?","M","E","$","?","T","R","M","M","M","$","R","BOSS","M","M","$","M","?","R","M","R","T","E","?","M","M","?","R","BOSS"],"build_version":"2019-01-23","purchased_purges":4,"victory":false,"max_hp_per_floor":[80,85,85,85,85,85,85,85,85,85,85,85,85,85,85,85,85,85,85,85,85,85,85,85,85,85,85,85,85,85,85,85,85,85,85,85,85,85,95,95,95,95,95,95,95,95,95,95,95,95],"card_choices":[{"not_picked":["Battle Trance","Anger","Rampage"],"picked":"SKIP","floor":1.0},{"not_picked":["Inflame","Infernal Blade"],"picked":"Clothesline","floor":4.0},{"not_picked":["Twin Strike","Combust"],"picked":"Anger","floor":6.0},{"not_picked":["Sever Soul","Blood for Blood"],"picked":"Shockwave","floor":11.0},{"not_picked":["True Grit","Thunderclap"],"picked":"Demon Form","floor":12.0},{"not_picked":["True Grit","Carnage"],"picked":"Armaments","floor":13.0},{"not_picked":["Sever Soul","Thunderclap"],"picked":"Seeing Red","floor":14.0},{"not_picked":["Impervious","Immolate"],"picked":"Brutality","floor":16.0},{"not_picked":["Rage","Body Slam+1"],"picked":"Clash","floor":18.0},{"not_picked":["True Grit","Sword Boomerang+1"],"picked":"Thunderclap+1","floor":20.0},{"not_picked":["Thunderclap+1","Heavy Blade+1","Entrench"],"picked":"SKIP","floor":22.0},{"not_picked":["Havoc","Shockwave"],"picked":"Headbutt+1","floor":23},{"not_picked":["Clash+1","Blood for Blood+1"],"picked":"Anger+1","floor":25},{"not_picked":["Combust+1","Blood for Blood+1"],"picked":"Shrug It Off","floor":28},{"not_picked":["Sentinel+1","Juggernaut"],"picked":"Anger+1","floor":29},{"not_picked":["True Grit","Evolve"],"picked":"Sever Soul+1","floor":30},{"not_picked":["Juggernaut","Feed+1"],"picked":"Reaper+1","floor":33},{"not_picked":["Cleave+1","Thunderclap+1"],"picked":"Rage+1","floor":35},{"not_picked":["Spot Weakness+1","Perfected Strike+1"],"picked":"Bloodletting+1","floor":36},{"not_picked":["Whirlwind+1","Hemokinesis+1"],"picked":"Headbutt+1","floor":38},{"not_picked":["Headbutt+1","Dual Wield"],"picked":"Clash+1","floor":41},{"not_picked":["Iron Wave+1","Barricade","Metallicize"],"picked":"SKIP","floor":44},{"not_picked":["Headbutt+1","Thunderclap+1"],"picked":"Second Wind+1","floor":45},{"not_picked":["Evolve","Battle Trance"],"picked":"Anger+1","floor":46},{"not_picked":["Combust+1","True Grit"],"picked":"Shrug It Off+1","floor":47}],"player_experience":93198,"relics_obtained":[{"floor":6.0,"key":"Ornamental Fan"},{"floor":12.0,"key":"Meat on the Bone"},{"floor":23,"key":"Letter Opener"},{"floor":26,"key":"Ancient Tea Set"},{"floor":43,"key":"Blue Candle"},{"floor":44,"key":"MawBank"}],"event_choices":[{"damage_healed":0.0,"max_hp_gain":5.0,"max_hp_loss":0.0,"gold_gain":0.0,"event_name":"Big Fish","player_choice":"Donut","floor":2.0,"gold_loss":0.0,"damage_taken":0.0},{"damage_healed":0.0,"max_hp_gain":0.0,"max_hp_loss":0.0,"gold_gain":175.0,"event_name":"Liars Game","player_choice":"AGREE","floor":3.0,"gold_loss":0.0,"damage_taken":0.0,"cards_obtained":["Doubt"]},{"cards_removed":["Doubt"],"damage_healed":0.0,"max_hp_gain":0.0,"max_hp_loss":0.0,"gold_gain":0.0,"event_name":"The Cleric","player_choice":"Card Removal","floor":8.0,"gold_loss":50.0,"damage_taken":0.0},{"damage_healed":0.0,"max_hp_gain":0.0,"max_hp_loss":0.0,"gold_gain":100.0,"event_name":"The Joust","player_choice":"Bet on Murderer","floor":21.0,"gold_loss":50.0,"damage_taken":0.0},{"cards_removed":["Brutality"],"damage_healed":55,"gold_gain":0,"player_choice":"Offered Rare","damage_taken":0,"max_hp_gain":10,"max_hp_loss":0,"event_name":"Bonfire Elementals","floor":39,"gold_loss":0}],"is_beta":false,"boss_relics":[{"not_picked":["Busted Crown","Lizard Tail"],"picked":"Philosopher\u0027s Stone"},{"not_picked":["Eternal Feather","Black Star"],"picked":"Cursed Key"}],"items_purged_floors":[5,31,37,48],"is_endless":false,"potions_floor_spawned":[1,11,14,20,22,29,30,44,45,46,47],"killed_by":"Time Eater","ascension_level":2}