{"gold_per_floor":[112,129,147,72,72,105,105,133,158,193,206,206,29,48,48,143,143,158,172,135,145,45,45,61,96,119,147,167,167,167,197,197,301,301,319,336,336,336,37,37,48,48,71,71,91,191,206,219,219,219,219,219,0,29,29],"floor_reached":55,"playtime":2492,"items_purged":["Normality","Strike_R","Strike_R"],"score":989,"play_id":"ee55ec63-8299-4351-a278-a7efd45e8898","local_time":"20190504195618","is_ascension_mode":true,"campfire_choices":[{"data":"Double Tap","floor":12.0,"key":"SMITH"},{"floor":15.0,"key":"REST"},{"data":"Armaments","floor":23.0,"key":"SMITH"},{"data":"Whirlwind","floor":30.0,"key":"SMITH"},{"data":"Inflame","floor":32.0,"key":"SMITH"},{"data":"True Grit","floor":40.0,"key":"SMITH"},{"data":"Demon Form","floor":42.0,"key":"SMITH"},{"data":"Pummel","floor":44.0,"key":"SMITH"},{"floor":49.0,"key":"RECALL"},{"floor":52.0,"key":"REST"}],"neow_cost":"CURSE","seed_source_timestamp":723331340369211,"circlet_count":0,"master_deck":["Strike_R","Strike_R","Strike_R+1","Defend_R","Defend_R","Defend_R","Defend_R","Bash+1","Seeing Red","Pummel+1","Inflame+1","Shrug It Off","Heavy Blade","Double Tap+1","Anger","Armaments+1","Reaper","Heavy Blade+1","Shrug It Off","Shockwave","Shrug It Off+1","Intimidate+1","Whirlwind+1","Shrug It Off","Demon Form+1","Chrysalis","True Grit+1","True Grit+1","Metallicize+1","Burning Pact","Seeing Red"],"special_seed":0,"relics":["Burning Blood","Ancient Tea Set","Centennial Puzzle","Whetstone","Bag of Preparation","Oddly Smooth Stone","Philosopher\u0027s Stone","Self Forming Clay","Vajra","Bottled Flame","Sozu","Orichalcum","Red Skull","Turnip","Bronze Scales","Pantograph"],"potions_floor_usage":[],"damage_taken":[{"damage":0.0,"enemies":"2 Louse","floor":1.0,"turns":2.0},{"damage":7.0,"enemies":"Small Slimes","floor":2.0,"turns":3.0},{"damage":6.0,"enemies":"Cultist","floor":3.0,"turns":3.0},{"damage":45.0,"enemies":"3 Sentries","floor":6.0,"turns":8.0},{"damage":30.0,"enemies":"Gremlin Nob","floor":8.0,"turns":5.0},{"damage":27.0,"enemies":"3 Sentries","floor":10.0,"turns":9.0},{"damage":12.0,"enemies":"2 Fungi Beasts","floor":11.0,"turns":2.0},{"damage":13.0,"enemies":"3 Louse","floor":14.0,"turns":3.0},{"damage":48.0,"enemies":"Hexaghost","floor":16.0,"turns":7.0},{"damage":24.0,"enemies":"Spheric Guardian","floor":18.0,"turns":5.0},{"damage":8.0,"enemies":"3 Byrds","floor":19.0,"turns":5.0},{"damage":8.0,"enemies":"Snecko","floor":21.0,"turns":4.0},{"damage":18.0,"enemies":"Snake Plant","floor":24.0,"turns":3.0},{"damage":6.0,"enemies":"Book of Stabbing","floor":25.0,"turns":3.0},{"damage":6.0,"enemies":"Gremlin Leader","floor":27.0,"turns":7.0},{"damage":8.0,"enemies":"Centurion and Healer","floor":28.0,"turns":5.0},{"damage":22.0,"enemies":"Slavers","floor":31.0,"turns":6.0},{"damage":50.0,"enemies":"Collector","floor":33.0,"turns":11.0},{"damage":0.0,"enemies":"3 Shapes","floor":35.0,"turns":1.0},{"damage":0.0,"enemies":"3 Darklings","floor":36.0,"turns":1.0},{"damage":0.0,"enemies":"Jaw Worm Horde","floor":41.0,"turns":1.0},{"damage":15.0,"enemies":"4 Shapes","floor":45.0,"turns":1.0},{"damage":6.0,"enemies":"Mind Bloom Boss Battle","floor":46.0,"turns":7.0},{"damage":30.0,"enemies":"Transient","floor":47.0,"turns":5.0},{"damage":17.0,"enemies":"Maw","floor":48.0,"turns":8.0},{"damage":77.0,"enemies":"Donu and Deca","floor":50.0,"turns":7.0},{"damage":31.0,"enemies":"Shield and Spear","floor":54.0,"turns":4.0},{"damage":97,"enemies":"The Heart","floor":55,"turns":6}],"seed_played":"-6102399959262624762","potions_obtained":[{"floor":2.0,"key":"Swift Potion"},{"floor":3.0,"key":"Weak Potion"},{"floor":10.0,"key":"Block Potion"},{"floor":14.0,"key":"EntropicBrew"},{"floor":28.0,"key":"GamblersBrew"}],"is_trial":false,"path_per_floor":["?","?","M","?","?","?","?"],"character_chosen":"IRONCLAD","items_purchased":["Anger","Oddly Smooth Stone","Shockwave","Orichalcum","True Grit","Bronze Scales","Seeing Red"],"campfire_rested":2,"item_purchase_floors":[13,13,20,39,39,53,53],"current_hp_per_floor":[78,77,77,77,82,43,95,71,71,50,44,44,44,37,65,23,77,59,77,77,75,75,75,63,63,63,63,71,71,71,62,62,45,83,89,95,95,95,95,95,95,95,95,95,86,95,71,72,72,41,82,95,95,94,0],"gold":29,"neow_bonus":"THREE_RARE_CARDS","is_prod":false,"is_daily":false,"chose_seed":false,"campfire_upgraded":7,"win_rate":0,"timestamp":1556992578,"path_taken":["M","M","M","$","?","E","?","E","T","E","M","R","$","M","R","BOSS","M","M","$","M","$","R","?","E","T","E","M","?","R","E","R","BOSS","M","M","?","?","$","R","M","R","T","R","M","?","M","M","R","BOSS","R","$","E","BOSS"],"build_version":"2019-01-23","purchased_purges":3,"victory":false,"max_hp_per_floor":[80,80,80,80,85,85,95,95,95,95,95,95,95,95,95,95,95,95,95,95,95,95,95,95,95,95,95,95,95,95,95,95,95,95,95,95,95,95,95,95,95,95,95,95,95,95,95,95,95,95,95,95,95,95,95],"card_choices":[{"not_picked":["Exhume","Fiend Fire"],"picked":"Immolate","floor":0.0},{"not_picked":["Warcry","Rage"],"picked":"Seeing Red","floor":1.0},{"not_picked":["Anger","Havoc"],"picked":"Pummel","floor":2.0},{"not_picked":["Cleave","Body Slam","Perfected Strike"],"picked":"SKIP","floor":3.0},{"not_picked":["Battle Trance","Infernal Blade"],"picked":"Inflame","floor":6.0},{"not_picked":["Flame Barrier","Evolve"],"picked":"Shrug It Off","floor":8.0},{"not_picked":["Warcry","Body Slam"],"picked":"Heavy Blade","floor":10.0},{"not_picked":["Flex","Pommel Strike"],"picked":"Double Tap","floor":11.0},{"not_picked":["Headbutt","Infernal Blade"],"picked":"Armaments","floor":14.0},{"not_picked":["Immolate","Dark Embrace"],"picked":"Reaper","floor":16.0},{"not_picked":["Wild Strike","Twin Strike"],"picked":"Heavy Blade+1","floor":18.0},{"not_picked":["Sentinel+1","Evolve"],"picked":"Shrug It Off","floor":19.0},{"not_picked":["Heavy Blade","Burning Pact+1","Corruption"],"picked":"SKIP","floor":21.0},{"not_picked":["Hemokinesis","Headbutt+1"],"picked":"Shrug It Off+1","floor":24.0},{"not_picked":["Havoc","Power Through"],"picked":"Intimidate+1","floor":25.0},{"not_picked":["Combust+1","Body Slam","Headbutt"],"picked":"SKIP","floor":27.0},{"not_picked":["Wild Strike+1","Headbutt"],"picked":"Whirlwind","floor":28.0},{"not_picked":["Searing Blow+1","Twin Strike"],"picked":"Shrug It Off","floor":31.0},{"not_picked":["Feed","Brutality"],"picked":"Demon Form","floor":33.0},{"not_picked":["Wild Strike+1","Armaments+1","Uppercut"],"picked":"SKIP","floor":35.0},{"not_picked":["Havoc+1","Armaments+1","Infernal Blade+1"],"picked":"SKIP","floor":36.0},{"not_picked":["Finesse","Mind Blast"],"picked":"Chrysalis","floor":38.0},{"not_picked":["Perfected Strike+1","Wild Strike"],"picked":"True Grit+1","floor":41.0},{"not_picked":["Iron Wave","Heavy Blade"],"picked":"Metallicize+1","floor":45.0},{"not_picked":["Twin Strike","Rupture"],"picked":"Burning Pact","floor":46.0},{"not_picked":["Iron Wave+1","Cleave","Shrug It Off"],"picked":"SKIP","floor":47.0},{"not_picked":["Immolate","Sword Boomerang","Wild Strike"],"picked":"SKIP","floor":48.0},{"not_picked":["Iron Wave","Heavy Blade","True Grit+1"],"picked":"SKIP","floor":54.0}],"player_experience":228056,"relics_obtained":[{"floor":6.0,"key":"Ancient Tea Set"},{"floor":8.0,"key":"Centennial Puzzle"},{"floor":9.0,"key":"Whetstone"},{"floor":10.0,"key":"Bag of Preparation"},{"floor":25.0,"key":"Self Forming Clay"},{"floor":27.0,"key":"Vajra"},{"floor":31.0,"key":"Bottled Flame"},{"floor":43.0,"key":"Red Skull"},{"floor":46.0,"key":"Turnip"},{"floor":54.0,"key":"Pantograph"}],"event_choices":[{"damage_healed":0.0,"max_hp_gain":5.0,"max_hp_loss":0.0,"gold_gain":0.0,"event_name":"Big Fish","player_choice":"Donut","floor":5.0,"gold_loss":0.0,"damage_taken":0.0},{"cards_removed":["Immolate"],"damage_healed":42.0,"max_hp_gain":10.0,"max_hp_loss":0.0,"gold_gain":0.0,"event_name":"Bonfire Elementals","player_choice":"Offered Rare","floor":7.0,"gold_loss":0.0,"damage_taken":0.0},{"damage_healed":0.0,"max_hp_gain":0.0,"max_hp_loss":0.0,"gold_gain":0.0,"event_name":"Ghosts","player_choice":"Ignored","floor":29.0,"gold_loss":0.0,"damage_taken":0.0},{"damage_healed":0.0,"max_hp_gain":0.0,"max_hp_loss":0.0,"gold_gain":0.0,"event_name":"Tomb of Lord Red Mask","player_choice":"Ignored","floor":37.0,"gold_loss":0.0,"damage_taken":0.0},{"damage_healed":0.0,"max_hp_gain":0.0,"max_hp_loss":0.0,"gold_gain":0.0,"event_name":"SensoryStone","player_choice":"Memory 1","floor":38.0,"gold_loss":0.0,"damage_taken":0.0},{"damage_healed":0.0,"max_hp_gain":0.0,"max_hp_loss":0.0,"gold_gain":0.0,"event_name":"MindBloom","player_choice":"Fight","floor":46.0,"gold_loss":0.0,"damage_taken":0.0}],"is_beta":false,"boss_relics":[{"not_picked":["Black Star","White Beast Statue"],"picked":"Philosopher\u0027s Stone"},{"not_picked":["Empty Cage","Astrolabe"],"picked":"Sozu"}],"items_purged_floors":[4,22,39],"is_endless":false,"potions_floor_spawned":[2,3,10,14,18,25,28,35,41,45],"killed_by":"The Heart","ascension_level":6}