{"gold_per_floor":[115,135,85,101,50,50,76,251,251,251,278,43,63,80,80,178,178,190,39,138,138,155,155,171,199,199,199,199,233,233,246,246,344,344,360,360,64,82,82,82,108,108,135,135,98,117,117,47,47,47],"floor_reached":50,"playtime":2779,"items_purged":["Doubt"],"score":707,"play_id":"1fd0839b-c48e-4371-a990-eec8270e412e","local_time":"20190424054850","is_ascension_mode":true,"campfire_choices":[{"data":"PiercingWail","floor":6.0,"key":"SMITH"},{"data":"Cloak And Dagger","floor":10.0,"key":"SMITH"},{"data":"Noxious Fumes","floor":15.0,"key":"SMITH"},{"data":"Adrenaline","floor":23.0,"key":"SMITH"},{"data":"Cloak And Dagger","floor":27.0,"key":"SMITH"},{"data":"Night Terror","floor":32,"key":"SMITH"},{"data":"Noxious Fumes","floor":40,"key":"SMITH"},{"data":"Well Laid Plans","floor":42,"key":"SMITH"},{"data":"Doppelganger","floor":47,"key":"SMITH"},{"floor":49,"key":"REST"}],"neow_cost":"NONE","seed_source_timestamp":864833512651514,"circlet_count":0,"master_deck":["Survivor","Neutralize","PiercingWail+1","Backstab","Dagger Throw","Cloak And Dagger+1","Dagger Throw","Cloak And Dagger+1","Finisher","Blur","Well Laid Plans+1","Noxious Fumes+1","Adrenaline+1","After Image","Backstab","Acrobatics","Tactician","Die Die Die","Deflect","Night Terror+1","Bullet Time","Corpse Explosion","Doppelganger+1","Blur","Terror","Infinite Blades","Noxious Fumes+1","Dodge and Roll+1","Burst","Noxious Fumes+1","Quick Slash+1","Skewer","Crippling Poison"],"special_seed":0,"relics":["Ring of the Snake","Question Card","Ornamental Fan","Smiling Mask","Pandora\u0027s Box","Oddly Smooth Stone","MutagenicStrength","Snake Skull","Shuriken","Strawberry","Philosopher\u0027s Stone","Ninja Scroll","Tough Bandages","Vajra"],"potions_floor_usage":[29,33,41,50],"damage_taken":[{"damage":2.0,"enemies":"Small Slimes","floor":1.0,"turns":5.0},{"damage":3.0,"enemies":"Jaw Worm","floor":2.0,"turns":5.0},{"damage":0.0,"enemies":"2 Louse","floor":4.0,"turns":1.0},{"damage":23.0,"enemies":"3 Sentries","floor":7.0,"turns":14.0},{"damage":0.0,"enemies":"Gremlin Nob","floor":11.0,"turns":2.0},{"damage":0.0,"enemies":"Looter","floor":13.0,"turns":2.0},{"damage":0.0,"enemies":"3 Louse","floor":14.0,"turns":3.0},{"damage":0.0,"enemies":"Hexaghost","floor":16.0,"turns":9.0},{"damage":0.0,"enemies":"Spheric Guardian","floor":18.0,"turns":3.0},{"damage":1.0,"enemies":"Shell Parasite","floor":22.0,"turns":4.0},{"damage":10.0,"enemies":"Snecko","floor":24.0,"turns":3.0},{"damage":5.0,"enemies":"Book of Stabbing","floor":25.0,"turns":5.0},{"damage":16,"enemies":"Slavers","floor":29,"turns":5},{"damage":0,"enemies":"3 Cultists","floor":31,"turns":1},{"damage":8,"enemies":"Automaton","floor":33,"turns":7},{"damage":8,"enemies":"3 Shapes","floor":35,"turns":4},{"damage":0,"enemies":"3 Darklings","floor":38,"turns":2},{"damage":13,"enemies":"Reptomancer","floor":41,"turns":5},{"damage":0,"enemies":"4 Shapes","floor":46,"turns":4},{"damage":78,"enemies":"Awakened One","floor":50,"turns":9}],"seed_played":"8990230499677637752","potions_obtained":[{"floor":0.0,"key":"FairyPotion"},{"floor":0.0,"key":"Poison Potion"},{"floor":0.0,"key":"FearPotion"},{"floor":11.0,"key":"LiquidBronze"},{"floor":13.0,"key":"GhostInAJar"},{"floor":14.0,"key":"SpeedPotion"},{"floor":29,"key":"Strength Potion"},{"floor":33,"key":"Energy Potion"},{"floor":38,"key":"GhostInAJar"}],"is_trial":false,"path_per_floor":["?","?","?","?","?","?","?","?","?","$","M"],"character_chosen":"THE_SILENT","items_purchased":["Cloak And Dagger","Finisher","Blur","Well Laid Plans","Oddly Smooth Stone","Ninja Scroll","Noxious Fumes","Skewer","Crippling Poison"],"campfire_rested":1,"item_purchase_floors":[5,12,12,12,19,37,37,45,48],"current_hp_per_floor":[68,65,65,65,65,65,42,42,42,42,42,42,42,42,42,42,70,70,70,70,70,69,69,59,54,54,54,54,45,45,45,45,37,77,69,69,69,69,69,69,56,56,56,56,56,56,56,56,77,0],"gold":47,"neow_bonus":"THREE_SMALL_POTIONS","is_prod":false,"is_daily":false,"chose_seed":false,"campfire_upgraded":9,"win_rate":0,"timestamp":1556077730,"path_taken":["M","M","?","M","$","R","E","?","T","R","E","$","M","M","R","BOSS","M","$","?","?","M","R","M","E","T","R","?","E","?","M","R","BOSS","M","?","$","M","?","R","E","R","T","?","?","?","R","$","R","BOSS"],"build_version":"2019-01-23","purchased_purges":1,"victory":false,"max_hp_per_floor":[70,70,70,70,70,70,70,70,70,70,70,70,70,70,70,70,70,70,70,70,70,70,70,70,70,70,70,70,77,77,77,77,77,77,77,77,77,77,77,77,77,77,77,77,77,77,77,77,77,77],"card_choices":[{"not_picked":["Flying Knee","All Out Attack"],"picked":"PiercingWail","floor":1.0},{"not_picked":["Bane","Endless Agony"],"picked":"Backstab","floor":2.0},{"not_picked":["Leg Sweep","Sucker Punch"],"picked":"Dagger Throw","floor":4.0},{"not_picked":["Calculated Gamble","PiercingWail"],"picked":"Dagger Throw","floor":7.0},{"not_picked":["Crippling Poison","Prepared","Poisoned Stab"],"picked":"Cloak And Dagger","floor":11.0},{"not_picked":["Underhanded Strike","Acrobatics","Backflip"],"picked":"Noxious Fumes","floor":13.0},{"not_picked":["Backstab","Quick Slash","Poisoned Stab"],"picked":"Adrenaline","floor":14.0},{"not_picked":["Die Die Die","Grand Finale","Wraith Form v2"],"picked":"After Image","floor":16.0},{"not_picked":["Poisoned Stab","Distraction+1","Outmaneuver"],"picked":"Blur","floor":18.0},{"not_picked":["Dagger Throw","Escape Plan","Dodge and Roll","PiercingWail"],"picked":"SKIP","floor":22.0},{"not_picked":["Dagger Throw","Bane","Poisoned Stab","Calculated Gamble"],"picked":"SKIP","floor":24.0},{"not_picked":["Quick Slash+1","Blade Dance","Predator"],"picked":"Terror","floor":25.0},{"not_picked":["Acrobatics","PiercingWail","Noxious Fumes"],"picked":"Infinite Blades","floor":29},{"not_picked":["Endless Agony","Well Laid Plans","Reflex+1"],"picked":"Dodge and Roll+1","floor":31},{"not_picked":["Tools of the Trade","Doppelganger","Night Terror"],"picked":"Burst","floor":33},{"not_picked":["Sucker Punch+1","Caltrops","Bane","Expertise+1"],"picked":"SKIP","floor":35},{"not_picked":["Dagger Spray","Outmaneuver+1","Bane+1"],"picked":"Quick Slash+1","floor":38},{"not_picked":["Poisoned Stab","Sucker Punch+1","Flechettes+1","Tactician"],"picked":"SKIP","floor":41},{"not_picked":["Reflex","Deadly Poison","Poisoned Stab","Underhanded Strike+1"],"picked":"SKIP","floor":46}],"player_experience":148555,"relics_obtained":[{"floor":7.0,"key":"Question Card"},{"floor":9.0,"key":"Ornamental Fan"},{"floor":11.0,"key":"Smiling Mask"},{"floor":25.0,"key":"Snake Skull"},{"floor":26.0,"key":"Shuriken"},{"floor":29,"key":"Strawberry"},{"floor":41,"key":"Tough Bandages"},{"floor":43,"key":"Vajra"}],"event_choices":[{"cards_removed":["Strike_G"],"damage_healed":0.0,"max_hp_gain":0.0,"max_hp_loss":0.0,"gold_gain":0.0,"event_name":"The Cleric","player_choice":"Card Removal","floor":3.0,"gold_loss":50.0,"damage_taken":0.0},{"damage_healed":0.0,"max_hp_gain":0.0,"max_hp_loss":0.0,"gold_gain":175.0,"event_name":"Liars Game","player_choice":"AGREE","floor":8.0,"gold_loss":0.0,"damage_taken":0.0,"cards_obtained":["Doubt"]},{"damage_healed":0.0,"max_hp_gain":0.0,"max_hp_loss":0.0,"gold_gain":99.0,"event_name":"Nest","player_choice":"Stole From Cult","floor":20.0,"gold_loss":0.0,"damage_taken":0.0},{"damage_healed":0.0,"max_hp_gain":0.0,"max_hp_loss":0.0,"gold_gain":0.0,"event_name":"Drug Dealer","player_choice":"Inject Mutagens","floor":21.0,"gold_loss":0.0,"damage_taken":0.0,"relics_obtained":["MutagenicStrength"]},{"damage_healed":0,"gold_gain":0,"player_choice":"Ignored","damage_taken":0,"max_hp_gain":0,"max_hp_loss":0,"event_name":"Beggar","floor":28,"gold_loss":0},{"damage_healed":0,"gold_gain":0,"player_choice":"Copied","damage_taken":0,"max_hp_gain":0,"max_hp_loss":0,"event_name":"Duplicator","floor":30,"gold_loss":0,"cards_obtained":["Noxious Fumes"]},{"damage_healed":0,"gold_gain":0,"player_choice":"Ignored","damage_taken":0,"max_hp_gain":0,"max_hp_loss":0,"event_name":"Tomb of Lord Red Mask","floor":36,"gold_loss":0},{"damage_healed":0,"gold_gain":0,"player_choice":"Memory 1","damage_taken":0,"max_hp_gain":0,"max_hp_loss":0,"event_name":"SensoryStone","floor":39,"gold_loss":0},{"damage_healed":0,"gold_gain":0,"player_choice":"Ignored","damage_taken":0,"max_hp_gain":0,"max_hp_loss":0,"event_name":"Mysterious Sphere","floor":44,"gold_loss":0}],"is_beta":false,"boss_relics":[{"not_picked":["Velvet Choker","Calling Bell"],"picked":"Pandora\u0027s Box"},{"not_picked":["Cursed Key","Runic Pyramid"],"picked":"Philosopher\u0027s Stone"}],"items_purged_floors":[12],"is_endless":false,"potions_floor_spawned":[4,11,13,14,22,29,33,38],"killed_by":"Awakened One","ascension_level":4}