{"path_per_floor":["M","M","M","?","$","R","M","M","T","M","R","E","M","$","R","B",null,"M","?","$","M","M","E","M","M","T","$","R","?","R","T","R"],"character_chosen":"IRONCLAD","items_purchased":["Inflame","Pommel Strike","Body Slam","Trip"],"gold_per_floor":[117,127,145,145,60,60,79,92,92,104,104,131,148,21,21,118,118,132,47,47,60,76,104,124,138,138,34,34,34,34,59,59,59],"floor_reached":33,"campfire_rested":3,"playtime":3349,"current_hp_per_floor":[80,76,80,47,47,47,41,44,44,34,58,48,71,71,71,61,80,62,62,62,70,67,63,31,20,20,20,44,44,44,44,68,0],"items_purged":["Strike_R"],"gold":59,"score":269,"play_id":"a5648970-bcac-408c-b628-5187bbfcd50b","local_time":"20180412001732","is_prod":false,"is_daily":false,"is_ascension_mode":false,"campfire_upgraded":3,"timestamp":1523506652,"path_taken":["M","M","M","?","$","R","M","M","T","M","R","E","M","$","R","BOSS","M","?","$","M","M","E","?","M","T","?","R","?","R","?","R","BOSS"],"build_version":"2018-04-05v2","purchased_purges":1,"victory":false,"master_deck":["Strike_R","Strike_R+1","Strike_R+1","Defend_R","Defend_R","Defend_R","Defend_R","Bash","Body Slam+1","Rage","Power Through","Inflame","Pommel Strike","Pommel Strike","Dual Wield","Reaper","Body Slam+1","Reaper","Body Slam+1","Flex","Shockwave","Burning Pact","Dropkick","Ghostly Armor","Trip+1"],"max_hp_per_floor":[80,80,80,80,80,80,80,80,80,80,80,80,80,80,80,80,80,80,80,80,80,80,80,80,80,80,80,80,80,80,80,80,80],"relics":["Burning Blood","Vajra","Whetstone","Bag of Preparation","Black Star","Mercury Hourglass","Pantograph","Question Card","Gambling Chip","Blood Vial"],"card_choices":[{"not_picked":["Disarm","True Grit"],"picked":"Body Slam","floor":1.0},{"not_picked":["Corruption","Twin Strike"],"picked":"Rage","floor":2.0},{"not_picked":["Perfected Strike","Cleave"],"picked":"Power Through","floor":3.0},{"not_picked":["Feel No Pain","Power Through"],"picked":"Pommel Strike","floor":8.0},{"not_picked":["Heavy Blade","Armaments"],"picked":"Dual Wield","floor":10.0},{"not_picked":["Clash","Clothesline"],"picked":"Reaper","floor":12.0},{"not_picked":["Exhume","Juggernaut"],"picked":"Reaper","floor":16.0},{"not_picked":["True Grit","Wild Strike"],"picked":"Body Slam","floor":18.0},{"not_picked":["Combust","Thunderclap"],"picked":"Flex","floor":21},{"not_picked":["Corruption","Perfected Strike"],"picked":"Shockwave","floor":22},{"not_picked":["Shrug It Off","Spot Weakness"],"picked":"Burning Pact","floor":23},{"not_picked":["Perfected Strike","Warcry","Havoc"],"picked":"Dropkick","floor":24},{"not_picked":["Flex","Cleave","Havoc"],"picked":"Ghostly Armor","floor":25}],"player_experience":65472,"potions_floor_usage":[23,23,24,33],"damage_taken":[{"damage":4.0,"enemies":"Jaw Worm","floor":1.0,"turns":5.0},{"damage":10.0,"enemies":"Small Slimes","floor":2.0,"turns":4.0},{"damage":0.0,"enemies":"Cultist","floor":3.0,"turns":3.0},{"damage":12.0,"enemies":"3 Louse","floor":7.0,"turns":3.0},{"damage":3.0,"enemies":"Blue Slaver","floor":8.0,"turns":4.0},{"damage":16.0,"enemies":"Red Slaver","floor":10.0,"turns":4.0},{"damage":16.0,"enemies":"3 Sentries","floor":12.0,"turns":6.0},{"damage":28.0,"enemies":"Lots of Slimes","floor":13.0,"turns":5.0},{"damage":16.0,"enemies":"Slime Boss","floor":16.0,"turns":5.0},{"damage":34.0,"enemies":"3 Byrds","floor":18.0,"turns":8.0},{"damage":5,"enemies":"Shell Parasite","floor":21,"turns":5},{"damage":36,"enemies":"3 Cultists","floor":22,"turns":5},{"damage":24,"enemies":"Slavers","floor":23,"turns":6},{"damage":50,"enemies":"Slaver and Parasite","floor":24,"turns":8},{"damage":27,"enemies":"Snake Plant","floor":25,"turns":5},{"damage":112,"enemies":"Automaton","floor":33,"turns":10}],"event_choices":[{"event_name":"Scrap Ooze","player_choice":"success","floor":4.0,"damage_taken":33.0},{"event_name":"Addict","player_choice":"Obtained Relic","floor":19.0,"damage_taken":0.0},{"event_name":"Beggar","player_choice":"Ignored","floor":29,"damage_taken":0}],"boss_relics":[],"potions_floor_spawned":[1,8,12,18,22,25],"seed_played":"-6025323211048893070","killed_by":"Automaton","ascension_level":0,"is_trial":false}