{"gold_per_floor":[109,109,134,35,35,35,49,384,384,384,404,404,427,467,467,560,623,647,448,472,597,597,597,638,554,606,606,624,640,679,679],"floor_reached":31,"playtime":2220,"items_purged":["Injury"],"score":492,"play_id":"ae542ee7-54e4-4287-888b-65d4d2e5f4e6","local_time":"20190329160324","is_ascension_mode":true,"campfire_choices":[{"data":"Neutralize","floor":6.0,"key":"SMITH"},{"data":"Sucker Punch","floor":10.0,"key":"SMITH"},{"data":"Cloak And Dagger","floor":12.0,"key":"SMITH"},{"floor":15.0,"key":"REST"},{"floor":23.0,"key":"REST"},{"floor":27.0,"key":"REST"}],"neow_cost":"NONE","seed_source_timestamp":270105387828749,"circlet_count":0,"master_deck":["AscendersBane","Defend_G","Defend_G","Defend_G","Defend_G","Defend_G","Strike_G","Strike_G","Strike_G","Strike_G","Strike_G","Survivor","Neutralize+1","Predator+1","Cloak And Dagger+1","Cloak And Dagger+1","Sucker Punch+1","Heel Hook","Heel Hook","Backflip","Storm of Steel+1","Acrobatics","Dodge and Roll","Footwork","Sucker Punch","Slice","All Out Attack"],"special_seed":0,"relics":["Busted Crown","Golden Idol","Old Coin","The Courier","Ice Cream","Tiny House","Oddly Smooth Stone","Unceasing Top","Mercury Hourglass","Sundial","Lantern","Snake Skull","Dream Catcher","Pantograph"],"potions_floor_usage":[29],"damage_taken":[{"damage":0.0,"enemies":"Small Slimes","floor":1.0,"turns":4.0},{"damage":0.0,"enemies":"Jaw Worm","floor":3.0,"turns":3.0},{"damage":0.0,"enemies":"Cultist","floor":7.0,"turns":3.0},{"damage":6.0,"enemies":"Lagavulin","floor":8.0,"turns":7.0},{"damage":0.0,"enemies":"Looter","floor":11.0,"turns":3.0},{"damage":1.0,"enemies":"Large Slime","floor":13.0,"turns":5.0},{"damage":17.0,"enemies":"3 Sentries","floor":14.0,"turns":8.0},{"damage":43.0,"enemies":"Slime Boss","floor":16.0,"turns":14.0},{"damage":0.0,"enemies":"Spheric Guardian","floor":18.0,"turns":3.0},{"damage":7.0,"enemies":"2 Thieves","floor":20.0,"turns":5.0},{"damage":23.0,"enemies":"Colosseum Slavers","floor":21.0,"turns":5.0},{"damage":20.0,"enemies":"Colosseum Nobs","floor":21.0,"turns":7.0},{"damage":8.0,"enemies":"Book of Stabbing","floor":24.0,"turns":7.0},{"damage":10,"enemies":"Centurion and Healer","floor":28,"turns":6},{"damage":4,"enemies":"3 Cultists","floor":29,"turns":4},{"damage":27,"enemies":"Slavers","floor":30,"turns":6},{"damage":8,"enemies":"Cultist and Chosen","floor":31,"turns":4}],"seed_played":"-2958141884187303701","potions_obtained":[{"floor":1.0,"key":"Dexterity Potion"},{"floor":8.0,"key":"AttackPotion"},{"floor":14.0,"key":"Energy Potion"},{"floor":16.0,"key":"Dexterity Potion"},{"floor":17.0,"key":"AttackPotion"},{"floor":20.0,"key":"Energy Potion"},{"floor":24.0,"key":"Explosive Potion"}],"is_trial":false,"path_per_floor":["M","?","M","$","?","R","M","E","T","R","M","R","M","E","R","B",null,"M","$","M","?","?","R","E","?","T","R","M","M","E","M"],"character_chosen":"THE_SILENT","items_purchased":["Cloak And Dagger","Oddly Smooth Stone","Footwork","Sucker Punch"],"campfire_rested":3,"item_purchase_floors":[4,19,19,19],"current_hp_per_floor":[63,63,63,63,49,49,49,43,43,43,43,43,42,25,46,3,58,58,58,51,8,8,30,22,22,22,44,34,30,3,0],"gold":679,"neow_bonus":"BOSS_RELIC","is_prod":false,"is_daily":false,"chose_seed":false,"campfire_upgraded":3,"win_rate":0,"timestamp":1553900604,"path_taken":["M","?","M","$","?","R","M","E","T","R","M","R","M","E","R","BOSS","M","$","M","?","?","R","E","?","T","R","?","M","E","M"],"build_version":"2019-01-23","purchased_purges":1,"victory":false,"max_hp_per_floor":[70,70,70,70,70,70,70,70,70,70,70,70,70,70,70,70,75,75,75,75,75,75,75,75,75,75,75,75,75,75,75],"card_choices":[{"not_picked":[],"picked":"Predator","floor":1.0},{"not_picked":[],"picked":"Cloak And Dagger","floor":3.0},{"not_picked":[],"picked":"Sucker Punch","floor":7.0},{"not_picked":[],"picked":"Heel Hook","floor":8.0},{"not_picked":[],"picked":"Heel Hook","floor":11.0},{"not_picked":["Flechettes"],"picked":"SKIP","floor":13.0},{"not_picked":[],"picked":"Backflip","floor":14.0},{"not_picked":[],"picked":"Storm of Steel","floor":16.0},{"not_picked":[],"picked":"Acrobatics","floor":17.0},{"not_picked":[],"picked":"Dodge and Roll","floor":18.0},{"not_picked":["Acrobatics"],"picked":"SKIP","floor":20.0},{"not_picked":[],"picked":"Slice","floor":24.0},{"not_picked":[],"picked":"All Out Attack","floor":27.0},{"not_picked":["Masterful Stab"],"picked":"SKIP","floor":28},{"not_picked":["Crippling Poison"],"picked":"SKIP","floor":29},{"not_picked":["Prepared"],"picked":"SKIP","floor":30}],"player_experience":566273,"relics_obtained":[{"floor":8.0,"key":"Old Coin"},{"floor":9.0,"key":"The Courier"},{"floor":14.0,"key":"Ice Cream"},{"floor":21.0,"key":"Unceasing Top"},{"floor":21.0,"key":"Mercury Hourglass"},{"floor":24.0,"key":"Lantern"},{"floor":26.0,"key":"Dream Catcher"},{"floor":30,"key":"Pantograph"}],"event_choices":[{"damage_healed":0.0,"max_hp_gain":0.0,"max_hp_loss":0.0,"gold_gain":0.0,"event_name":"Golden Idol","player_choice":"Take Wound","floor":2.0,"gold_loss":0.0,"damage_taken":0.0,"relics_obtained":["Golden Idol"],"cards_obtained":["Injury"]},{"damage_healed":0.0,"max_hp_gain":0.0,"max_hp_loss":0.0,"gold_gain":0.0,"event_name":"Shining Light","player_choice":"Entered Light","floor":5.0,"gold_loss":0.0,"damage_taken":14.0,"cards_upgraded":["Cloak And Dagger","Predator"]},{"damage_healed":0.0,"max_hp_gain":0.0,"max_hp_loss":0.0,"gold_gain":0.0,"event_name":"Colosseum","player_choice":"Fight","floor":21.0,"gold_loss":0.0,"damage_taken":0.0},{"damage_healed":0.0,"max_hp_gain":0.0,"max_hp_loss":0.0,"gold_gain":0.0,"event_name":"Colosseum","player_choice":"Fought Nobs","floor":21.0,"gold_loss":0.0,"damage_taken":0.0},{"damage_healed":0.0,"max_hp_gain":0.0,"max_hp_loss":0.0,"gold_gain":0.0,"event_name":"The Mausoleum","player_choice":"Opened","floor":22.0,"gold_loss":0.0,"damage_taken":0.0,"relics_obtained":["Sundial"]},{"damage_healed":0.0,"max_hp_gain":0.0,"max_hp_loss":0.0,"gold_gain":0.0,"event_name":"WeMeetAgain","player_choice":"Paid Gold","floor":25.0,"gold_loss":84.0,"damage_taken":0.0,"relics_obtained":["Snake Skull"]}],"is_beta":false,"boss_relics":[{"not_picked":["Pandora\u0027s Box","Ectoplasm"],"picked":"Tiny House"}],"items_purged_floors":[4],"is_endless":false,"potions_floor_spawned":[1,8,13,14,16,20,21,24],"killed_by":"Cultist and Chosen","ascension_level":13}