{"gold_per_floor":[116,135,135,210,190,221,221,251,251,251],"floor_reached":10,"playtime":248,"items_purged":[],"score":109,"play_id":"2a71686d-2bf4-4b75-9e0e-6ef2ab352d47","local_time":"20190420090842","is_ascension_mode":true,"campfire_choices":[{"floor":7,"key":"RECALL"}],"neow_cost":"NONE","seed_source_timestamp":533928023523769,"circlet_count":0,"master_deck":["Strike_B","Strike_B","Strike_B","Strike_B","Defend_B","Defend_B","Defend_B","Defend_B","Zap","Dualcast","Conserve Battery","Rebound","Conserve Battery","Hologram"],"relics":["Cracked Core","NeowsBlessing","Dodecahedron","Juzu Bracelet","The Courier"],"potions_floor_usage":[8],"damage_taken":[{"damage":0,"enemies":"Small Slimes","floor":1,"turns":1},{"damage":0,"enemies":"Jaw Worm","floor":2,"turns":1},{"damage":0,"enemies":"Gremlin Nob","floor":6,"turns":1},{"damage":24,"enemies":"3 Sentries","floor":8,"turns":6},{"damage":0,"enemies":"The Mushroom Lair","floor":10,"turns":2}],"seed_played":"-4580099158423515101","potions_obtained":[{"floor":2,"key":"SkillPotion"},{"floor":5,"key":"Weak Potion"},{"floor":8,"key":"Energy Potion"}],"is_trial":false,"path_per_floor":["?","?","?","?"],"character_chosen":"DEFECT","items_purchased":[],"campfire_rested":0,"item_purchase_floors":[],"current_hp_per_floor":[75,75,80,69,69,69,69,45,45,45],"gold":251,"neow_bonus":"THREE_ENEMY_KILL","is_prod":false,"is_daily":false,"chose_seed":false,"campfire_upgraded":0,"win_rate":0,"timestamp":1555744122,"path_taken":["M","M","?","?","?","E","R","E","T","?"],"build_version":"2019-01-23","purchased_purges":0,"victory":false,"max_hp_per_floor":[75,75,80,80,80,80,80,80,80,80],"card_choices":[{"not_picked":["Barrage","Steam"],"picked":"Conserve Battery","floor":1},{"not_picked":["Steam Power","Stack"],"picked":"Rebound","floor":2},{"not_picked":["Gash","Streamline"],"picked":"Conserve Battery","floor":6},{"not_picked":["Cold Snap","Sunder"],"picked":"Hologram","floor":8}],"player_experience":119870,"relics_obtained":[{"floor":6,"key":"Dodecahedron"},{"floor":8,"key":"Juzu Bracelet"},{"floor":9,"key":"The Courier"}],"event_choices":[{"damage_healed":0,"gold_gain":0,"player_choice":"Donut","damage_taken":0,"max_hp_gain":5,"max_hp_loss":0,"event_name":"Big Fish","floor":3,"gold_loss":0},{"damage_healed":0,"gold_gain":75,"player_choice":"Gather Gold","damage_taken":11,"max_hp_gain":0,"max_hp_loss":0,"event_name":"World of Goop","floor":4,"gold_loss":0},{"damage_healed":0,"gold_gain":0,"player_choice":"Bought 1 Potion","damage_taken":0,"max_hp_gain":0,"max_hp_loss":0,"event_name":"The Woman in Blue","floor":5,"gold_loss":0},{"damage_healed":0,"gold_gain":0,"player_choice":"Fought Mushrooms","damage_taken":0,"max_hp_gain":0,"max_hp_loss":0,"event_name":"Mushrooms","floor":10,"gold_loss":0}],"is_beta":false,"boss_relics":[],"items_purged_floors":[],"is_endless":false,"potions_floor_spawned":[2,8],"killed_by":"The Mushroom Lair","ascension_level":2}