{"gold_per_floor":[109,124,141,156,168,168,202,219,244,260,276,276,28,38,38,142,142,152,152,167,167,184,184,196,46,46,71,71,71,71,84,84,189,189,209,209,209,209,146,146,162,22,22,22,55,74,74,86,86,86],"floor_reached":51,"playtime":3324,"items_purged":["Strike_G","Strike_G"],"score":701,"play_id":"e3d069a8-d495-4408-90be-8448d87feb75","local_time":"20190326174710","is_ascension_mode":false,"campfire_choices":[{"data":"Blade Dance","floor":6,"key":"SMITH"},{"floor":15,"key":"REST"},{"floor":23,"key":"REST"},{"floor":28,"key":"REST"},{"data":"Infinite Blades","floor":29,"key":"SMITH"},{"data":"Infinite Blades","floor":30,"key":"SMITH"},{"data":"Envenom","floor":32,"key":"SMITH"},{"data":"Blade Dance","floor":40,"key":"SMITH"},{"floor":44,"key":"REST"},{"floor":49,"key":"REST"}],"neow_cost":"NONE","seed_source_timestamp":549703842369025,"circlet_count":0,"master_deck":["Defend_G","Defend_G","Defend_G","Defend_G","Survivor","Neutralize","Accuracy+1","Blade Dance+1","Blade Dance+1","Slice","Backflip","Cloak And Dagger","Backstab","Cloak And Dagger","Envenom+1","Necronomicurse","Cloak And Dagger","Backflip","Storm of Steel","Infinite Blades+1","Infinite Blades+1","Adrenaline","Bane+1","Endless Agony+1","Adrenaline+1","Finesse","Slice+1","Noxious Fumes","Skewer+1","Backflip","Cloak And Dagger"],"relics":["Ring of the Snake","Turnip","Bag of Preparation","Meat on the Bone","Sozu","Necronomicon","WingedGreaves","Kunai","Astrolabe","MawBank","Mummified Hand","PreservedInsect"],"potions_floor_usage":[4,7,16,16,16],"damage_taken":[{"damage":0,"enemies":"Cultist","floor":1,"turns":5},{"damage":5,"enemies":"Jaw Worm","floor":2,"turns":6},{"damage":2,"enemies":"Small Slimes","floor":3,"turns":4},{"damage":0,"enemies":"3 Louse","floor":4,"turns":2},{"damage":2,"enemies":"Looter","floor":5,"turns":3},{"damage":20,"enemies":"Lagavulin","floor":7,"turns":6},{"damage":9,"enemies":"Blue Slaver","floor":8,"turns":3},{"damage":3,"enemies":"Red Slaver","floor":10,"turns":3},{"damage":6,"enemies":"Exordium Wildlife","floor":11,"turns":3},{"damage":1,"enemies":"Exordium Thugs","floor":14,"turns":4},{"damage":56,"enemies":"The Guardian","floor":16,"turns":9},{"damage":7,"enemies":"Chosen","floor":18,"turns":4},{"damage":4,"enemies":"Shell Parasite","floor":20,"turns":5},{"damage":16,"enemies":"Snake Plant","floor":22,"turns":4},{"damage":16,"enemies":"Shelled Parasite and Fungi","floor":24,"turns":6},{"damage":31,"enemies":"Book of Stabbing","floor":27,"turns":5},{"damage":1,"enemies":"Cultist and Chosen","floor":31,"turns":4},{"damage":28,"enemies":"Collector","floor":33,"turns":11},{"damage":21,"enemies":"3 Shapes","floor":35,"turns":4},{"damage":9,"enemies":"3 Darklings","floor":41,"turns":4},{"damage":6,"enemies":"Nemesis","floor":45,"turns":5},{"damage":19,"enemies":"Sphere and 2 Shapes","floor":46,"turns":4},{"damage":10,"enemies":"Spire Growth","floor":48,"turns":3},{"damage":42,"enemies":"Awakened One","floor":50,"turns":13}],"seed_played":"2078504485880604555","potions_obtained":[{"floor":0,"key":"Explosive Potion"},{"floor":0,"key":"Weak Potion"},{"floor":0,"key":"GhostInAJar"},{"floor":2,"key":"LiquidBronze"},{"floor":5,"key":"Explosive Potion"},{"floor":8,"key":"Regen Potion"}],"is_trial":false,"path_per_floor":["?","?","?","?","?","T","M","?"],"character_chosen":"THE_SILENT","items_purchased":["Meat on the Bone","Storm of Steel","Infinite Blades","Noxious Fumes"],"campfire_rested":5,"item_purchase_floors":[13,25,25,42],"current_hp_per_floor":[70,65,63,63,61,61,41,32,32,29,23,23,23,34,55,26,70,63,50,46,30,26,48,44,44,44,25,47,47,47,46,46,30,75,54,54,54,54,54,54,45,45,45,67,61,42,42,44,66,36],"gold":86,"neow_bonus":"THREE_SMALL_POTIONS","is_prod":false,"is_daily":false,"chose_seed":false,"campfire_upgraded":5,"win_rate":0.0,"timestamp":1553618830,"path_taken":["M","M","M","M","M","R","E","M","T","M","M","?","$","M","R","BOSS","M","?","M","?","M","R","M","$","T","E","R","R","R","M","R","BOSS","M","?","?","?","$","R","M","$","T","R","E","?","?","M","R","BOSS"],"build_version":"2019-01-23","purchased_purges":2,"victory":true,"max_hp_per_floor":[70,70,70,70,70,70,70,70,70,70,70,70,70,70,70,70,70,70,75,75,75,75,75,75,75,75,75,75,75,75,75,75,75,75,75,75,75,75,75,75,75,75,75,75,75,75,75,75,75,75],"card_choices":[{"not_picked":["Acrobatics","PiercingWail"],"picked":"Accuracy","floor":1},{"not_picked":["Sucker Punch","Well Laid Plans"],"picked":"Endless Agony","floor":2},{"not_picked":["Predator","Acrobatics"],"picked":"Blade Dance","floor":3},{"not_picked":["Underhanded Strike","Flying Knee","Wraith Form v2"],"picked":"SKIP","floor":4},{"not_picked":["Acrobatics","Prepared"],"picked":"Blade Dance","floor":5},{"not_picked":["Dagger Spray","Sucker Punch"],"picked":"Slice","floor":7},{"not_picked":["Leg Sweep","Endless Agony"],"picked":"Backflip","floor":8},{"not_picked":["Flechettes","Quick Slash"],"picked":"Cloak And Dagger","floor":10},{"not_picked":["Riddle With Holes","Crippling Poison"],"picked":"Backstab","floor":11},{"not_picked":["Bane","PiercingWail"],"picked":"Cloak And Dagger","floor":14},{"not_picked":["Phantasmal Killer","Doppelganger"],"picked":"Envenom","floor":16},{"not_picked":["Bane","Flying Knee","Dagger Throw"],"picked":"SKIP","floor":18},{"not_picked":["Quick Slash","Prepared","Endless Agony"],"picked":"SKIP","floor":20},{"not_picked":["Deadly Poison+1","Outmaneuver"],"picked":"Cloak And Dagger","floor":22},{"not_picked":["Bouncing Flask+1","Deflect"],"picked":"Backflip","floor":24},{"not_picked":["Well Laid Plans","PiercingWail"],"picked":"Infinite Blades","floor":27},{"not_picked":["Flying Knee","Calculated Gamble","Acrobatics"],"picked":"SKIP","floor":31},{"not_picked":["Phantasmal Killer","Tools of the Trade"],"picked":"Adrenaline","floor":33},{"not_picked":["Bane+1","Dagger Throw","Outmaneuver+1"],"picked":"SKIP","floor":35},{"not_picked":["Apotheosis","PanicButton"],"picked":"Finesse","floor":36},{"not_picked":["Quick Slash+1","Prepared"],"picked":"Slice+1","floor":41},{"not_picked":["Bane+1","Dagger Spray"],"picked":"Skewer+1","floor":45},{"not_picked":["Quick Slash+1","Expertise"],"picked":"Backflip","floor":46},{"not_picked":["Sucker Punch","Reflex+1","Flying Knee"],"picked":"SKIP","floor":48}],"player_experience":43046,"relics_obtained":[{"floor":7,"key":"Turnip"},{"floor":9,"key":"Bag of Preparation"},{"floor":21,"key":"Necronomicon"},{"floor":26,"key":"WingedGreaves"},{"floor":27,"key":"Kunai"},{"floor":38,"key":"MawBank"},{"floor":43,"key":"Mummified Hand"},{"floor":45,"key":"PreservedInsect"}],"event_choices":[{"damage_healed":0,"gold_gain":0,"player_choice":"Grow","damage_taken":0,"max_hp_gain":0,"max_hp_loss":0,"event_name":"Living Wall","floor":12,"gold_loss":0,"cards_upgraded":["Accuracy"]},{"damage_healed":0,"gold_gain":0,"player_choice":"Shed Blood","damage_taken":18,"max_hp_gain":5,"max_hp_loss":0,"event_name":"Forgotten Altar","floor":19,"gold_loss":0},{"damage_healed":0,"gold_gain":0,"player_choice":"Obtained Book","damage_taken":16,"max_hp_gain":0,"max_hp_loss":0,"event_name":"Cursed Tome","floor":21,"gold_loss":0},{"damage_healed":0,"gold_gain":0,"player_choice":"Memory 1","damage_taken":0,"max_hp_gain":0,"max_hp_loss":0,"event_name":"SensoryStone","floor":36,"gold_loss":0},{"cards_removed":["Strike_G"],"damage_healed":0,"gold_gain":0,"player_choice":"Removed Attack","damage_taken":0,"max_hp_gain":0,"max_hp_loss":0,"event_name":"Falling","floor":37,"gold_loss":0},{"damage_healed":0,"gold_gain":0,"cards_transformed":["Endless Agony"],"player_choice":"Transformed","damage_taken":0,"max_hp_gain":0,"max_hp_loss":0,"event_name":"Transmorgrifier","floor":47,"gold_loss":0,"cards_obtained":["Cloak And Dagger"]}],"is_beta":false,"boss_relics":[{"not_picked":["Calling Bell","Runic Dome"],"picked":"Sozu"},{"not_picked":["Runic Pyramid","Velvet Choker"],"picked":"Astrolabe"}],"items_purged_floors":[39,42],"is_endless":false,"potions_floor_spawned":[2,3,5,8,11,24,27,33,41,46],"ascension_level":0}