{"gold_per_floor":[110,110,125,200,16,16,116,136,136,156,156,170,182,192,192,192],"floor_reached":16,"playtime":689,"items_purged":[],"score":113,"play_id":"7115544a-fa9d-4a0b-92ad-a9dddcd67bfc","local_time":"20190423164342","is_ascension_mode":true,"campfire_choices":[{"data":"Footwork","floor":6.0,"key":"SMITH"},{"floor":15,"key":"REST"}],"neow_cost":"NONE","seed_source_timestamp":819914818339169,"circlet_count":0,"master_deck":["Defend_G","Defend_G","Defend_G","Defend_G","Defend_G","Strike_G","Strike_G","Strike_G","Strike_G","Survivor","Neutralize","Cloak And Dagger","Footwork+1","Deflect","Finisher","Quick Slash","Backstab","Dodge and Roll","Blade Dance","Footwork"],"special_seed":0,"relics":["Ring of the Snake","NeowsBlessing","Question Card","Dream Catcher"],"potions_floor_usage":[16],"damage_taken":[{"damage":0.0,"enemies":"Small Slimes","floor":1.0,"turns":1.0},{"damage":0.0,"enemies":"Cultist","floor":3.0,"turns":1.0},{"damage":0.0,"enemies":"Jaw Worm","floor":8.0,"turns":1.0},{"damage":8.0,"enemies":"Gremlin Gang","floor":10.0,"turns":7.0},{"damage":4.0,"enemies":"Large Slime","floor":12.0,"turns":10.0},{"damage":1.0,"enemies":"Looter","floor":13.0,"turns":4.0},{"damage":0,"enemies":"Exordium Thugs","floor":14,"turns":6},{"damage":67,"enemies":"Slime Boss","floor":16,"turns":20}],"seed_played":"3758589479671244663","potions_obtained":[{"floor":1.0,"key":"Swift Potion"},{"floor":8.0,"key":"Dexterity Potion"},{"floor":10.0,"key":"Weak Potion"}],"is_trial":false,"path_per_floor":["?","M","?","?","M","M","?"],"character_chosen":"THE_SILENT","items_purchased":["Footwork","Deflect","Finisher"],"campfire_rested":1,"item_purchase_floors":[5,5,5],"current_hp_per_floor":[70,70,70,59,59,59,59,59,59,51,44,40,39,39,60,0],"gold":192,"neow_bonus":"THREE_ENEMY_KILL","is_prod":false,"is_daily":false,"chose_seed":false,"campfire_upgraded":1,"win_rate":0,"timestamp":1556030622,"path_taken":["M","?","?","?","$","R","?","?","T","?","?","M","M","M","R","BOSS"],"build_version":"2019-01-23","purchased_purges":0,"victory":false,"max_hp_per_floor":[70,70,70,70,70,70,70,70,70,70,70,70,70,70,70,70],"card_choices":[{"not_picked":["Prepared","Acrobatics","Bane"],"picked":"SKIP","floor":1.0},{"not_picked":["Dagger Spray","Underhanded Strike"],"picked":"Cloak And Dagger","floor":3.0},{"not_picked":["Poisoned Stab","Outmaneuver"],"picked":"Quick Slash","floor":8.0},{"not_picked":["Calculated Gamble","Acrobatics","Poisoned Stab","Phantasmal Killer"],"picked":"SKIP","floor":10.0},{"not_picked":["Sucker Punch","Dagger Throw","Expertise"],"picked":"Backstab","floor":12.0},{"not_picked":["Slice","Outmaneuver","Riddle With Holes"],"picked":"Dodge and Roll","floor":13.0},{"not_picked":["Riddle With Holes","Flechettes","Poisoned Stab"],"picked":"Blade Dance","floor":14},{"not_picked":["Flechettes","Underhanded Strike","Slice"],"picked":"Footwork","floor":15}],"player_experience":137747,"relics_obtained":[{"floor":9.0,"key":"Question Card"}],"event_choices":[{"cards_removed":["Strike_G"],"damage_healed":0.0,"max_hp_gain":0.0,"max_hp_loss":0.0,"gold_gain":0.0,"event_name":"Bonfire Elementals","player_choice":"Offered Basic","floor":2.0,"gold_loss":0.0,"damage_taken":0.0},{"damage_healed":0.0,"max_hp_gain":0.0,"max_hp_loss":0.0,"gold_gain":75.0,"event_name":"World of Goop","player_choice":"Gather Gold","floor":4.0,"gold_loss":0.0,"damage_taken":11.0},{"damage_healed":0.0,"max_hp_gain":0.0,"max_hp_loss":0.0,"gold_gain":100.0,"event_name":"Golden Shrine","player_choice":"Pray","floor":7.0,"gold_loss":0.0,"damage_taken":0.0},{"damage_healed":0.0,"max_hp_gain":0.0,"max_hp_loss":0.0,"gold_gain":0.0,"event_name":"Scrap Ooze","player_choice":"Success","floor":11.0,"gold_loss":0.0,"damage_taken":7.0,"relics_obtained":["Dream Catcher"]}],"is_beta":false,"boss_relics":[],"items_purged_floors":[],"is_endless":false,"potions_floor_spawned":[1,8,10],"killed_by":"Slime Boss","ascension_level":4}