{"gold_per_floor":[118,130,145,157,10,10,28,28,81,113,125,54,72,129,129,229,229,245,245,3,21,0,31,47,47,47,67,67,87,87,87],"floor_reached":31,"playtime":1946,"items_purged":[],"score":259,"play_id":"329d572e-f950-4db1-99f8-e47c68dafd24","local_time":"20190508214546","is_ascension_mode":false,"campfire_choices":[{"floor":6,"key":"RECALL"},{"data":"Dualcast","floor":8,"key":"SMITH"},{"data":"Undo","floor":15,"key":"SMITH"},{"floor":25,"key":"REST"}],"neow_cost":"NONE","seed_source_timestamp":256289275238600,"circlet_count":0,"master_deck":["Strike_B+1","Strike_B+1","Strike_B+1","Strike_B+1","Defend_B+1","Defend_B+1","Defend_B+1","Defend_B+1","Zap","Dualcast+1","Undo+1","Melter+1","Ball Lightning+1","Reinforced Body+1","Compile Driver","BootSequence","Go for the Eyes","Self Repair","Capacitor","Skim","Rainbow","Go for the Eyes","Conserve Battery","Stack+1","Defragment","Redo","Gash"],"relics":["Cracked Core","Whetstone","Question Card","War Paint","Inserter","Cables","Shuriken","Ancient Tea Set"],"potions_floor_usage":[10,10,14,16,23,24],"damage_taken":[{"damage":1,"enemies":"Cultist","floor":1,"turns":3},{"damage":0,"enemies":"Small Slimes","floor":2,"turns":3},{"damage":2,"enemies":"Jaw Worm","floor":3,"turns":4},{"damage":2,"enemies":"Blue Slaver","floor":4,"turns":2},{"damage":5,"enemies":"Exordium Wildlife","floor":7,"turns":4},{"damage":7,"enemies":"3 Sentries","floor":10,"turns":6},{"damage":0,"enemies":"2 Fungi Beasts","floor":11,"turns":3},{"damage":0,"enemies":"Blue Slaver","floor":13,"turns":2},{"damage":7,"enemies":"Lagavulin Event","floor":14,"turns":5},{"damage":53,"enemies":"The Guardian","floor":16,"turns":10},{"damage":2,"enemies":"Spheric Guardian","floor":18,"turns":3},{"damage":2,"enemies":"Shell Parasite","floor":21,"turns":5},{"damage":61,"enemies":"Slavers","floor":23,"turns":8},{"damage":2,"enemies":"Centurion and Healer","floor":24,"turns":8},{"damage":3,"enemies":"Cultist and Chosen","floor":27,"turns":7},{"damage":19,"enemies":"Snake Plant","floor":29,"turns":5},{"damage":44,"enemies":"3 Cultists","floor":31,"turns":5}],"seed_played":"-7141212309817716373","potions_obtained":[{"floor":2,"key":"Regen Potion"},{"floor":4,"key":"Strength Potion"},{"floor":10,"key":"Strength Potion"},{"floor":13,"key":"Poison Potion"},{"floor":18,"key":"Dexterity Potion"},{"floor":23,"key":"Block Potion"}],"is_trial":false,"path_per_floor":["M","?","?","?","M","?","?"],"character_chosen":"DEFECT","items_purchased":["Whetstone","Self Repair","Cables"],"campfire_rested":1,"item_purchase_floors":[5,12,20],"current_hp_per_floor":[81,81,79,77,77,77,72,72,72,79,79,79,82,82,82,36,82,82,82,82,82,82,28,33,57,57,61,61,49,33,0],"gold":87,"neow_bonus":"TEN_PERCENT_HP_BONUS","is_prod":false,"is_daily":false,"chose_seed":false,"campfire_upgraded":2,"win_rate":0,"timestamp":1557377146,"path_taken":["M","M","M","?","$","R","M","R","T","E","M","$","M","?","R","BOSS","M","?","$","M","?","E","?","R","T","M","?","M","?","M"],"build_version":"2019-01-23","purchased_purges":0,"victory":false,"max_hp_per_floor":[82,82,82,82,82,82,82,82,82,82,82,82,82,82,82,82,82,82,82,82,82,82,82,82,82,82,82,82,82,82,82],"card_choices":[{"not_picked":["Cold Snap","Hologram"],"picked":"Undo","floor":1},{"not_picked":["Compile Driver","Conserve Battery"],"picked":"Melter","floor":2},{"not_picked":["Reprogram","Static Discharge"],"picked":"Ball Lightning","floor":3},{"not_picked":["Aggregate","Darkness"],"picked":"Reinforced Body","floor":4},{"not_picked":["Coolheaded","Beam Cell"],"picked":"Compile Driver","floor":7},{"not_picked":["Chaos","Blizzard"],"picked":"BootSequence","floor":10},{"not_picked":["Lockon","Double Energy","Force Field"],"picked":"Go for the Eyes","floor":11},{"not_picked":["Rebound","Rainbow","Sweeping Beam"],"picked":"Capacitor","floor":13},{"not_picked":["Recycle","Sunder","Streamline"],"picked":"Skim","floor":14},{"not_picked":["Echo Form","Meteor Strike","Reboot"],"picked":"Rainbow","floor":16},{"not_picked":["Cold Snap","Gash","Reprogram+1"],"picked":"Go for the Eyes","floor":18},{"not_picked":["Cold Snap","Reboot","Redo"],"picked":"Conserve Battery","floor":21},{"not_picked":["Double Energy","Rebound+1","Barrage"],"picked":"Stack+1","floor":23},{"not_picked":["Tempest+1","Blizzard","Streamline"],"picked":"Defragment","floor":24},{"not_picked":["Cold Snap","Barrage","Steam"],"picked":"Redo","floor":27},{"not_picked":["Compile Driver","Scrape","Leap"],"picked":"Gash","floor":29}],"player_experience":146501,"relics_obtained":[{"floor":10,"key":"Question Card"},{"floor":14,"key":"War Paint"},{"floor":23,"key":"Shuriken"},{"floor":26,"key":"Ancient Tea Set"}],"event_choices":[{"damage_healed":0,"gold_gain":0,"player_choice":"Searched \u00271\u0027 times","damage_taken":0,"max_hp_gain":0,"max_hp_loss":0,"event_name":"Dead Adventurer","floor":14,"gold_loss":0},{"damage_healed":0,"gold_gain":0,"player_choice":"Simplicity","damage_taken":0,"max_hp_gain":0,"max_hp_loss":0,"event_name":"Back to Basics","floor":19,"gold_loss":0,"cards_upgraded":["Strike_B","Strike_B","Strike_B","Strike_B","Defend_B","Defend_B","Defend_B"]},{"damage_healed":0,"gold_gain":0,"player_choice":"Paid Fearfully","damage_taken":0,"max_hp_gain":0,"max_hp_loss":0,"event_name":"Masked Bandits","floor":22,"gold_loss":21},{"damage_healed":0,"gold_gain":0,"player_choice":"Ignored","damage_taken":0,"max_hp_gain":0,"max_hp_loss":0,"event_name":"Ghosts","floor":28,"gold_loss":0},{"damage_healed":0,"gold_gain":0,"player_choice":"Obtained Book","damage_taken":16,"max_hp_gain":0,"max_hp_loss":0,"event_name":"Cursed Tome","floor":30,"gold_loss":0}],"is_beta":false,"boss_relics":[{"not_picked":["Lizard Tail","Snecko Eye"],"picked":"Inserter"}],"items_purged_floors":[],"is_endless":false,"potions_floor_spawned":[2,4,10,13,18,23],"killed_by":"3 Cultists","ascension_level":0}