{"gold_per_floor":[111,124,136,150,165,165,165,190,190,220,220,251,251,261,261,340,340,353,403,415,426,441,441,46,56,56,56,73,108,108,33,33,33],"floor_reached":33,"playtime":12056,"items_purged":[],"score":538,"play_id":"e99fc78f-fe6d-4d39-ad65-f66e09ec0214","local_time":"20190502190123","is_ascension_mode":true,"campfire_choices":[{"data":"Armaments","floor":6,"key":"SMITH"},{"floor":11,"key":"REST"},{"floor":13,"key":"REST"},{"floor":15,"key":"REST"},{"floor":23,"key":"REST"},{"floor":27,"key":"REST"},{"floor":30,"key":"REST"},{"floor":32,"key":"REST"}],"neow_cost":"PERCENT_DAMAGE","seed_source_timestamp":93210889973135,"circlet_count":0,"master_deck":["AscendersBane","Strike_R","Strike_R","Defend_R","Defend_R","Defend_R","Defend_R","Bash","Panache","Trip","Twin Strike","Shrug It Off","Headbutt","Uppercut","Armaments+1","Metallicize+1","Metallicize+1","Double Tap","Infernal Blade+1","Dropkick","Shrug It Off","Body Slam","Berserk+1","Flame Barrier","Shrug It Off","Reckless Charge","Barricade+1","Bludgeon","Infernal Blade"],"relics":["Burning Blood","Odd Mushroom","Frozen Egg 2","Gremlin Horn","Velvet Choker","Tiny Chest","Shuriken","Paper Frog"],"potions_floor_usage":[2,16,21,25,29,29],"damage_taken":[{"damage":2,"enemies":"Cultist","floor":1,"turns":4},{"damage":12,"enemies":"2 Louse","floor":2,"turns":2},{"damage":4,"enemies":"Small Slimes","floor":3,"turns":4},{"damage":7,"enemies":"2 Fungi Beasts","floor":4,"turns":4},{"damage":11,"enemies":"3 Louse","floor":5,"turns":4},{"damage":18,"enemies":"The Mushroom Lair","floor":8,"turns":6},{"damage":42,"enemies":"3 Sentries","floor":12,"turns":12},{"damage":9,"enemies":"Red Slaver","floor":14,"turns":3},{"damage":26,"enemies":"Slime Boss","floor":16,"turns":15},{"damage":28,"enemies":"2 Thieves","floor":18,"turns":4},{"damage":31,"enemies":"3 Byrds","floor":20,"turns":6},{"damage":9,"enemies":"Centurion and Healer","floor":21,"turns":6},{"damage":6,"enemies":"Snecko","floor":22,"turns":7},{"damage":10,"enemies":"Snake Plant","floor":25,"turns":4},{"damage":1,"enemies":"Centurion and Healer","floor":28,"turns":6},{"damage":64,"enemies":"Slavers","floor":29,"turns":10},{"damage":57,"enemies":"Automaton","floor":33,"turns":6}],"seed_played":"-1686746804738519400","potions_obtained":[{"floor":1,"key":"Regen Potion"},{"floor":4,"key":"SneckoOil"},{"floor":12,"key":"GamblersBrew"},{"floor":14,"key":"BloodPotion"},{"floor":20,"key":"Fire Potion"},{"floor":22,"key":"Weak Potion"},{"floor":25,"key":"BloodPotion"}],"is_trial":false,"path_per_floor":["M","M","M","M","M","R","?","?","T","?","R","E","R","M","R","B",null,"M","?","M","M","M","R","$","M","T","R","M","E","R","?","R","B"],"character_chosen":"IRONCLAD","items_purchased":["Berserk+1","Flame Barrier","Tiny Chest"],"campfire_rested":7,"item_purchase_floors":[24,24,24],"current_hp_per_floor":[54,53,55,54,49,49,42,30,30,30,52,16,38,35,57,44,67,45,45,20,17,17,39,39,35,35,57,62,11,33,33,55,0],"gold":33,"neow_bonus":"RANDOM_COLORLESS_2","is_prod":false,"is_daily":false,"chose_seed":false,"campfire_upgraded":1,"win_rate":0,"timestamp":1556816483,"path_taken":["M","M","M","?","M","R","?","?","T","?","R","E","R","M","R","BOSS","M","?","?","?","M","R","?","M","T","R","M","E","R","?","R","BOSS"],"build_version":"2019-01-23","purchased_purges":0,"victory":false,"max_hp_per_floor":[75,75,75,75,75,75,75,75,75,75,75,75,75,75,75,75,75,75,75,75,75,75,75,75,75,75,75,75,75,75,75,75,75],"card_choices":[{"not_picked":["Thunderclap","Wild Strike"],"picked":"Twin Strike","floor":1},{"not_picked":["Perfected Strike","Clash"],"picked":"Shrug It Off","floor":2},{"not_picked":["Flex","Rupture"],"picked":"Headbutt","floor":3},{"not_picked":["Havoc","Whirlwind"],"picked":"Uppercut","floor":4},{"not_picked":["Rampage","Clash"],"picked":"Armaments","floor":5},{"not_picked":["Havoc","Twin Strike"],"picked":"Metallicize+1","floor":12},{"not_picked":["Thunderclap","Rupture+1"],"picked":"Metallicize+1","floor":14},{"not_picked":["Exhume","Limit Break"],"picked":"Double Tap","floor":16},{"not_picked":["Warcry","Havoc+1"],"picked":"Infernal Blade+1","floor":18},{"not_picked":["Sever Soul","Rupture+1"],"picked":"Dropkick","floor":20},{"not_picked":["Sword Boomerang","Wild Strike+1"],"picked":"Shrug It Off","floor":21},{"not_picked":["Iron Wave+1","Blood for Blood"],"picked":"Body Slam","floor":22},{"not_picked":["Sentinel","Clothesline"],"picked":"Shrug It Off","floor":25},{"not_picked":["Uppercut","Rage"],"picked":"Reckless Charge","floor":28},{"not_picked":["Shrug It Off","Clothesline"],"picked":"Barricade+1","floor":29}],"player_experience":3183565,"relics_obtained":[{"floor":8,"key":"Odd Mushroom"},{"floor":9,"key":"Frozen Egg 2"},{"floor":12,"key":"Gremlin Horn"},{"floor":26,"key":"Shuriken"},{"floor":29,"key":"Paper Frog"}],"event_choices":[{"cards_removed":["Strike_R"],"damage_healed":0,"gold_gain":0,"player_choice":"Card Removal","damage_taken":7,"max_hp_gain":0,"max_hp_loss":0,"event_name":"Golden Wing","floor":7,"gold_loss":0},{"damage_healed":0,"gold_gain":0,"player_choice":"Fought Mushrooms","damage_taken":0,"max_hp_gain":0,"max_hp_loss":0,"event_name":"Mushrooms","floor":8,"gold_loss":0},{"damage_healed":0,"gold_gain":30,"player_choice":"Searched \u00271\u0027 times","damage_taken":0,"max_hp_gain":0,"max_hp_loss":0,"event_name":"Dead Adventurer","floor":10,"gold_loss":0},{"damage_healed":0,"gold_gain":100,"player_choice":"Bet on Murderer","damage_taken":0,"max_hp_gain":0,"max_hp_loss":0,"event_name":"The Joust","floor":19,"gold_loss":50},{"damage_healed":0,"gold_gain":0,"cards_transformed":["Strike_R","Strike_R"],"player_choice":"Transformed Cards","damage_taken":0,"max_hp_gain":0,"max_hp_loss":0,"event_name":"Designer","floor":31,"gold_loss":75,"cards_obtained":["Bludgeon","Infernal Blade"]}],"is_beta":false,"boss_relics":[{"not_picked":["Sozu","Coffee Dripper"],"picked":"Velvet Choker"}],"items_purged_floors":[],"is_endless":false,"potions_floor_spawned":[1,4,12,14,20,22,25],"killed_by":"Automaton","ascension_level":20}