{"gold_per_floor":[115,0,14,27,40,40,65,65,65,103,103,123,123,144,144,144],"floor_reached":16,"playtime":633,"items_purged":["Strike_B"],"score":107,"play_id":"e9add412-e24a-48dd-b07c-4e1bf38a2425","local_time":"20190416084410","is_ascension_mode":true,"campfire_choices":[{"data":"Zap","floor":6,"key":"SMITH"},{"data":"Defragment","floor":11,"key":"SMITH"},{"data":"Dualcast","floor":15,"key":"SMITH"}],"neow_cost":"NONE","seed_source_timestamp":186474186806861,"circlet_count":0,"master_deck":["Strike_B","Strike_B","Strike_B","Defend_B","Defend_B","Defend_B","Defend_B","Zap+1","Dualcast+1","Conserve Battery","Defragment+1","Leap","Self Repair","Amplify","Hologram+1"],"relics":["Cracked Core","Anchor","Meat on the Bone","Golden Idol","Toxic Egg 2","Odd Mushroom"],"potions_floor_usage":[16],"damage_taken":[{"damage":0,"enemies":"Cultist","floor":1,"turns":2},{"damage":0,"enemies":"Jaw Worm","floor":3,"turns":3},{"damage":0,"enemies":"Small Slimes","floor":4,"turns":3},{"damage":0,"enemies":"3 Louse","floor":5,"turns":4},{"damage":20,"enemies":"Lagavulin","floor":7,"turns":10},{"damage":20,"enemies":"The Mushroom Lair","floor":10,"turns":5},{"damage":3,"enemies":"Lots of Slimes","floor":12,"turns":3},{"damage":0,"enemies":"2 Fungi Beasts","floor":14,"turns":3},{"damage":86,"enemies":"Slime Boss","floor":16,"turns":14}],"seed_played":"643061701995508739","potions_obtained":[{"floor":3,"key":"SkillPotion"},{"floor":5,"key":"FairyPotion"},{"floor":7,"key":"Regen Potion"}],"is_trial":false,"path_per_floor":["?","?","?"],"character_chosen":"DEFECT","items_purchased":["Defragment"],"campfire_rested":0,"item_purchase_floors":[2],"current_hp_per_floor":[75,75,75,75,75,75,62,44,44,43,43,47,72,75,75,0],"gold":144,"neow_bonus":"RANDOM_COMMON_RELIC","is_prod":false,"is_daily":false,"chose_seed":false,"campfire_upgraded":3,"win_rate":0,"timestamp":1555397050,"path_taken":["M","$","M","M","M","R","E","?","T","?","R","M","?","M","R","BOSS"],"build_version":"2019-01-23","purchased_purges":1,"victory":false,"max_hp_per_floor":[75,75,75,75,75,75,75,75,75,75,75,75,75,75,75,75],"card_choices":[{"not_picked":["Hologram","Defragment"],"picked":"Conserve Battery","floor":1},{"not_picked":["Sweeping Beam","Turbo"],"picked":"Leap","floor":3},{"not_picked":["Redo","Stack"],"picked":"Self Repair","floor":4},{"not_picked":["Glacier","Go for the Eyes","Turbo"],"picked":"SKIP","floor":5},{"not_picked":["Beam Cell","Cold Snap"],"picked":"Amplify","floor":7},{"not_picked":["Reinforced Body+1","Ball Lightning"],"picked":"Hologram+1","floor":10},{"not_picked":["Turbo+1","Gash","Coolheaded+1"],"picked":"SKIP","floor":12},{"not_picked":["Turbo+1","Gash","Fusion+1"],"picked":"SKIP","floor":14}],"player_experience":82587,"relics_obtained":[{"floor":7,"key":"Meat on the Bone"},{"floor":9,"key":"Toxic Egg 2"},{"floor":10,"key":"Odd Mushroom"}],"event_choices":[{"damage_healed":0,"gold_gain":0,"player_choice":"Take Damage","damage_taken":18,"relics_obtained":["Golden Idol"],"max_hp_gain":0,"max_hp_loss":0,"event_name":"Golden Idol","floor":8,"gold_loss":0},{"damage_healed":0,"gold_gain":0,"player_choice":"Fought Mushrooms","damage_taken":0,"max_hp_gain":0,"max_hp_loss":0,"event_name":"Mushrooms","floor":10,"gold_loss":0},{"damage_healed":25,"gold_gain":0,"player_choice":"Banana","damage_taken":0,"max_hp_gain":0,"max_hp_loss":0,"event_name":"Big Fish","floor":13,"gold_loss":0}],"is_beta":false,"boss_relics":[],"items_purged_floors":[2],"is_endless":false,"potions_floor_spawned":[3,5,7],"killed_by":"Slime Boss","ascension_level":1}