{"gold_per_floor":[116,134,4,16,36,36,69,69,96,96,21,37,70,33,33,33],"floor_reached":16,"playtime":1286,"items_purged":["Strike_G"],"score":220,"play_id":"9e7c1d84-0d9a-4feb-bf7c-e3b151159917","local_time":"20190409033328","is_ascension_mode":true,"campfire_choices":[{"data":"Neutralize","floor":6,"key":"SMITH"},{"floor":10,"key":"REST"},{"floor":15,"key":"REST"}],"neow_cost":"NONE","seed_source_timestamp":1057208662280835,"circlet_count":0,"master_deck":["AscendersBane","Defend_G","Defend_G","Defend_G","Defend_G","Defend_G","Strike_G","Strike_G","Strike_G","Strike_G","Survivor","Neutralize+1","Sucker Punch","Dodge and Roll","Footwork","Poisoned Stab","Blade Dance","PiercingWail","Accuracy","All Out Attack","Footwork","Predator"],"relics":["Ring of the Snake","NeowsBlessing","Strawberry","Golden Idol","Blood Vial","Bag of Preparation"],"potions_floor_usage":[7,13,16],"damage_taken":[{"damage":0,"enemies":"Cultist","floor":1,"turns":1},{"damage":0,"enemies":"Jaw Worm","floor":2,"turns":1},{"damage":0,"enemies":"Small Slimes","floor":4,"turns":1},{"damage":5,"enemies":"Blue Slaver","floor":5,"turns":5},{"damage":47,"enemies":"3 Sentries","floor":7,"turns":19},{"damage":0,"enemies":"2 Fungi Beasts","floor":12,"turns":4},{"damage":45,"enemies":"Gremlin Nob","floor":13,"turns":6},{"damage":28,"enemies":"Slime Boss","floor":16,"turns":8}],"seed_played":"1885042621234650668","potions_obtained":[{"floor":5,"key":"GamblersBrew"},{"floor":12,"key":"Regen Potion"},{"floor":13,"key":"SpeedPotion"}],"is_trial":false,"path_per_floor":["M","M","$","M","M","R","E","?","T","R","$","M","E","$","R","B"],"character_chosen":"THE_SILENT","items_purchased":["Footwork","Poisoned Stab","Predator"],"campfire_rested":2,"item_purchase_floors":[3,3,14],"current_hp_per_floor":[59,59,59,59,54,54,14,14,14,33,33,35,7,7,26,0],"gold":33,"neow_bonus":"THREE_ENEMY_KILL","is_prod":false,"is_daily":false,"chose_seed":false,"campfire_upgraded":1,"win_rate":0,"timestamp":1554773608,"path_taken":["M","M","?","?","?","R","E","?","T","R","?","M","E","?","R","BOSS"],"build_version":"2019-01-23","purchased_purges":1,"victory":false,"max_hp_per_floor":[66,66,66,66,66,66,73,66,66,66,66,66,66,66,66,66],"card_choices":[{"not_picked":["Outmaneuver","Acrobatics"],"picked":"Sucker Punch","floor":1},{"not_picked":["Sucker Punch","Outmaneuver"],"picked":"Dodge and Roll","floor":2},{"not_picked":["Slice","Underhanded Strike"],"picked":"Blade Dance","floor":4},{"not_picked":["Choke","Venomology"],"picked":"PiercingWail","floor":5},{"not_picked":["Sucker Punch","Expertise"],"picked":"Accuracy","floor":7},{"not_picked":["Dagger Throw","Quick Slash"],"picked":"All Out Attack","floor":12},{"not_picked":["Tactician","Underhanded Strike"],"picked":"Footwork","floor":13}],"player_experience":3049173,"relics_obtained":[{"floor":7,"key":"Strawberry"},{"floor":9,"key":"Blood Vial"},{"floor":13,"key":"Bag of Preparation"}],"event_choices":[{"damage_healed":0,"gold_gain":0,"player_choice":"Lose Max HP","damage_taken":0,"relics_obtained":["Golden Idol"],"max_hp_gain":0,"max_hp_loss":7,"event_name":"Golden Idol","floor":8,"gold_loss":0}],"is_beta":false,"boss_relics":[],"items_purged_floors":[11],"is_endless":false,"potions_floor_spawned":[5,12,13],"killed_by":"Slime Boss","ascension_level":20}