{"gold_per_floor":[20,20,33,48,323,323,340,340,364,391,403,427,120,120,120,215,215,230,230,241,266,65,65,96,96,121,131,131,145,169,169,169,268,268,280,380,12,12,12,12,37,37,37,51,85,95,95,112,112,112],"floor_reached":51,"playtime":4586,"items_purged":["Regret"],"score":808,"play_id":"4572861d-c4a2-4ae6-ad89-426d7e819f48","local_time":"20190510183310","is_ascension_mode":true,"campfire_choices":[{"data":"Zap","floor":6,"key":"SMITH"},{"floor":8,"key":"REST"},{"floor":15,"key":"REST"},{"data":"Defragment","floor":23,"key":"SMITH"},{"data":"White Noise","floor":25,"key":"SMITH"},{"data":"Machine Learning","floor":28,"key":"SMITH"},{"data":"Sweeping Beam","floor":32,"key":"SMITH"},{"floor":40,"key":"REST"},{"floor":47,"key":"REST"},{"floor":49,"key":"REST"}],"neow_cost":"NO_GOLD","seed_source_timestamp":11850554943000,"circlet_count":0,"master_deck":["Strike_B+1","Strike_B+1","Strike_B+1","Strike_B+1","Defend_B+1","Defend_B+1","Defend_B+1","Defend_B+1","Zap+1","Dualcast","Loop+1","Sweeping Beam+1","FTL+1","Defragment+1","Machine Learning+1","Conserve Battery","All For One+1","Redo+1","White Noise+1","Steam+1","Stack+1","Creative AI","Stack+1","Go for the Eyes+1","Loop","Madness","Madness","Self Repair","Streamline+1"],"relics":["Cracked Core","StoneCalendar","Blood Vial","MawBank","Letter Opener","Symbiotic Virus","Busted Crown","DataDisk","Frozen Eye","Whetstone","Happy Flower","Juzu Bracelet","MutagenicStrength","Fusion Hammer","FossilizedHelix","Bronze Scales","Toy Ornithopter","Blue Candle","Ornamental Fan","Cables"],"potions_floor_usage":[16,16,18,24,35,41,45,45],"damage_taken":[{"damage":3,"enemies":"Small Slimes","floor":1,"turns":4},{"damage":0,"enemies":"Cultist","floor":3,"turns":3},{"damage":11,"enemies":"Jaw Worm","floor":4,"turns":3},{"damage":16,"enemies":"3 Louse","floor":7,"turns":2},{"damage":26,"enemies":"3 Sentries","floor":10,"turns":5},{"damage":24,"enemies":"Exordium Thugs","floor":12,"turns":4},{"damage":0,"enemies":"Slime Boss","floor":16,"turns":5},{"damage":0,"enemies":"Spheric Guardian","floor":18,"turns":3},{"damage":10,"enemies":"Chosen","floor":20,"turns":4},{"damage":21,"enemies":"Book of Stabbing","floor":24,"turns":5},{"damage":0,"enemies":"Centurion and Healer","floor":27,"turns":4},{"damage":2,"enemies":"3 Cultists","floor":29,"turns":3},{"damage":28,"enemies":"Automaton","floor":33,"turns":7},{"damage":5,"enemies":"3 Shapes","floor":35,"turns":3},{"damage":0,"enemies":"Mind Bloom Boss Battle","floor":36,"turns":3},{"damage":17,"enemies":"Reptomancer","floor":41,"turns":5},{"damage":3,"enemies":"3 Darklings","floor":44,"turns":4},{"damage":0,"enemies":"Giant Head","floor":45,"turns":7},{"damage":8,"enemies":"Spire Growth","floor":46,"turns":4},{"damage":14,"enemies":"Writhing Mass","floor":48,"turns":4},{"damage":54,"enemies":"Donu and Deca","floor":50,"turns":7}],"seed_played":"-3322300023443078690","potions_obtained":[{"floor":1,"key":"Fire Potion"},{"floor":4,"key":"SteroidPotion"},{"floor":12,"key":"SpeedPotion"},{"floor":16,"key":"Regen Potion"},{"floor":24,"key":"SkillPotion"},{"floor":33,"key":"EssenceOfSteel"},{"floor":36,"key":"AttackPotion"},{"floor":44,"key":"EssenceOfSteel"}],"is_trial":false,"path_per_floor":["M","?","M","M","?","R","M","R","T","E","$","M","$","T","R","B",null,"M","?","M","T","$","R","E","R","T","M","R","M","T","?","R","B",null,"M","?","$","?","?","R","E","?","T","M","E","M","R","M","R","B",null],"character_chosen":"DEFECT","items_purchased":["Letter Opener","Frozen Eye","Bronze Scales","Loop","Toy Ornithopter"],"campfire_rested":5,"item_purchase_floors":[13,22,37,37,37],"current_hp_per_floor":[72,72,72,61,61,61,45,67,67,43,43,21,21,21,43,45,75,75,75,65,65,65,65,60,60,60,62,62,62,62,62,62,36,75,70,72,72,72,63,75,58,58,58,57,69,70,75,68,75,28],"gold":112,"neow_bonus":"ONE_RARE_RELIC","is_prod":false,"is_daily":false,"chose_seed":false,"campfire_upgraded":5,"win_rate":0,"timestamp":1557505990,"path_taken":["M","?","M","M","?","R","?","R","T","E","?","M","$","?","R","BOSS","M","?","M","?","$","R","E","R","T","M","R","M","?","?","R","BOSS","M","?","$","?","?","R","E","?","T","M","E","M","R","M","R","BOSS"],"build_version":"2019-01-23","purchased_purges":1,"victory":true,"max_hp_per_floor":[75,75,75,75,75,75,75,75,75,75,75,75,75,75,75,75,75,75,75,75,75,75,75,75,75,75,75,75,75,75,75,75,75,75,75,75,75,75,75,75,75,75,75,75,75,75,75,75,75,75],"card_choices":[{"not_picked":["Doom and Gloom","Barrage"],"picked":"Loop","floor":1},{"not_picked":["Compile Driver","Force Field"],"picked":"Sweeping Beam","floor":3},{"not_picked":["Beam Cell","Lockon"],"picked":"FTL","floor":4},{"not_picked":["Barrage","Go for the Eyes"],"picked":"Defragment","floor":7},{"not_picked":["Redo","Gash"],"picked":"Machine Learning","floor":10},{"not_picked":["Beam Cell","Redo"],"picked":"Conserve Battery","floor":12},{"not_picked":["Machine Learning","Core Surge"],"picked":"All For One","floor":16},{"not_picked":[],"picked":"Redo+1","floor":18},{"not_picked":[],"picked":"White Noise","floor":20},{"not_picked":[],"picked":"Steam+1","floor":24},{"not_picked":["Leap"],"picked":"SKIP","floor":27},{"not_picked":[],"picked":"Stack+1","floor":29},{"not_picked":[],"picked":"Creative AI","floor":33},{"not_picked":[],"picked":"Stack+1","floor":35},{"not_picked":[],"picked":"Go for the Eyes+1","floor":36},{"not_picked":[],"picked":"Compile Driver+1","floor":41},{"not_picked":["Compile Driver"],"picked":"SKIP","floor":44},{"not_picked":[],"picked":"Self Repair","floor":45},{"not_picked":[],"picked":"Streamline+1","floor":46},{"not_picked":["Sweeping Beam"],"picked":"SKIP","floor":48}],"player_experience":156761,"relics_obtained":[{"floor":9,"key":"Blood Vial"},{"floor":10,"key":"MawBank"},{"floor":14,"key":"Symbiotic Virus"},{"floor":21,"key":"DataDisk"},{"floor":24,"key":"Whetstone"},{"floor":26,"key":"Happy Flower"},{"floor":30,"key":"Juzu Bracelet"},{"floor":36,"key":"FossilizedHelix"},{"floor":41,"key":"Blue Candle"},{"floor":43,"key":"Ornamental Fan"},{"floor":45,"key":"Cables"}],"event_choices":[{"damage_healed":0,"gold_gain":0,"player_choice":"Grow","damage_taken":0,"max_hp_gain":0,"max_hp_loss":0,"event_name":"Living Wall","floor":2,"gold_loss":0,"cards_upgraded":["Loop"]},{"damage_healed":0,"gold_gain":275,"player_choice":"Desecrate","damage_taken":0,"max_hp_gain":0,"max_hp_loss":0,"event_name":"Golden Shrine","floor":5,"gold_loss":0,"cards_obtained":["Regret"]},{"damage_healed":0,"gold_gain":0,"player_choice":"Simplicity","damage_taken":0,"max_hp_gain":0,"max_hp_loss":0,"event_name":"Back to Basics","floor":19,"gold_loss":0,"cards_upgraded":["Strike_B","Strike_B","Strike_B","Strike_B","Defend_B","Defend_B","Defend_B","Defend_B"]},{"damage_healed":0,"gold_gain":0,"player_choice":"Inject Mutagens","damage_taken":0,"relics_obtained":["MutagenicStrength"],"max_hp_gain":0,"max_hp_loss":0,"event_name":"Drug Dealer","floor":31,"gold_loss":0},{"damage_healed":0,"gold_gain":0,"player_choice":"Fight","damage_taken":0,"max_hp_gain":0,"max_hp_loss":0,"event_name":"MindBloom","floor":36,"gold_loss":0},{"damage_healed":0,"gold_gain":0,"player_choice":"Ignored","damage_taken":0,"max_hp_gain":0,"max_hp_loss":0,"event_name":"NoteForYourself","floor":38,"gold_loss":0},{"damage_healed":0,"gold_gain":0,"player_choice":"Embrace Madness","damage_taken":9,"max_hp_gain":0,"max_hp_loss":0,"event_name":"Winding Halls","floor":39,"gold_loss":0,"cards_obtained":["Madness","Madness"]},{"cards_removed":["Compile Driver"],"damage_healed":0,"gold_gain":0,"player_choice":"Removed Attack","damage_taken":0,"max_hp_gain":0,"max_hp_loss":0,"event_name":"Falling","floor":42,"gold_loss":0}],"is_beta":false,"boss_relics":[{"not_picked":["FrozenCore","Coffee Dripper"],"picked":"Busted Crown"},{"not_picked":["Lizard Tail","Calling Bell"],"picked":"Fusion Hammer"}],"items_purged_floors":[13],"is_endless":false,"potions_floor_spawned":[1,4,12,16,24,33,36,44],"ascension_level":1}