{"gold_per_floor":[112,187,202,202,202,202,233,244,271,283,316,316,34,46,46,117,117,130,158,158,3,23,23,53,53],"floor_reached":25,"playtime":2296,"items_purged":["Strike_G"],"score":508,"play_id":"e68f03d1-1afe-487d-ad83-8d5b665c0212","local_time":"20190211084951","is_ascension_mode":true,"campfire_choices":[{"data":"Cloak And Dagger","floor":6,"key":"SMITH"},{"data":"Noxious Fumes","floor":12,"key":"SMITH"},{"data":"Blade Dance","floor":15,"key":"SMITH"},{"floor":23,"key":"REST"}],"neow_cost":"NONE","seed_source_timestamp":1089285880905575,"circlet_count":0,"master_deck":["AscendersBane","Defend_G","Defend_G","Defend_G","Defend_G","Defend_G","Strike_G","Strike_G","Strike_G","Strike_G","Survivor","Neutralize+1","Cloak And Dagger","Cloak And Dagger+1","Dagger Spray","Blade Dance+1","Noxious Fumes+1","Backflip","Blade Dance","Tools of the Trade","Crippling Poison","Backflip+1","Footwork","Leg Sweep","Catalyst+1"],"relics":["Ring of the Snake","NeowsBlessing","Potion Belt","PreservedInsect","Singing Bowl","Kunai","Runic Dome","Red Mask","Pen Nib"],"potions_floor_usage":[11,16,16,19,19,24],"damage_taken":[{"damage":0,"enemies":"Small Slimes","floor":1,"turns":1},{"damage":0,"enemies":"Jaw Worm","floor":3,"turns":1},{"damage":0,"enemies":"Lagavulin","floor":7,"turns":1},{"damage":0,"enemies":"2 Louse","floor":8,"turns":2},{"damage":0,"enemies":"Exordium Thugs","floor":10,"turns":4},{"damage":10,"enemies":"Gremlin Nob","floor":11,"turns":3},{"damage":7,"enemies":"Large Slime","floor":14,"turns":6},{"damage":12,"enemies":"The Guardian","floor":16,"turns":12},{"damage":10,"enemies":"Spheric Guardian","floor":18,"turns":6},{"damage":14,"enemies":"Masked Bandits","floor":19,"turns":3},{"damage":2,"enemies":"3 Byrds","floor":22,"turns":5},{"damage":23,"enemies":"Slavers","floor":24,"turns":7},{"damage":17,"enemies":"Shelled Parasite and Fungi","floor":25,"turns":2}],"seed_played":"5965613105087048728","potions_obtained":[{"floor":1,"key":"FearPotion"},{"floor":7,"key":"GamblersBrew"},{"floor":11,"key":"SpeedPotion"},{"floor":14,"key":"Explosive Potion"},{"floor":18,"key":"GhostInAJar"},{"floor":22,"key":"EssenceOfSteel"}],"is_trial":false,"path_per_floor":["M","?","M","?","?","R","E","M","T","M","E","R","$","M","R","B",null,"M","?","?","$","M","R","E","M"],"character_chosen":"THE_SILENT","items_purchased":["Kunai","Footwork"],"campfire_rested":1,"item_purchase_floors":[13,21],"current_hp_per_floor":[59,48,48,48,48,48,48,48,48,48,38,38,38,31,31,19,54,44,30,12,12,10,31,8,0],"gold":53,"neow_bonus":"THREE_ENEMY_KILL","is_prod":false,"is_daily":false,"chose_seed":false,"campfire_upgraded":3,"win_rate":0,"timestamp":1549871391,"path_taken":["M","?","M","?","?","R","E","M","T","M","E","R","$","M","R","BOSS","M","?","?","$","M","R","E","M"],"build_version":"2019-01-23","purchased_purges":1,"victory":false,"max_hp_per_floor":[66,66,66,66,66,66,66,66,66,66,66,66,66,66,66,66,66,66,66,71,71,71,71,71,71],"card_choices":[{"not_picked":["Masterful Stab","Dodge and Roll"],"picked":"Cloak And Dagger","floor":1},{"not_picked":["Choke","Poisoned Stab"],"picked":"Cloak And Dagger","floor":3},{"not_picked":["Predator","Calculated Gamble"],"picked":"Dagger Spray","floor":7},{"not_picked":["Choke","Eviscerate"],"picked":"Blade Dance","floor":8},{"not_picked":["Slice","Underhanded Strike"],"picked":"Noxious Fumes","floor":10},{"not_picked":["Dodge and Roll","Tactician"],"picked":"Backflip","floor":11},{"not_picked":["After Image","Underhanded Strike"],"picked":"Blade Dance","floor":14},{"not_picked":["Unload","Night Terror"],"picked":"Tools of the Trade","floor":16},{"not_picked":["PiercingWail","Blade Dance"],"picked":"Crippling Poison","floor":18},{"not_picked":["Setup","Blade Dance"],"picked":"Backflip+1","floor":19},{"not_picked":["Slice+1","Quick Slash"],"picked":"Leg Sweep","floor":22},{"not_picked":["Bane","Backstab"],"picked":"Catalyst+1","floor":24}],"player_experience":2754164,"relics_obtained":[{"floor":7,"key":"Potion Belt"},{"floor":9,"key":"PreservedInsect"},{"floor":11,"key":"Singing Bowl"},{"floor":19,"key":"Red Mask"},{"floor":24,"key":"Pen Nib"}],"event_choices":[{"damage_healed":0,"gold_gain":75,"player_choice":"Gather Gold","damage_taken":11,"max_hp_gain":0,"max_hp_loss":0,"event_name":"World of Goop","floor":2,"gold_loss":0},{"damage_healed":0,"gold_gain":0,"player_choice":"Ignored","damage_taken":0,"max_hp_gain":0,"max_hp_loss":0,"event_name":"Liars Game","floor":4,"gold_loss":0},{"damage_healed":0,"gold_gain":0,"player_choice":"Upgraded","damage_taken":0,"max_hp_gain":0,"max_hp_loss":0,"event_name":"Upgrade Shrine","floor":5,"gold_loss":0,"cards_upgraded":["Neutralize"]},{"damage_healed":0,"gold_gain":0,"player_choice":"Fought Bandits","damage_taken":0,"max_hp_gain":0,"max_hp_loss":0,"event_name":"Masked Bandits","floor":19,"gold_loss":0},{"damage_healed":0,"gold_gain":0,"player_choice":"Shed Blood","damage_taken":23,"max_hp_gain":5,"max_hp_loss":0,"event_name":"Forgotten Altar","floor":20,"gold_loss":0}],"is_beta":false,"boss_relics":[{"not_picked":["White Beast Statue","Tiny House"],"picked":"Runic Dome"}],"items_purged_floors":[21],"is_endless":false,"potions_floor_spawned":[1,7,11,14,18,22],"killed_by":"Shelled Parasite and Fungi","ascension_level":20}