{"gold_per_floor":[116,191,81,81,256,292,116,131,131,131,149,176,176,194,194,194],"floor_reached":16,"playtime":692,"items_purged":["Writhe","Doubt"],"score":118,"play_id":"02d57e43-25b6-4a4b-bfe4-bdbb939dabfa","local_time":"20190422092607","is_ascension_mode":true,"campfire_choices":[{"data":"Footwork","floor":10,"key":"SMITH"},{"data":"Well Laid Plans","floor":13,"key":"SMITH"},{"floor":15,"key":"REST"}],"neow_cost":"CURSE","seed_source_timestamp":707270816153316,"circlet_count":0,"master_deck":["Defend_G","Defend_G","Defend_G","Defend_G","Defend_G","Strike_G","Strike_G","Strike_G","Strike_G","Strike_G","Survivor","Neutralize","Deadly Poison","Footwork+1","Blur","Well Laid Plans+1","Flying Knee","Dodge and Roll","Backstab"],"relics":["Ring of the Snake","Mango","Golden Idol","Sundial","Matryoshka","Lantern","Oddly Smooth Stone"],"potions_floor_usage":[8],"damage_taken":[{"damage":5,"enemies":"Small Slimes","floor":1,"turns":4},{"damage":37,"enemies":"Lagavulin","floor":6,"turns":12},{"damage":0,"enemies":"2 Louse","floor":8,"turns":3},{"damage":1,"enemies":"Cultist","floor":11,"turns":4},{"damage":0,"enemies":"Blue Slaver","floor":14,"turns":4},{"damage":62,"enemies":"Slime Boss","floor":16,"turns":16}],"seed_played":"5045534287565375253","potions_obtained":[{"floor":6,"key":"Swift Potion"},{"floor":8,"key":"FearPotion"}],"is_trial":false,"path_per_floor":["?","?","?","T"],"character_chosen":"THE_SILENT","items_purchased":["Footwork","Well Laid Plans"],"campfire_rested":1,"item_purchase_floors":[3,7],"current_hp_per_floor":[79,68,68,68,68,31,31,31,31,31,30,30,30,30,53,0],"gold":194,"neow_bonus":"ONE_RARE_RELIC","is_prod":false,"is_daily":false,"chose_seed":false,"campfire_upgraded":2,"win_rate":0,"timestamp":1555917967,"path_taken":["M","?","$","?","?","E","$","M","T","R","M","?","R","M","R","BOSS"],"build_version":"2019-01-23","purchased_purges":2,"victory":false,"max_hp_per_floor":[84,84,84,78,78,78,78,78,78,78,78,78,78,78,78,78],"card_choices":[{"not_picked":["Deflect","Prepared"],"picked":"Deadly Poison","floor":1},{"not_picked":["Concentrate","Quick Slash"],"picked":"Blur","floor":6},{"not_picked":["Bane","Deflect"],"picked":"Flying Knee","floor":8},{"not_picked":["Expertise","Slice"],"picked":"Dodge and Roll","floor":11},{"not_picked":["Dodge and Roll","Poisoned Stab"],"picked":"Backstab","floor":14}],"player_experience":136617,"relics_obtained":[{"floor":6,"key":"Sundial"},{"floor":9,"key":"Matryoshka"},{"floor":12,"key":"Lantern"},{"floor":12,"key":"Oddly Smooth Stone"}],"event_choices":[{"damage_healed":0,"gold_gain":75,"player_choice":"Gather Gold","damage_taken":11,"max_hp_gain":0,"max_hp_loss":0,"event_name":"World of Goop","floor":2,"gold_loss":0},{"damage_healed":0,"gold_gain":0,"player_choice":"Lose Max HP","damage_taken":0,"relics_obtained":["Golden Idol"],"max_hp_gain":0,"max_hp_loss":6,"event_name":"Golden Idol","floor":4,"gold_loss":0},{"damage_healed":0,"gold_gain":175,"player_choice":"AGREE","damage_taken":0,"max_hp_gain":0,"max_hp_loss":0,"event_name":"Liars Game","floor":5,"gold_loss":0,"cards_obtained":["Doubt"]}],"is_beta":false,"boss_relics":[],"items_purged_floors":[3,7],"is_endless":false,"potions_floor_spawned":[6,8],"killed_by":"Slime Boss","ascension_level":4}