{"gold_per_floor":[115,128,128,138,153,153,184,184,208,238,255,269,269,289,289,289],"floor_reached":16,"playtime":1315,"items_purged":[],"score":228,"play_id":"4f375041-82ee-4095-b79e-deada4520d86","local_time":"20190126004908","is_ascension_mode":true,"campfire_choices":[{"data":"Neutralize","floor":6,"key":"SMITH"},{"data":"Endless Agony","floor":8,"key":"SMITH"},{"data":"Choke","floor":13,"key":"SMITH"},{"data":"Night Terror","floor":15,"key":"SMITH"}],"neow_cost":"NONE","seed_source_timestamp":1314965500157275,"circlet_count":0,"master_deck":["AscendersBane","Defend_G","Defend_G","Defend_G","Defend_G","Defend_G","Strike_G","Strike_G","Strike_G","Strike_G","Strike_G","Survivor","Neutralize+1","Dagger Spray","Choke+1","Deadly Poison","Night Terror+1","Endless Agony+1","Slice","Slice","Finisher","Slice"],"relics":["Ring of the Snake","NeowsBlessing","Pear","Turnip","Vajra","Centennial Puzzle"],"potions_floor_usage":[7,7,10],"damage_taken":[{"damage":0,"enemies":"Cultist","floor":1,"turns":1},{"damage":0,"enemies":"Small Slimes","floor":2,"turns":1},{"damage":0,"enemies":"2 Louse","floor":4,"turns":1},{"damage":0,"enemies":"2 Fungi Beasts","floor":5,"turns":4},{"damage":29,"enemies":"Lagavulin","floor":7,"turns":7},{"damage":6,"enemies":"Gremlin Nob","floor":10,"turns":3},{"damage":3,"enemies":"Large Slime","floor":11,"turns":3},{"damage":0,"enemies":"Looter","floor":12,"turns":1},{"damage":0,"enemies":"Exordium Wildlife","floor":14,"turns":2},{"damage":40,"enemies":"The Guardian","floor":16,"turns":10}],"seed_played":"-7493919997892993591","potions_obtained":[{"floor":1,"key":"Energy Potion"},{"floor":5,"key":"PowerPotion"},{"floor":7,"key":"SteroidPotion"}],"is_trial":false,"path_per_floor":["M","M","T","M","M","R","E","R","T","E","M","M","R","M","R","B"],"character_chosen":"THE_SILENT","items_purchased":[],"campfire_rested":0,"item_purchase_floors":[],"current_hp_per_floor":[59,59,69,69,69,69,40,40,40,34,31,31,31,31,31,0],"gold":289,"neow_bonus":"THREE_ENEMY_KILL","is_prod":false,"is_daily":false,"chose_seed":false,"campfire_upgraded":4,"win_rate":0,"timestamp":1548460148,"path_taken":["M","M","?","M","M","R","E","R","T","E","M","M","R","M","R","BOSS"],"build_version":"2019-01-23","purchased_purges":0,"victory":false,"max_hp_per_floor":[66,66,76,76,76,76,76,76,76,76,76,76,76,76,76,76],"card_choices":[{"not_picked":["Tactician","Reflex"],"picked":"Dagger Spray","floor":1},{"not_picked":["Outmaneuver","Expertise"],"picked":"Choke","floor":2},{"not_picked":["Deflect","Prepared"],"picked":"Deadly Poison","floor":4},{"not_picked":["Poisoned Stab","Bane"],"picked":"Night Terror","floor":5},{"not_picked":["Blade Dance","Underhanded Strike"],"picked":"Endless Agony","floor":7},{"not_picked":["All Out Attack","Bane"],"picked":"Slice","floor":10},{"not_picked":["Caltrops","Acrobatics"],"picked":"Slice","floor":11},{"not_picked":["Deadly Poison","All Out Attack"],"picked":"Finisher","floor":12},{"not_picked":["Dagger Spray","Die Die Die"],"picked":"Slice","floor":14}],"player_experience":2698209,"relics_obtained":[{"floor":3,"key":"Pear"},{"floor":7,"key":"Turnip"},{"floor":9,"key":"Vajra"},{"floor":10,"key":"Centennial Puzzle"}],"event_choices":[],"is_beta":false,"boss_relics":[],"items_purged_floors":[],"is_endless":false,"potions_floor_spawned":[1,5,7],"killed_by":"The Guardian","ascension_level":20}