{"gold_per_floor":[111,36,36,49,49,49,80,95,176,208,224,224,149,149,149,223,223,240,19,87,137,154,154,187,152,178,178,198,198,215,230,230,230],"floor_reached":33,"playtime":2894,"items_purged":["Strike_B"],"score":650,"play_id":"c3693370-70b5-462e-8ff2-d0ce67722b68","local_time":"20190418181113","is_ascension_mode":true,"campfire_choices":[{"floor":6.0,"key":"REST"},{"floor":12.0,"key":"REST"},{"data":"Zap","floor":15.0,"key":"SMITH"},{"data":"Go for the Eyes","floor":23,"key":"SMITH"},{"data":"Hologram","floor":27,"key":"SMITH"},{"data":"Biased Cognition","floor":29,"key":"SMITH"},{"floor":32,"key":"REST"}],"neow_cost":"NONE","seed_source_timestamp":0,"circlet_count":0,"master_deck":["AscendersBane","Strike_B","Strike_B","Strike_B","Defend_B+1","Defend_B","Defend_B","Defend_B","Zap+1","Dualcast","Hologram+1","Chill+1","Ball Lightning","Echo Form","Chill","Melter","Redo","Biased Cognition+1","Blizzard","Conserve Battery","Undo","Go for the Eyes+1","Glacier","Streamline","Redo+1"],"special_seed":0,"relics":["Cracked Core","NeowsBlessing","PreservedInsect","Bag of Preparation","Symbiotic Virus","Art of War","SsserpentHead","Sozu","Happy Flower","Blue Candle","Ancient Tea Set","Anchor"],"potions_floor_usage":[24],"damage_taken":[{"damage":0.0,"enemies":"Jaw Worm","floor":1.0,"turns":1.0},{"damage":0.0,"enemies":"2 Louse","floor":4.0,"turns":1.0},{"damage":0.0,"enemies":"3 Sentries","floor":7.0,"turns":2.0},{"damage":0.0,"enemies":"Cultist","floor":8.0,"turns":3.0},{"damage":0.0,"enemies":"Gremlin Nob","floor":10.0,"turns":2.0},{"damage":29.0,"enemies":"Exordium Thugs","floor":11.0,"turns":4.0},{"damage":16.0,"enemies":"The Guardian","floor":16.0,"turns":11.0},{"damage":0.0,"enemies":"2 Thieves","floor":18.0,"turns":4.0},{"damage":0.0,"enemies":"3 Byrds","floor":20.0,"turns":5.0},{"damage":6,"enemies":"Snake Plant","floor":22,"turns":4},{"damage":16,"enemies":"Gremlin Leader","floor":24,"turns":6},{"damage":0,"enemies":"Snecko","floor":28,"turns":5},{"damage":7,"enemies":"Shelled Parasite and Fungi","floor":30,"turns":6},{"damage":6,"enemies":"Snake Plant","floor":31,"turns":3},{"damage":55,"enemies":"Automaton","floor":33,"turns":6}],"seed_played":"6450782869249297241","potions_obtained":[{"floor":1.0,"key":"AttackPotion"},{"floor":7.0,"key":"Dexterity Potion"},{"floor":16.0,"key":"PowerPotion"}],"is_trial":false,"path_per_floor":["M","$","?","M","?","R","E","M","T","E","M","R","$","?","R","B",null,"M","$","M","?","M","R","E","?","T","R","M","R","M","M","R","B"],"character_chosen":"DEFECT","items_purchased":["Chill","Happy Flower","Conserve Battery"],"campfire_rested":3,"item_purchase_floors":[2,19,19],"current_hp_per_floor":[64,64,43,43,17,38,38,38,38,38,9,30,30,30,30,14,57,57,57,57,57,51,51,35,35,35,35,35,35,28,22,43,0],"gold":230,"neow_bonus":"THREE_ENEMY_KILL","is_prod":false,"is_daily":false,"chose_seed":false,"campfire_upgraded":4,"win_rate":0,"timestamp":1555603873,"path_taken":["M","$","?","M","?","R","E","M","T","E","M","R","$","?","R","BOSS","M","$","?","?","M","R","E","?","T","R","M","R","M","M","R","BOSS"],"build_version":"2019-01-23","purchased_purges":1,"victory":false,"max_hp_per_floor":[71,71,71,71,71,71,71,71,71,71,71,71,71,71,71,71,71,71,71,71,71,71,71,71,71,71,71,71,71,71,71,71,71],"card_choices":[{"not_picked":["Skim","Ball Lightning"],"picked":"Hologram","floor":1.0},{"not_picked":["Aggregate","Redo"],"picked":"Ball Lightning","floor":4.0},{"not_picked":["Loop","Barrage"],"picked":"Echo Form","floor":7.0},{"not_picked":["Hello World","Steam"],"picked":"Chill","floor":8.0},{"not_picked":["Barrage","Recycle"],"picked":"Melter","floor":10.0},{"not_picked":["Sunder","Streamline"],"picked":"Redo","floor":11.0},{"not_picked":["All For One","Multi-Cast"],"picked":"Biased Cognition","floor":16.0},{"not_picked":["Storm","Recycle"],"picked":"Blizzard","floor":18.0},{"not_picked":["Lockon","Hologram"],"picked":"Undo","floor":20.0},{"not_picked":["Stack","Leap"],"picked":"Go for the Eyes","floor":22},{"not_picked":["Leap","Sweeping Beam"],"picked":"Glacier","floor":24},{"not_picked":["Conserve Battery","Stack","Undo"],"picked":"SKIP","floor":28},{"not_picked":["Rainbow","Beam Cell"],"picked":"Streamline","floor":30},{"not_picked":["Aggregate","BootSequence"],"picked":"Redo+1","floor":31}],"player_experience":3145140,"relics_obtained":[{"floor":7.0,"key":"Bag of Preparation"},{"floor":9.0,"key":"Symbiotic Virus"},{"floor":10.0,"key":"Art of War"},{"floor":24,"key":"Blue Candle"},{"floor":26,"key":"Anchor"}],"event_choices":[{"damage_healed":0.0,"max_hp_gain":0.0,"max_hp_loss":0.0,"gold_gain":0.0,"event_name":"Shining Light","player_choice":"Entered Light","floor":3.0,"gold_loss":0.0,"damage_taken":21.0,"cards_upgraded":["Defend_B","Chill"]},{"damage_healed":0.0,"max_hp_gain":0.0,"max_hp_loss":0.0,"gold_gain":0.0,"event_name":"Scrap Ooze","player_choice":"Success","floor":5.0,"gold_loss":0.0,"damage_taken":26.0,"relics_obtained":["PreservedInsect"]},{"damage_healed":0.0,"max_hp_gain":0.0,"max_hp_loss":0.0,"gold_gain":0.0,"event_name":"FaceTrader","player_choice":"Trade","floor":14.0,"gold_loss":0.0,"damage_taken":0.0,"relics_obtained":["SsserpentHead"]},{"damage_healed":0.0,"max_hp_gain":0.0,"max_hp_loss":0.0,"gold_gain":0.0,"event_name":"Vampires","player_choice":"Ignored","floor":21.0,"gold_loss":0.0,"damage_taken":0.0},{"damage_healed":0,"gold_gain":0,"player_choice":"Obtained Relic","damage_taken":0,"relics_obtained":["Ancient Tea Set"],"max_hp_gain":0,"max_hp_loss":0,"event_name":"Addict","floor":25,"gold_loss":85}],"is_beta":false,"boss_relics":[{"not_picked":["Eternal Feather","Calling Bell"],"picked":"Sozu"}],"items_purged_floors":[13],"is_endless":false,"potions_floor_spawned":[1,7,16,18,20,31],"killed_by":"Automaton","ascension_level":20}