{"gold_per_floor":[115,115,132,36,50,50,123,123,123,123,139,149,179,194,194,269,269,280,280,300,58,58],"floor_reached":22,"playtime":7305,"items_purged":[],"score":372,"play_id":"dde1c6ea-9011-4e03-9065-a782ced2dd28","local_time":"20190219151801","is_ascension_mode":true,"campfire_choices":[{"data":"Footwork","floor":6,"key":"SMITH"},{"data":"Neutralize","floor":8,"key":"SMITH"},{"data":"Panacea","floor":10,"key":"SMITH"},{"floor":15,"key":"REST"}],"neow_cost":"TEN_PERCENT_HP_LOSS","seed_source_timestamp":482923445811442,"circlet_count":0,"master_deck":["AscendersBane","Defend_G","Defend_G","Defend_G","Defend_G","Defend_G","Strike_G","Strike_G","Survivor","Neutralize+1","Footwork+1","Wraith Form v2","Deadly Poison","Panacea+1","Bane","Escape Plan","Dash","Deadly Poison","Caltrops","Venomology","Backstab+1","Dodge and Roll+1","Wraith Form v2+1","Cloak And Dagger","Night Terror","Noxious Fumes","Catalyst","Footwork","Well Laid Plans"],"relics":["Ring of the Snake","Peace Pipe","Paper Crane","The Courier","Dodecahedron","Astrolabe","NlothsMask"],"potions_floor_usage":[11,13,16,22,22,22],"damage_taken":[{"damage":3,"enemies":"2 Louse","floor":1,"turns":6},{"damage":0,"enemies":"Cultist","floor":3,"turns":5},{"damage":0,"enemies":"Jaw Worm","floor":5,"turns":5},{"damage":19,"enemies":"Exordium Thugs","floor":11,"turns":6},{"damage":0,"enemies":"Exordium Wildlife","floor":12,"turns":5},{"damage":23,"enemies":"Lagavulin","floor":13,"turns":8},{"damage":0,"enemies":"Red Slaver","floor":14,"turns":5},{"damage":18,"enemies":"The Guardian","floor":16,"turns":11},{"damage":6,"enemies":"Spheric Guardian","floor":18,"turns":11},{"damage":8,"enemies":"3 Byrds","floor":20,"turns":4},{"damage":61,"enemies":"3 Cultists","floor":22,"turns":6}],"seed_played":"6350383641969410205","potions_obtained":[{"floor":1,"key":"SteroidPotion"},{"floor":11,"key":"Regen Potion"},{"floor":13,"key":"Dexterity Potion"},{"floor":18,"key":"Weak Potion"}],"is_trial":false,"path_per_floor":["M","?","M","$","M","R","T","R","T","R","M","M","E","M","R","B",null,"M","?","M","$","M"],"character_chosen":"THE_SILENT","items_purchased":["Panacea","Noxious Fumes","Catalyst","Footwork","Well Laid Plans"],"campfire_rested":1,"item_purchase_floors":[4,21,21,21,21],"current_hp_per_floor":[56,56,56,56,56,56,56,56,56,56,37,37,29,29,47,29,52,46,46,38,38,0],"gold":58,"neow_bonus":"ONE_RARE_RELIC","is_prod":false,"is_daily":false,"chose_seed":false,"campfire_upgraded":3,"win_rate":0,"timestamp":1550585881,"path_taken":["M","?","?","$","M","R","?","R","T","R","M","M","E","M","R","BOSS","M","?","M","?","M"],"build_version":"2019-01-23","purchased_purges":0,"victory":false,"max_hp_per_floor":[60,60,60,60,60,60,60,60,60,60,60,60,60,60,60,60,60,60,60,60,60,60],"card_choices":[{"not_picked":["Blur","Blade Dance"],"picked":"Footwork","floor":1},{"not_picked":["Poisoned Stab","Underhanded Strike"],"picked":"Deadly Poison","floor":3},{"not_picked":["Reflex","Backstab"],"picked":"Bane","floor":5},{"not_picked":["Underhanded Strike","Flechettes"],"picked":"Escape Plan","floor":11},{"not_picked":["Expertise","Acrobatics"],"picked":"Dash","floor":12},{"not_picked":["Skewer","Deadly Poison","Burst"],"picked":"SKIP","floor":13},{"not_picked":["Skewer","Burst"],"picked":"Deadly Poison","floor":13},{"not_picked":["PiercingWail","Flying Knee"],"picked":"Caltrops","floor":14},{"not_picked":["Die Die Die","A Thousand Cuts"],"picked":"Venomology","floor":16},{"not_picked":["Underhanded Strike+1","Slice"],"picked":"Cloak And Dagger","floor":18},{"not_picked":["Cloak And Dagger","Riddle With Holes"],"picked":"Night Terror","floor":20}],"player_experience":2786854,"relics_obtained":[{"floor":7,"key":"Paper Crane"},{"floor":9,"key":"The Courier"},{"floor":13,"key":"Dodecahedron"}],"event_choices":[{"damage_healed":0,"gold_gain":0,"player_choice":"1 cards matched","damage_taken":0,"max_hp_gain":0,"max_hp_loss":0,"event_name":"Match and Keep!","floor":2,"gold_loss":0,"cards_obtained":["Wraith Form v2"]},{"damage_healed":0,"gold_gain":0,"player_choice":"Trade","damage_taken":0,"relics_obtained":["NlothsMask"],"max_hp_gain":0,"max_hp_loss":0,"event_name":"FaceTrader","floor":19,"gold_loss":0}],"is_beta":false,"boss_relics":[{"not_picked":["Orrery","Philosopher\u0027s Stone"],"picked":"Astrolabe"}],"items_purged_floors":[],"is_endless":false,"potions_floor_spawned":[1,11,13,18],"killed_by":"3 Cultists","ascension_level":20}