{"gold_per_floor":[210,227,207,41,59,59,90,90,90,109,126,139,139,173,173,244,274,290,44,63,63,63,63,63],"floor_reached":24,"playtime":1444,"items_purged":["Normality"],"score":371,"play_id":"fc87ba96-a3a2-4a6d-a955-a8a403c8c176","local_time":"20190509183453","is_ascension_mode":true,"campfire_choices":[{"data":"Fusion","floor":6.0,"key":"SMITH"},{"floor":8.0,"key":"REST"},{"floor":13,"key":"REST"},{"data":"Zap","floor":15,"key":"SMITH"},{"data":"1","floor":23,"key":"LIFT"}],"neow_cost":"NONE","seed_source_timestamp":214484925596942,"circlet_count":0,"master_deck":["AscendersBane","Strike_B","Strike_B","Strike_B","Strike_B","Defend_B","Defend_B","Defend_B","Defend_B","Zap+1","Dualcast","Fusion+1","Steam","Gash","Gash","Hologram","Leap","Echo Form","Hologram","Machine Learning","Parasite","Normality","Conserve Battery","Storm"],"special_seed":0,"relics":["Cracked Core","Vajra","FossilizedHelix","Unceasing Top","WingedGreaves","Calling Bell","Tiny Chest","Meat on the Bone","Girya","Bronze Scales"],"potions_floor_usage":[14,16],"damage_taken":[{"damage":1.0,"enemies":"Cultist","floor":1.0,"turns":3.0},{"damage":3.0,"enemies":"2 Louse","floor":2.0,"turns":3.0},{"damage":4.0,"enemies":"Small Slimes","floor":5.0,"turns":4.0},{"damage":40.0,"enemies":"3 Sentries","floor":7.0,"turns":8.0},{"damage":0.0,"enemies":"2 Fungi Beasts","floor":10.0,"turns":3.0},{"damage":11,"enemies":"Large Slime","floor":11,"turns":6},{"damage":0,"enemies":"Blue Slaver","floor":12,"turns":3},{"damage":7,"enemies":"Gremlin Nob","floor":14,"turns":4},{"damage":2,"enemies":"The Guardian","floor":16,"turns":10},{"damage":38,"enemies":"3 Byrds","floor":18,"turns":7},{"damage":17,"enemies":"Shell Parasite","floor":20,"turns":7},{"damage":37,"enemies":"Shelled Parasite and Fungi","floor":24,"turns":4}],"seed_played":"1181206183780209528","potions_obtained":[{"floor":1.0,"key":"PowerPotion"},{"floor":2.0,"key":"Fruit Juice"},{"floor":3.0,"key":"Fire Potion"},{"floor":5.0,"key":"Strength Potion"},{"floor":12,"key":"AttackPotion"},{"floor":14,"key":"PowerPotion"},{"floor":20,"key":"PowerPotion"}],"is_trial":false,"path_per_floor":["M","M","?","$","M","R","E","R","T","M","M","M","R","E","R","B",null,"M","$","M","?","?","R","M"],"character_chosen":"DEFECT","items_purchased":["Vajra","Bronze Scales"],"campfire_rested":2,"item_purchase_floors":[4,19],"current_hp_per_floor":[63,60,60,60,61,61,21,43,43,43,32,32,54,47,47,45,68,42,42,37,37,37,37,0],"gold":63,"neow_bonus":"HUNDRED_GOLD","is_prod":false,"is_daily":false,"chose_seed":false,"campfire_upgraded":2,"win_rate":0,"timestamp":1557452093,"path_taken":["M","?","?","$","M","R","E","R","T","M","?","?","R","E","R","BOSS","M","$","M","?","?","R","M"],"build_version":"2019-01-23","purchased_purges":1,"victory":false,"max_hp_per_floor":[71,71,71,71,76,76,76,76,76,76,76,76,76,76,76,76,76,76,76,76,76,76,76,76],"card_choices":[{"not_picked":["Steam","Compile Driver"],"picked":"Fusion","floor":1.0},{"not_picked":["Lockon","Blizzard"],"picked":"Steam","floor":2.0},{"not_picked":["Steam","Ball Lightning"],"picked":"Gash","floor":5.0},{"not_picked":["Rip and Tear","Undo"],"picked":"Gash","floor":7.0},{"not_picked":["Compile Driver","Barrage"],"picked":"Hologram","floor":10.0},{"not_picked":["Barrage","Doom and Gloom"],"picked":"Leap","floor":11},{"not_picked":["Capacitor","Steam"],"picked":"Echo Form","floor":12},{"not_picked":["Aggregate","Consume"],"picked":"Hologram","floor":14},{"not_picked":["Rainbow","Biased Cognition"],"picked":"Machine Learning","floor":16},{"not_picked":["Static Discharge","Streamline"],"picked":"Conserve Battery","floor":18},{"not_picked":["Double Energy+1","Heatsinks+1"],"picked":"Storm","floor":20}],"player_experience":664208,"relics_obtained":[{"floor":7.0,"key":"FossilizedHelix"},{"floor":9.0,"key":"Unceasing Top"},{"floor":14,"key":"WingedGreaves"},{"floor":17,"key":"Tiny Chest"},{"floor":17,"key":"Meat on the Bone"},{"floor":17,"key":"Girya"}],"event_choices":[{"damage_healed":0.0,"max_hp_gain":0.0,"max_hp_loss":0.0,"gold_gain":0.0,"event_name":"The Woman in Blue","player_choice":"Bought 1 Potion","floor":3.0,"gold_loss":0.0,"damage_taken":0.0},{"damage_healed":0,"gold_gain":0,"player_choice":"Ignored","damage_taken":0,"max_hp_gain":0,"max_hp_loss":0,"event_name":"The Mausoleum","floor":21,"gold_loss":0},{"damage_healed":0,"gold_gain":0,"player_choice":"Ignored","damage_taken":0,"max_hp_gain":0,"max_hp_loss":0,"event_name":"Vampires","floor":22,"gold_loss":0}],"is_beta":false,"boss_relics":[{"not_picked":["Inserter","Busted Crown"],"picked":"Calling Bell"}],"items_purged_floors":[19],"is_endless":false,"potions_floor_spawned":[1,2,5,12,14,20],"killed_by":"Shelled Parasite and Fungi","ascension_level":16}