{"gold_per_floor":[113,113,113,113,132,163,163,193,247,247,247,265,265,38,38,142,142,160,10,10,28,48,48,68,99,125,125,125,156,256,270,270,365,365,375,266,281,281,293,293,312,312,312,312,339,358,358,376,376,376],"floor_reached":50,"playtime":4260,"items_purged":["Pain"],"score":869,"play_id":"ed336da0-5a6b-44da-bc20-cd7fb4104bf7","local_time":"20190324230950","is_ascension_mode":true,"campfire_choices":[{"data":"Conserve Battery","floor":7.0,"key":"SMITH"},{"data":"Conserve Battery","floor":11.0,"key":"SMITH"},{"data":"Cold Snap","floor":13.0,"key":"SMITH"},{"data":"Undo","floor":15.0,"key":"SMITH"},{"data":"Chaos","floor":23.0,"key":"SMITH"},{"floor":27.0,"key":"REST"},{"data":"Buffer","floor":32.0,"key":"SMITH"},{"data":"Biased Cognition","floor":40.0,"key":"SMITH"},{"data":"Blizzard","floor":42.0,"key":"SMITH"},{"data":"Beam Cell","floor":47.0,"key":"SMITH"},{"floor":49.0,"key":"REST"}],"neow_cost":"NONE","seed_source_timestamp":215801509911157,"circlet_count":0,"master_deck":["AscendersBane","Zap+1","Dualcast+1","Conserve Battery+1","Conserve Battery+1","Chill","Cold Snap+1","Gash","Undo+1","Chaos+1","Compile Driver","Glacier","Fusion+1","Glacier","Biased Cognition+1","Rebound+1","Sunder+1","Cold Snap","Cold Snap","Ball Lightning","Chaos+1","Leap+1","Fission+1","Melter","Blizzard+1","Conserve Battery+1","Hologram+1","Skim+1","Beam Cell+1","Core Surge","Rebound"],"special_seed":0,"relics":["Cracked Core","NeowsBlessing","Sundial","Oddly Smooth Stone","Gremlin Horn","Pen Nib","Lee\u0027s Waffle","Pandora\u0027s Box","War Paint","WarpedTongs","Omamori","Strawberry","Toxic Egg 2","Nuclear Battery","Art of War","Gambling Chip"],"potions_floor_usage":[50,50],"damage_taken":[{"damage":0.0,"enemies":"Small Slimes","floor":1.0,"turns":1.0},{"damage":0.0,"enemies":"Jaw Worm","floor":5.0,"turns":1.0},{"damage":0.0,"enemies":"3 Sentries","floor":6.0,"turns":1.0},{"damage":15.0,"enemies":"Lagavulin","floor":8.0,"turns":7.0},{"damage":0.0,"enemies":"Cultist","floor":12.0,"turns":3.0},{"damage":8.0,"enemies":"The Guardian","floor":16.0,"turns":12.0},{"damage":0.0,"enemies":"Spheric Guardian","floor":18.0,"turns":7.0},{"damage":17.0,"enemies":"3 Byrds","floor":21.0,"turns":7.0},{"damage":6.0,"enemies":"3 Cultists","floor":22.0,"turns":5.0},{"damage":10.0,"enemies":"Snake Plant","floor":24.0,"turns":5.0},{"damage":16.0,"enemies":"Gremlin Leader","floor":25.0,"turns":7.0},{"damage":19.0,"enemies":"Slavers","floor":29.0,"turns":6.0},{"damage":4.0,"enemies":"Shelled Parasite and Fungi","floor":31.0,"turns":5.0},{"damage":54.0,"enemies":"Collector","floor":33.0,"turns":18.0},{"damage":0.0,"enemies":"Orb Walker","floor":35.0,"turns":3.0},{"damage":0.0,"enemies":"3 Darklings","floor":37.0,"turns":6.0},{"damage":21.0,"enemies":"Transient","floor":39.0,"turns":5.0},{"damage":10.0,"enemies":"Writhing Mass","floor":41.0,"turns":7.0},{"damage":14.0,"enemies":"Nemesis","floor":45.0,"turns":11.0},{"damage":0.0,"enemies":"4 Shapes","floor":46.0,"turns":5.0},{"damage":5.0,"enemies":"Spire Growth","floor":48.0,"turns":5.0},{"damage":89,"enemies":"Time Eater","floor":50,"turns":13}],"seed_played":"-8526474179690931975","potions_obtained":[{"floor":12.0,"key":"PowerPotion"},{"floor":16.0,"key":"AttackPotion"},{"floor":21.0,"key":"Explosive Potion"},{"floor":22.0,"key":"Energy Potion"},{"floor":29.0,"key":"Poison Potion"},{"floor":37.0,"key":"Strength Potion"},{"floor":39.0,"key":"PowerPotion"},{"floor":46.0,"key":"FocusPotion"}],"is_trial":false,"path_per_floor":["M","?","?","T","M","E","R","E","T","?","R","M","R","$","R","B",null,"M","$","?","M","M","R","M","E","T","R","?","E","?","M","R","B",null,"M","$","M","?","M","R","M","R","T","?","E","M","R","M","R","B"],"character_chosen":"DEFECT","items_purchased":["Lee\u0027s Waffle","Undo","War Paint","Blizzard"],"campfire_rested":2,"item_purchase_floors":[14,14,19,36],"current_hp_per_floor":[68,61,46,46,46,46,46,31,31,31,31,31,31,82,82,74,80,80,80,80,63,57,57,47,31,38,64,89,70,70,66,66,12,70,70,70,70,70,49,49,39,39,39,78,64,64,64,59,78,0],"gold":376,"neow_bonus":"THREE_ENEMY_KILL","is_prod":false,"is_daily":false,"chose_seed":false,"campfire_upgraded":9,"win_rate":0,"timestamp":1553494190,"path_taken":["M","?","?","?","?","E","R","E","T","?","R","M","R","$","R","BOSS","M","?","?","M","?","R","M","E","T","R","?","E","?","?","R","BOSS","M","$","M","?","M","R","M","R","T","?","E","M","R","M","R","BOSS"],"build_version":"2019-01-23","purchased_purges":1,"victory":false,"max_hp_per_floor":[75,75,75,75,75,75,75,75,75,75,75,75,75,82,82,82,82,82,82,82,82,82,82,82,82,89,89,89,89,89,89,89,89,89,89,89,89,89,89,89,89,89,89,78,78,78,78,78,78,78],"card_choices":[{"not_picked":["Barrage","Ball Lightning"],"picked":"Conserve Battery","floor":1.0},{"not_picked":["Cold Snap","Hologram"],"picked":"Conserve Battery","floor":5.0},{"not_picked":["Beam Cell","Auto Shields"],"picked":"Chill","floor":6.0},{"not_picked":["Skim","Force Field"],"picked":"Cold Snap","floor":8.0},{"not_picked":["Fusion","Force Field"],"picked":"Gash","floor":12.0},{"not_picked":["Meteor Strike","Biased Cognition"],"picked":"Buffer","floor":16.0},{"not_picked":["Hologram","Sweeping Beam"],"picked":"Rebound+1","floor":18.0},{"not_picked":["Leap","Consume"],"picked":"Sunder+1","floor":21.0},{"not_picked":["Coolheaded","Beam Cell"],"picked":"Cold Snap","floor":22.0},{"not_picked":["Redo","Rip and Tear"],"picked":"Cold Snap","floor":24.0},{"not_picked":["Recycle","Chaos"],"picked":"Ball Lightning","floor":25.0},{"not_picked":["Skim","Hello World"],"picked":"Chaos","floor":29.0},{"not_picked":["Ball Lightning","Thunder Strike"],"picked":"Leap+1","floor":31.0},{"not_picked":["All For One","Buffer"],"picked":"Fission+1","floor":33.0},{"not_picked":["Genetic Algorithm+1","Recycle+1"],"picked":"Melter","floor":35.0},{"not_picked":["Sweeping Beam","Reprogram+1"],"picked":"Conserve Battery+1","floor":37.0},{"not_picked":["Genetic Algorithm+1","Tempest+1"],"picked":"Hologram+1","floor":39.0},{"not_picked":["Heatsinks","Turbo+1"],"picked":"Skim+1","floor":41.0},{"not_picked":["Self Repair","Genetic Algorithm+1"],"picked":"Beam Cell","floor":45.0},{"not_picked":["Conserve Battery+1","Turbo+1"],"picked":"Core Surge","floor":46.0},{"not_picked":["Genetic Algorithm+1","Compile Driver"],"picked":"Rebound","floor":48.0}],"player_experience":542378,"relics_obtained":[{"floor":4.0,"key":"Sundial"},{"floor":6.0,"key":"Oddly Smooth Stone"},{"floor":8.0,"key":"Gremlin Horn"},{"floor":9.0,"key":"Pen Nib"},{"floor":25.0,"key":"Omamori"},{"floor":26.0,"key":"Strawberry"},{"floor":29.0,"key":"Toxic Egg 2"},{"floor":43.0,"key":"Art of War"},{"floor":45.0,"key":"Gambling Chip"}],"event_choices":[{"cards_removed":["Strike_B"],"damage_healed":0.0,"max_hp_gain":0.0,"max_hp_loss":0.0,"gold_gain":0.0,"event_name":"Golden Wing","player_choice":"Card Removal","floor":2.0,"gold_loss":0.0,"damage_taken":7.0},{"damage_healed":0.0,"max_hp_gain":0.0,"max_hp_loss":0.0,"gold_gain":0.0,"event_name":"Shining Light","player_choice":"Entered Light","floor":3.0,"gold_loss":0.0,"damage_taken":15.0,"cards_upgraded":["Zap","Strike_B"]},{"cards_removed":["Defend_B"],"damage_healed":0.0,"max_hp_gain":0.0,"max_hp_loss":0.0,"gold_gain":0.0,"event_name":"Purifier","player_choice":"Purged","floor":10.0,"gold_loss":0.0,"damage_taken":0.0},{"damage_healed":0.0,"max_hp_gain":0.0,"max_hp_loss":0.0,"gold_gain":0.0,"event_name":"Accursed Blacksmith","player_choice":"Rummage","floor":20.0,"gold_loss":0.0,"damage_taken":0.0,"relics_obtained":["WarpedTongs"],"cards_obtained":["Pain"]},{"damage_healed":29.0,"max_hp_gain":0.0,"max_hp_loss":0.0,"gold_gain":0.0,"event_name":"The Library","player_choice":"Heal","floor":28.0,"gold_loss":0.0,"damage_taken":0.0},{"damage_healed":0.0,"max_hp_gain":0.0,"max_hp_loss":0.0,"gold_gain":100.0,"event_name":"Golden Shrine","player_choice":"Pray","floor":30.0,"gold_loss":0.0,"damage_taken":0.0},{"cards_removed":["Buffer"],"damage_healed":0.0,"max_hp_gain":0.0,"max_hp_loss":0.0,"gold_gain":0.0,"event_name":"Falling","player_choice":"Removed Power","floor":38.0,"gold_loss":0.0,"damage_taken":0.0},{"damage_healed":78.0,"max_hp_gain":0.0,"max_hp_loss":11.0,"gold_gain":0.0,"event_name":"The Moai Head","player_choice":"Heal","floor":44.0,"gold_loss":0.0,"damage_taken":0.0}],"is_beta":false,"boss_relics":[{"not_picked":["Coffee Dripper","Snecko Eye"],"picked":"Pandora\u0027s Box"},{"not_picked":["FrozenCore","White Beast Statue"],"picked":"Nuclear Battery"}],"items_purged_floors":[36],"is_endless":false,"potions_floor_spawned":[12,16,21,22,29,37,39,46,48],"killed_by":"Time Eater","ascension_level":12}