{"gold_per_floor":[109,184,184,69,69,100,100,132,156,38,38,38,48,67,67,142,142,154,154,38,55,87,114,124,124,124,41,53,1,1,16,16,89,89,109,331,331,331,345,345],"floor_reached":40,"playtime":3227,"items_purged":["Strike_G"],"score":1095,"play_id":"687a8ab2-0d6a-44d3-8920-105f5610a57e","local_time":"20190310061849","is_ascension_mode":true,"campfire_choices":[{"data":"Catalyst","floor":7,"key":"SMITH"},{"data":"Noxious Fumes","floor":12,"key":"SMITH"},{"data":"Well Laid Plans","floor":15,"key":"SMITH"},{"floor":25,"key":"REST"},{"data":"Catalyst","floor":30,"key":"SMITH"},{"floor":32,"key":"REST"}],"neow_cost":"NONE","seed_source_timestamp":323164860220342,"circlet_count":0,"master_deck":["AscendersBane","Defend_G","Defend_G+1","Defend_G","Defend_G+1","Defend_G","Strike_G","Strike_G","Survivor","Neutralize","Deadly Poison","Noxious Fumes+1","Dash","Catalyst+1","Footwork","Crippling Poison","Well Laid Plans+1","Deadly Poison","Malaise","Deadly Poison+1","Necronomicurse","Calculated Gamble","Deflect","Backflip","Well Laid Plans+1","Dash","Decay","Catalyst+1","Envenom","PiercingWail","Tools of the Trade","PiercingWail+1","PiercingWail","Outmaneuver+1","Acrobatics","Panacea"],"relics":["Ring of the Snake","NeowsBlessing","Blood Vial","War Paint","Pen Nib","Centennial Puzzle","Cursed Key","Necronomicon","Red Mask","Unceasing Top","Orrery"],"potions_floor_usage":[16,16,21,22,40],"damage_taken":[{"damage":0,"enemies":"Jaw Worm","floor":1,"turns":1},{"damage":0,"enemies":"Lagavulin","floor":6,"turns":1},{"damage":0,"enemies":"Gremlin Nob","floor":8,"turns":1},{"damage":0,"enemies":"2 Louse","floor":13,"turns":2},{"damage":0,"enemies":"Cultist","floor":14,"turns":3},{"damage":0,"enemies":"Slime Boss","floor":16,"turns":5},{"damage":0,"enemies":"Chosen","floor":18,"turns":5},{"damage":3,"enemies":"Shell Parasite","floor":21,"turns":4},{"damage":32,"enemies":"Masked Bandits","floor":22,"turns":5},{"damage":36,"enemies":"Slavers","floor":23,"turns":7},{"damage":1,"enemies":"Centurion and Healer","floor":24,"turns":7},{"damage":0,"enemies":"Cultist and Chosen","floor":28,"turns":6},{"damage":11,"enemies":"Snake Plant","floor":31,"turns":4},{"damage":22,"enemies":"Automaton","floor":33,"turns":8},{"damage":0,"enemies":"3 Shapes","floor":35,"turns":5},{"damage":28,"enemies":"Orb Walker","floor":39,"turns":4},{"damage":26,"enemies":"Nemesis","floor":40,"turns":6}],"seed_played":"-5783644700253873181","potions_obtained":[{"floor":13,"key":"Strength Potion"},{"floor":14,"key":"GhostInAJar"},{"floor":18,"key":"Regen Potion"},{"floor":21,"key":"Regen Potion"},{"floor":24,"key":"EssenceOfSteel"},{"floor":28,"key":"Ancient Potion"},{"floor":31,"key":"Energy Potion"}],"is_trial":false,"path_per_floor":["M","?","?","$","T","E","R","E","T","$","?","R","M","M","R","B",null,"M","?","$","M","?","E","M","R","T","$","M","$","R","M","R","B",null,"M","?","?","?","M","E"],"character_chosen":"THE_SILENT","items_purchased":["Noxious Fumes","Dash","Footwork","Crippling Poison","Calculated Gamble","Catalyst","PiercingWail"],"campfire_rested":2,"item_purchase_floors":[4,4,10,10,20,27,29],"current_hp_per_floor":[59,48,41,41,41,43,43,45,45,45,45,45,47,49,49,51,62,64,43,43,56,40,6,7,26,26,26,28,28,28,19,38,18,54,56,56,46,46,20,0],"gold":345,"neow_bonus":"THREE_ENEMY_KILL","is_prod":false,"is_daily":false,"chose_seed":false,"campfire_upgraded":4,"win_rate":0,"timestamp":1552195129,"path_taken":["M","?","?","$","?","E","R","E","T","$","?","R","?","M","R","BOSS","M","?","$","M","?","E","?","R","T","$","M","?","R","?","R","BOSS","M","?","?","?","M","E"],"build_version":"2019-01-23","purchased_purges":1,"victory":false,"max_hp_per_floor":[66,66,66,66,66,66,66,66,66,66,66,66,66,66,66,66,66,66,66,66,66,66,66,66,66,66,66,66,66,66,66,66,66,66,66,66,66,66,66,66],"card_choices":[{"not_picked":["Dodge and Roll","Finisher"],"picked":"Deadly Poison","floor":1},{"not_picked":["Dagger Throw","Blur"],"picked":"Catalyst","floor":6},{"not_picked":["Dagger Throw","Skewer","Eviscerate"],"picked":"SKIP","floor":8},{"not_picked":["Dagger Throw","Outmaneuver"],"picked":"Well Laid Plans","floor":13},{"not_picked":["Dagger Spray","Cloak And Dagger"],"picked":"Deadly Poison","floor":14},{"not_picked":["Grand Finale","Doppelganger"],"picked":"Malaise","floor":16},{"not_picked":["Terror","Blade Dance+1"],"picked":"Deadly Poison+1","floor":18},{"not_picked":["Well Laid Plans","Skewer"],"picked":"Deflect","floor":21},{"not_picked":["PiercingWail","Slice"],"picked":"Backflip","floor":22},{"not_picked":["Heel Hook","Skewer"],"picked":"Well Laid Plans+1","floor":23},{"not_picked":["Predator","All Out Attack+1"],"picked":"Dash","floor":24},{"not_picked":["Acrobatics","Underhanded Strike"],"picked":"Envenom","floor":28},{"not_picked":["Endless Agony+1","Bane","Crippling Poison"],"picked":"SKIP","floor":31},{"not_picked":["Envenom","Night Terror"],"picked":"Tools of the Trade","floor":33},{"not_picked":["Prepared","Quick Slash"],"picked":"PiercingWail+1","floor":34},{"not_picked":["Acrobatics","Underhanded Strike"],"picked":"PiercingWail","floor":34},{"not_picked":["Expertise","Reflex"],"picked":"Outmaneuver+1","floor":34},{"not_picked":["Slice","Quick Slash"],"picked":"Acrobatics","floor":35},{"not_picked":["Impatience","Finesse"],"picked":"Panacea","floor":37},{"not_picked":["Masterful Stab","Prepared","Heel Hook"],"picked":"SKIP","floor":39}],"player_experience":2883192,"relics_obtained":[{"floor":5,"key":"Blood Vial"},{"floor":6,"key":"War Paint"},{"floor":8,"key":"Pen Nib"},{"floor":9,"key":"Centennial Puzzle"},{"floor":19,"key":"Necronomicon"},{"floor":22,"key":"Red Mask"},{"floor":23,"key":"Unceasing Top"}],"event_choices":[{"damage_healed":0,"gold_gain":75,"player_choice":"Gather Gold","damage_taken":11,"max_hp_gain":0,"max_hp_loss":0,"event_name":"World of Goop","floor":2,"gold_loss":0},{"cards_removed":["Strike_G"],"damage_healed":0,"gold_gain":0,"player_choice":"Card Removal","damage_taken":7,"max_hp_gain":0,"max_hp_loss":0,"event_name":"Golden Wing","floor":3,"gold_loss":0},{"cards_removed":["Strike_G"],"damage_healed":0,"gold_gain":0,"player_choice":"Purged","damage_taken":0,"max_hp_gain":0,"max_hp_loss":0,"event_name":"Purifier","floor":11,"gold_loss":0},{"damage_healed":0,"gold_gain":0,"player_choice":"Obtained Book","damage_taken":21,"max_hp_gain":0,"max_hp_loss":0,"event_name":"Cursed Tome","floor":19,"gold_loss":0},{"damage_healed":0,"gold_gain":0,"player_choice":"Fought Bandits","damage_taken":0,"max_hp_gain":0,"max_hp_loss":0,"event_name":"Masked Bandits","floor":22,"gold_loss":0},{"damage_healed":0,"gold_gain":222,"player_choice":"Wore Mask","damage_taken":0,"max_hp_gain":0,"max_hp_loss":0,"event_name":"Tomb of Lord Red Mask","floor":36,"gold_loss":0},{"damage_healed":0,"gold_gain":0,"player_choice":"Memory 3","damage_taken":10,"max_hp_gain":0,"max_hp_loss":0,"event_name":"SensoryStone","floor":37,"gold_loss":0},{"damage_healed":0,"gold_gain":0,"player_choice":"Leave","damage_taken":0,"max_hp_gain":0,"max_hp_loss":0,"event_name":"FaceTrader","floor":38,"gold_loss":0}],"is_beta":false,"boss_relics":[{"not_picked":["Calling Bell","HoveringKite"],"picked":"Cursed Key"},{"not_picked":["Velvet Choker","Runic Pyramid"],"picked":"Orrery"}],"items_purged_floors":[20],"is_endless":false,"potions_floor_spawned":[13,14,18,21,24,28,31],"killed_by":"Nemesis","ascension_level":20}