{"gold_per_floor":[110,122,134,152,166,166,193,248,301,301,301,313,333,349,349,428,428,439,364,0,20,40,70,70,96,119,119,119,129,157,172,172,250,300,320,332,15,25,42,42,56,56,81,109,128,128,128,28,28,28,28,28,28,0,34,34],"floor_reached":56,"playtime":8340,"items_purged":["Strike_G","Strike_G"],"score":2236,"play_id":"eac16db1-7ead-4af1-bc0e-5a0a5a10a6df","local_time":"20190331031401","is_ascension_mode":true,"campfire_choices":[{"data":"Footwork","floor":6,"key":"SMITH"},{"floor":10,"key":"REST"},{"floor":15,"key":"REST"},{"data":"Catalyst","floor":24,"key":"SMITH"},{"floor":27,"key":"REST"},{"data":"Neutralize","floor":32,"key":"SMITH"},{"floor":40,"key":"REST"},{"floor":42,"key":"REST"},{"floor":47,"key":"REST"},{"floor":49,"key":"RECALL"},{"data":"Apotheosis","floor":53,"key":"SMITH"}],"neow_cost":"TEN_PERCENT_HP_LOSS","seed_source_timestamp":271387272426569,"circlet_count":0,"master_deck":["AscendersBane","Defend_G","Defend_G","Defend_G","Defend_G","Defend_G","Strike_G+1","Survivor","Neutralize+1","Deadly Poison+1","Deadly Poison","Leg Sweep","Footwork+1","Deadly Poison","PiercingWail","Footwork+1","Tools of the Trade+1","Envenom+1","Poisoned Stab+1","Noxious Fumes+1","Bouncing Flask","Catalyst+1","Cloak And Dagger","After Image+1","Prepared+1","Tools of the Trade+1","Footwork+1","Adrenaline","Footwork+1","Noxious Fumes+1","Well Laid Plans+1","Apotheosis+1","Blur","Escape Plan","Backflip","Noxious Fumes+1","Writhe","PiercingWail","Calculated Gamble"],"relics":["Ring of the Snake","The Specimen","Bag of Preparation","Frozen Egg 2","Lantern","Sozu","Blood Vial","PreservedInsect","Mercury Hourglass","Strawberry","Bottled Flame","Tiny House","Snake Skull","Whetstone"],"potions_floor_usage":[4,7,7,16,51],"damage_taken":[{"damage":3,"enemies":"Small Slimes","floor":1,"turns":6},{"damage":0,"enemies":"2 Louse","floor":2,"turns":3},{"damage":0,"enemies":"Jaw Worm","floor":3,"turns":5},{"damage":20,"enemies":"Large Slime","floor":4,"turns":9},{"damage":1,"enemies":"3 Louse","floor":5,"turns":7},{"damage":9,"enemies":"Lagavulin","floor":7,"turns":6},{"damage":25,"enemies":"Lagavulin Event","floor":8,"turns":6},{"damage":5,"enemies":"Exordium Wildlife","floor":12,"turns":7},{"damage":0,"enemies":"Blue Slaver","floor":13,"turns":4},{"damage":0,"enemies":"Looter","floor":14,"turns":4},{"damage":0,"enemies":"Hexaghost","floor":16,"turns":10},{"damage":7,"enemies":"Chosen","floor":18,"turns":6},{"damage":0,"enemies":"Spheric Guardian","floor":21,"turns":3},{"damage":8,"enemies":"Snake Plant","floor":22,"turns":5},{"damage":4,"enemies":"Book of Stabbing","floor":23,"turns":6},{"damage":24,"enemies":"Slavers","floor":25,"turns":5},{"damage":0,"enemies":"Centurion and Healer","floor":29,"turns":5},{"damage":0,"enemies":"Gremlin Leader","floor":30,"turns":5},{"damage":0,"enemies":"Sentry and Sphere","floor":31,"turns":5},{"damage":0,"enemies":"Champ","floor":33,"turns":7},{"damage":7,"enemies":"Orb Walker","floor":35,"turns":4},{"damage":12,"enemies":"3 Darklings","floor":36,"turns":7},{"damage":12,"enemies":"Transient","floor":38,"turns":6},{"damage":21,"enemies":"Sphere and 2 Shapes","floor":39,"turns":6},{"damage":46,"enemies":"3 Darklings","floor":41,"turns":8},{"damage":0,"enemies":"Giant Head","floor":44,"turns":7},{"damage":0,"enemies":"Maw","floor":45,"turns":5},{"damage":1,"enemies":"Time Eater","floor":50,"turns":12},{"damage":11,"enemies":"Donu and Deca","floor":51,"turns":11},{"damage":67,"enemies":"Shield and Spear","floor":55,"turns":7},{"damage":5,"enemies":"The Heart","floor":56,"turns":2}],"seed_played":"-7544290232166697769","potions_obtained":[{"floor":1,"key":"AttackPotion"},{"floor":2,"key":"Energy Potion"},{"floor":4,"key":"Block Potion"},{"floor":12,"key":"Ancient Potion"},{"floor":13,"key":"SpeedPotion"},{"floor":14,"key":"EssenceOfSteel"}],"is_trial":false,"path_per_floor":["M","M","M","M","M","R","E","?","T","R","?","M","M","M","R","B",null,"M","?","$","M","M","E","R","E","T","R","?","M","E","M","R","B",null,"M","M","$","M","M","R","M","R","T","E","M","?","R","$","R","B","B",null,"R","$","E","B"],"character_chosen":"THE_SILENT","items_purchased":["Noxious Fumes+1","Blood Vial","Bouncing Flask","Well Laid Plans+1","Apotheosis","Blur","PiercingWail"],"campfire_rested":6,"item_purchase_floors":[20,20,20,37,37,37,54],"current_hp_per_floor":[56,56,56,36,35,35,26,1,1,19,12,7,7,7,25,25,51,44,44,44,46,40,38,38,16,23,43,43,45,47,49,49,51,68,63,53,53,43,24,45,1,22,22,24,26,40,61,61,61,62,53,67,67,67,2,0],"gold":34,"neow_bonus":"ONE_RARE_RELIC","is_prod":false,"is_daily":false,"chose_seed":false,"campfire_upgraded":4,"win_rate":0,"timestamp":1553994841,"path_taken":["M","M","M","M","M","R","E","?","T","R","?","M","M","M","R","BOSS","M","?","$","M","M","E","R","E","T","R","?","M","E","M","R","BOSS","M","M","$","M","M","R","M","R","T","E","M","?","R","$","R","BOSS","BOSS","R","$","E","BOSS"],"build_version":"2019-01-23","purchased_purges":2,"victory":false,"max_hp_per_floor":[60,60,60,60,60,60,60,60,60,60,60,60,60,60,60,60,60,60,60,60,60,60,60,60,60,67,67,67,67,67,67,67,67,72,72,72,72,72,72,72,72,72,72,72,72,72,72,72,72,72,72,72,72,72,72,72],"card_choices":[{"not_picked":["Escape Plan","Catalyst"],"picked":"Deadly Poison","floor":1},{"not_picked":["Prepared","Backstab"],"picked":"Deadly Poison","floor":2},{"not_picked":["Tactician","Predator"],"picked":"Leg Sweep","floor":3},{"not_picked":["Predator","Deadly Poison"],"picked":"Footwork","floor":4},{"not_picked":["PiercingWail","Backflip"],"picked":"Deadly Poison","floor":5},{"not_picked":["Bane","Flying Knee","Slice"],"picked":"SKIP","floor":7},{"not_picked":["Deadly Poison","Slice"],"picked":"PiercingWail","floor":8},{"not_picked":["Eviscerate","Accuracy+1"],"picked":"Footwork+1","floor":12},{"not_picked":["Dagger Throw","Terror","Finisher"],"picked":"SKIP","floor":13},{"not_picked":["Flying Knee","Deadly Poison"],"picked":"Tools of the Trade+1","floor":14},{"not_picked":["Phantasmal Killer","Venomology"],"picked":"Envenom+1","floor":16},{"not_picked":["Backflip","Endless Agony"],"picked":"Poisoned Stab","floor":18},{"not_picked":["Prepared","Blade Dance"],"picked":"Catalyst","floor":21},{"not_picked":["Poisoned Stab","Outmaneuver"],"picked":"Cloak And Dagger","floor":22},{"not_picked":["All Out Attack","Finisher+1"],"picked":"After Image+1","floor":23},{"not_picked":["Poisoned Stab","Blade Dance"],"picked":"Prepared+1","floor":25},{"not_picked":["Expertise+1","Endless Agony"],"picked":"Tools of the Trade+1","floor":29},{"not_picked":["Slice","Outmaneuver"],"picked":"Footwork+1","floor":30},{"not_picked":["Bane","Underhanded Strike","Eviscerate"],"picked":"SKIP","floor":31},{"not_picked":["Grand Finale","Die Die Die"],"picked":"Adrenaline","floor":33},{"not_picked":["Concentrate","Deflect"],"picked":"Footwork+1","floor":34},{"not_picked":["Blur","Backflip+1"],"picked":"Noxious Fumes+1","floor":35},{"not_picked":["Infinite Blades+1","Distraction","Quick Slash+1"],"picked":"SKIP","floor":36},{"not_picked":["Dagger Throw","Poisoned Stab","Sucker Punch"],"picked":"SKIP","floor":38},{"not_picked":["Bouncing Flask","Cloak And Dagger+1","Prepared"],"picked":"SKIP","floor":39},{"not_picked":["Dagger Spray","Flying Knee"],"picked":"Escape Plan","floor":41},{"not_picked":["Dagger Throw","Deadly Poison+1"],"picked":"Backflip","floor":44},{"not_picked":["Poisoned Stab","Skewer"],"picked":"Noxious Fumes+1","floor":45},{"not_picked":["Eviscerate","Cloak And Dagger"],"picked":"Calculated Gamble","floor":55}],"player_experience":2996679,"relics_obtained":[{"floor":7,"key":"Bag of Preparation"},{"floor":8,"key":"Frozen Egg 2"},{"floor":9,"key":"Lantern"},{"floor":23,"key":"PreservedInsect"},{"floor":25,"key":"Mercury Hourglass"},{"floor":26,"key":"Strawberry"},{"floor":30,"key":"Bottled Flame"},{"floor":44,"key":"Snake Skull"},{"floor":55,"key":"Whetstone"}],"event_choices":[{"damage_healed":0,"gold_gain":0,"player_choice":"Searched \u00271\u0027 times","damage_taken":0,"max_hp_gain":0,"max_hp_loss":0,"event_name":"Dead Adventurer","floor":8,"gold_loss":0},{"cards_removed":["Strike_G"],"damage_healed":0,"gold_gain":0,"player_choice":"Card Removal","damage_taken":7,"max_hp_gain":0,"max_hp_loss":0,"event_name":"Golden Wing","floor":11,"gold_loss":0},{"cards_removed":["Strike_G"],"damage_healed":0,"gold_gain":0,"player_choice":"Gave Gold","damage_taken":0,"max_hp_gain":0,"max_hp_loss":0,"event_name":"Beggar","floor":19,"gold_loss":75},{"damage_healed":0,"gold_gain":0,"player_choice":"Ignored","damage_taken":0,"max_hp_gain":0,"max_hp_loss":0,"event_name":"Vampires","floor":28,"gold_loss":0},{"damage_healed":14,"gold_gain":0,"player_choice":"Writhe","damage_taken":0,"max_hp_gain":0,"max_hp_loss":0,"event_name":"Winding Halls","floor":46,"gold_loss":0,"cards_obtained":["Writhe"]}],"is_beta":false,"boss_relics":[{"not_picked":["Coffee Dripper","Fusion Hammer"],"picked":"Sozu"},{"not_picked":["White Beast Statue","Runic Dome"],"picked":"Tiny House"}],"items_purged_floors":[20,48],"is_endless":false,"potions_floor_spawned":[1,2,4,12,13,14,18,29,30,31,33,35,36,41,44,55],"killed_by":"The Heart","ascension_level":20}