{"gold_per_floor":[115,390,224,224,235,235,261,261,261,276,293,309,309,325,325,399,399,412,21,37,37],"floor_reached":21,"playtime":1488,"items_purged":["Regret","Strike_G"],"score":362,"play_id":"e5338867-e97e-42ef-9255-8eb9d733e1e1","local_time":"20190123012643","is_ascension_mode":true,"campfire_choices":[{"data":"Glass Knife","floor":6,"key":"SMITH"},{"data":"Neutralize","floor":8,"key":"SMITH"},{"data":"Cloak And Dagger","floor":13,"key":"SMITH"},{"data":"PiercingWail","floor":15,"key":"SMITH"}],"neow_cost":"NONE","seed_source_timestamp":1057841109127310,"circlet_count":0,"master_deck":["AscendersBane","Defend_G","Defend_G","Defend_G","Defend_G","Defend_G","Strike_G","Strike_G","Strike_G","Strike_G","Survivor","Neutralize+1","Glass Knife+1","Cloak And Dagger+1","Infinite Blades","PiercingWail+1","Leg Sweep+1","Deadly Poison+1","Backflip+1","Leg Sweep+1","Blade Dance+1","After Image","Flying Knee","Footwork","Blade Dance+1","Chrysalis+1","Footwork"],"relics":["Ring of the Snake","Toxic Egg 2","Vajra","Meat on the Bone","Eternal Feather"],"potions_floor_usage":[20,20],"damage_taken":[{"damage":0,"enemies":"Cultist","floor":1,"turns":3},{"damage":0,"enemies":"2 Louse","floor":5,"turns":2},{"damage":35,"enemies":"Gremlin Nob","floor":7,"turns":6},{"damage":0,"enemies":"Jaw Worm","floor":10,"turns":1},{"damage":4,"enemies":"Red Slaver","floor":11,"turns":3},{"damage":0,"enemies":"Large Slime","floor":12,"turns":5},{"damage":0,"enemies":"2 Fungi Beasts","floor":14,"turns":3},{"damage":40,"enemies":"Hexaghost","floor":16,"turns":11},{"damage":8,"enemies":"Shell Parasite","floor":18,"turns":6},{"damage":24,"enemies":"2 Thieves","floor":20,"turns":4},{"damage":38,"enemies":"3 Cultists","floor":21,"turns":4}],"seed_played":"8403219361704512721","potions_obtained":[{"floor":7,"key":"Weak Potion"},{"floor":12,"key":"Fire Potion"},{"floor":20,"key":"FearPotion"}],"is_trial":false,"path_per_floor":["M","?","$","T","M","R","E","R","T","M","M","M","R","M","R","B",null,"M","$","M","M"],"character_chosen":"THE_SILENT","items_purchased":["Infinite Blades","PiercingWail","Footwork","Blade Dance+1","Chrysalis+1"],"campfire_rested":0,"item_purchase_floors":[3,3,19,19,19],"current_hp_per_floor":[59,59,59,59,59,59,24,24,24,36,44,44,44,44,44,16,54,46,46,34,0],"gold":37,"neow_bonus":"ONE_RANDOM_RARE_CARD","is_prod":false,"is_daily":false,"chose_seed":false,"campfire_upgraded":4,"win_rate":0,"timestamp":1548203203,"path_taken":["M","?","$","?","M","R","E","R","T","M","M","M","R","M","R","BOSS","M","$","?","M"],"build_version":"2019-01-17v2","purchased_purges":2,"victory":false,"max_hp_per_floor":[66,66,66,66,66,66,66,66,66,66,66,66,66,66,66,66,66,66,66,66,66],"card_choices":[{"not_picked":["Sucker Punch","Escape Plan"],"picked":"Cloak And Dagger","floor":1},{"not_picked":["Deadly Poison+1","Acrobatics+1"],"picked":"Leg Sweep+1","floor":5},{"not_picked":["Blade Dance+1","Dagger Throw"],"picked":"Deadly Poison+1","floor":7},{"not_picked":["Poisoned Stab","Dagger Throw"],"picked":"Backflip+1","floor":10},{"not_picked":["Prepared+1","Backflip+1"],"picked":"Leg Sweep+1","floor":11},{"not_picked":["All Out Attack","Backstab","Unload"],"picked":"SKIP","floor":12},{"not_picked":["Deflect+1","Underhanded Strike"],"picked":"Blade Dance+1","floor":14},{"not_picked":["Grand Finale","Venomology+1"],"picked":"After Image","floor":16},{"not_picked":["Poisoned Stab","Bane"],"picked":"Flying Knee","floor":18},{"not_picked":["Masterful Stab","Terror+1"],"picked":"Footwork","floor":20}],"player_experience":2680749,"relics_obtained":[{"floor":4,"key":"Toxic Egg 2"},{"floor":7,"key":"Vajra"},{"floor":9,"key":"Meat on the Bone"}],"event_choices":[{"damage_healed":0,"gold_gain":275,"player_choice":"Desecrate","damage_taken":0,"max_hp_gain":0,"max_hp_loss":0,"event_name":"Golden Shrine","floor":2,"gold_loss":0,"cards_obtained":["Regret"]}],"is_beta":false,"boss_relics":[{"not_picked":["Black Star","Philosopher\u0027s Stone"],"picked":"Eternal Feather"}],"items_purged_floors":[3,19],"is_endless":false,"potions_floor_spawned":[7,12,14,20],"killed_by":"3 Cultists","ascension_level":20}