{"path_per_floor":["M","$","M","M","?","R","M","?","T","M","M","$","M","M","R","B",null,"M","M","$","M","M","R","M","M","T","R","M","M","M","$","R","B",null,"M","M","?","$"],"character_chosen":"IRONCLAD","items_purchased":["Whirlwind","Inflame","Flex"],"gold_per_floor":[109,30,46,61,61,61,75,150,222,241,260,147,163,175,175,270,270,286,298,151,163,183,183,199,213,236,236,254,266,276,151,151,252,252,263,277,377,227,227],"floor_reached":39,"campfire_rested":1,"playtime":3157,"current_hp_per_floor":[80,80,80,80,73,73,74,63,63,69,50,50,53,59,59,77,80,80,78,78,39,45,45,51,37,37,37,31,16,15,15,39,20,80,76,31,31,31,0],"items_purged":["Strike_R","Strike_R","Strike_R","Reckless Charge"],"gold":227,"score":433,"play_id":"d99d3c41-645c-42d7-a16e-a0ec2454b86c","local_time":"20180409204426","is_prod":false,"is_daily":false,"is_ascension_mode":false,"campfire_upgraded":4,"timestamp":1523321066,"path_taken":["M","$","M","M","?","R","M","?","T","M","M","$","M","M","R","BOSS","M","M","$","M","M","R","M","M","T","R","M","M","?","$","R","BOSS","M","M","?","$","?"],"build_version":"2018-04-05v2","purchased_purges":4,"victory":false,"master_deck":["Defend_R","Defend_R","Defend_R","Bash","Pommel Strike","Whirlwind+1","Thunderclap","Corruption+1","Heavy Blade+1","Inflame+1","Headbutt","Double Tap","Flex+1","Battle Trance","Flex+1","Heavy Blade","Heavy Blade","Demon Form+1","Disarm+1","Disarm+1","Dual Wield+1"],"max_hp_per_floor":[80,80,80,80,80,80,80,80,80,80,80,80,80,80,80,80,80,80,80,80,80,80,80,80,80,80,80,80,80,80,80,80,80,80,80,80,80,80,80],"relics":["Burning Blood","Frozen Egg 2","Sozu","Bronze Scales","Astrolabe"],"card_choices":[{"not_picked":["Metallicize","Headbutt"],"picked":"Pommel Strike","floor":0},{"not_picked":["Hemokinesis","Second Wind"],"picked":"Thunderclap","floor":4},{"not_picked":["Body Slam","Anger"],"picked":"Sword Boomerang","floor":7},{"not_picked":["Anger","Clash"],"picked":"Corruption","floor":10},{"not_picked":["Thunderclap","Power Through"],"picked":"Heavy Blade","floor":11},{"not_picked":["Shockwave","Pommel Strike"],"picked":"Headbutt","floor":14},{"not_picked":["Limit Break","Reaper"],"picked":"Double Tap","floor":16},{"not_picked":["Sword Boomerang","Bloodletting"],"picked":"Battle Trance","floor":21},{"not_picked":["Headbutt","Iron Wave"],"picked":"Flex","floor":22},{"not_picked":["Clothesline","Double Tap"],"picked":"Heavy Blade","floor":28},{"not_picked":["Rampage","Power Through"],"picked":"Heavy Blade","floor":30},{"not_picked":["Fiend Fire","Offering"],"picked":"Demon Form","floor":33},{"not_picked":["True Grit","Sword Boomerang"],"picked":"Dual Wield","floor":35}],"player_experience":39012,"potions_floor_usage":[13,16,33,33],"damage_taken":[{"damage":2,"enemies":"Small Slimes","floor":1,"turns":4},{"damage":6,"enemies":"Jaw Worm","floor":3,"turns":3},{"damage":0,"enemies":"2 Louse","floor":4,"turns":2},{"damage":5,"enemies":"Looter","floor":7,"turns":3},{"damage":0,"enemies":"Gremlin Gang","floor":10,"turns":1},{"damage":25,"enemies":"Exordium Thugs","floor":11,"turns":5},{"damage":9,"enemies":"Exordium Wildlife","floor":13,"turns":3},{"damage":0,"enemies":"Looter","floor":14,"turns":4},{"damage":0,"enemies":"Slime Boss","floor":16,"turns":5},{"damage":0,"enemies":"Chosen","floor":18,"turns":3},{"damage":8,"enemies":"3 Byrds","floor":19,"turns":4},{"damage":45,"enemies":"Slaver and Parasite","floor":21,"turns":4},{"damage":0,"enemies":"Snecko","floor":22,"turns":2},{"damage":0,"enemies":"Cultist and Chosen","floor":24,"turns":4},{"damage":20,"enemies":"Centurion and Healer","floor":25,"turns":3},{"damage":12,"enemies":"3 Cultists","floor":28,"turns":4},{"damage":21,"enemies":"Snake Plant","floor":29,"turns":2},{"damage":7,"enemies":"Slaver and Parasite","floor":30,"turns":3},{"damage":25,"enemies":"Collector","floor":33,"turns":6},{"damage":10,"enemies":"Orb Walker","floor":35,"turns":2},{"damage":51,"enemies":"3 Shapes","floor":36,"turns":5},{"damage":48,"enemies":"Mysterious Sphere","floor":39,"turns":3}],"event_choices":[{"event_name":"Golden Wing","player_choice":"Card Removal","floor":5,"damage_taken":0},{"event_name":"World of Goop","player_choice":"Gather Gold","floor":8,"damage_taken":0},{"event_name":"Golden Shrine","player_choice":"Pray","floor":37,"damage_taken":0},{"event_name":"Mysterious Sphere","player_choice":"Fight","floor":39,"damage_taken":0}],"boss_relics":[{"not_picked":["Cursed Key","Snecko Eye"],"picked":"Sozu"},{"not_picked":["Runic Cube","Philosopher\u0027s Stone"],"picked":"Astrolabe"}],"potions_floor_spawned":[4,11,13,16,22,25,28,30,36],"seed_played":"3733506319435779818","killed_by":"Mysterious Sphere","ascension_level":0,"is_trial":false}