{"gold_per_floor":[116,127,77,93,105,105,118,147,147,24,24,24,24,49,49,49],"floor_reached":16,"playtime":512,"items_purged":["Defend_R"],"score":110,"play_id":"ac67401b-8d34-4a21-80b9-db0efc2687de","local_time":"20190419063756","is_ascension_mode":true,"campfire_choices":[{"floor":11,"key":"REST"},{"floor":15,"key":"REST"}],"neow_cost":"NONE","seed_source_timestamp":438220437862116,"circlet_count":0,"master_deck":["Strike_R","Strike_R","Strike_R","Defend_R","Defend_R","Defend_R","Bash","Rampage","Havoc","Entrench","Warcry","Ghostly Armor","True Grit"],"relics":["Burning Blood","Potion Belt","Juzu Bracelet","Gremlin Horn","Odd Mushroom"],"potions_floor_usage":[],"damage_taken":[{"damage":4,"enemies":"Small Slimes","floor":1,"turns":3},{"damage":0,"enemies":"2 Louse","floor":2,"turns":3},{"damage":9,"enemies":"Jaw Worm","floor":4,"turns":3},{"damage":14,"enemies":"Blue Slaver","floor":5,"turns":4},{"damage":12,"enemies":"Large Slime","floor":7,"turns":6},{"damage":36,"enemies":"Lagavulin","floor":8,"turns":9},{"damage":40,"enemies":"The Mushroom Lair","floor":14,"turns":8},{"damage":41,"enemies":"The Guardian","floor":16,"turns":4}],"seed_played":"6552784623828277811","potions_obtained":[{"floor":1,"key":"LiquidBronze"},{"floor":4,"key":"SteroidPotion"},{"floor":8,"key":"Swift Potion"}],"is_trial":false,"path_per_floor":["?","?","$","?","?","?"],"character_chosen":"IRONCLAD","items_purchased":["True Grit"],"campfire_rested":2,"item_purchase_floors":[10],"current_hp_per_floor":[80,80,80,77,69,62,56,26,26,26,50,50,50,16,40,0],"gold":49,"neow_bonus":"RANDOM_COMMON_RELIC","is_prod":false,"is_daily":false,"chose_seed":false,"campfire_upgraded":0,"win_rate":0,"timestamp":1555648676,"path_taken":["M","M","?","M","M","?","M","E","T","?","R","?","?","?","R","BOSS"],"build_version":"2019-01-23","purchased_purges":1,"victory":false,"max_hp_per_floor":[80,80,80,80,80,80,80,80,80,80,80,80,80,80,80,80],"card_choices":[{"not_picked":["Seeing Red","Shockwave"],"picked":"Rampage","floor":1},{"not_picked":["Flex","Evolve"],"picked":"Havoc","floor":2},{"not_picked":["Evolve","Clash"],"picked":"Entrench","floor":4},{"not_picked":["Evolve","Perfected Strike"],"picked":"Warcry","floor":5},{"not_picked":["Corruption","Reckless Charge"],"picked":"Ghostly Armor","floor":7},{"not_picked":["Rupture","Fiend Fire","Dropkick"],"picked":"SKIP","floor":8}],"player_experience":98061,"relics_obtained":[{"floor":8,"key":"Juzu Bracelet"},{"floor":9,"key":"Gremlin Horn"},{"floor":14,"key":"Odd Mushroom"}],"event_choices":[{"cards_removed":["Strike_R"],"damage_healed":0,"gold_gain":0,"player_choice":"Card Removal","damage_taken":0,"max_hp_gain":0,"max_hp_loss":0,"event_name":"The Cleric","floor":3,"gold_loss":50},{"cards_removed":["Strike_R"],"damage_healed":0,"gold_gain":0,"player_choice":"Card Removal","damage_taken":7,"max_hp_gain":0,"max_hp_loss":0,"event_name":"Golden Wing","floor":6,"gold_loss":0},{"damage_healed":0,"gold_gain":0,"player_choice":"Ignored","damage_taken":0,"max_hp_gain":0,"max_hp_loss":0,"event_name":"Liars Game","floor":12,"gold_loss":0},{"damage_healed":0,"gold_gain":0,"player_choice":"Ignored","damage_taken":0,"max_hp_gain":0,"max_hp_loss":0,"event_name":"Transmorgrifier","floor":13,"gold_loss":0},{"damage_healed":0,"gold_gain":0,"player_choice":"Fought Mushrooms","damage_taken":0,"max_hp_gain":0,"max_hp_loss":0,"event_name":"Mushrooms","floor":14,"gold_loss":0}],"is_beta":false,"boss_relics":[],"items_purged_floors":[10],"is_endless":false,"potions_floor_spawned":[1,4,8],"killed_by":"The Guardian","ascension_level":2}