{"gold_per_floor":[119,131,147,127,139,173,173,183,207,207,218,218,232,258,258,258],"floor_reached":16,"playtime":714,"items_purged":[],"score":213,"play_id":"147fb11b-d3e5-4e85-a68d-21b9ebd01c26","local_time":"20190328211517","is_ascension_mode":true,"campfire_choices":[{"data":"Neutralize","floor":7,"key":"SMITH"},{"floor":10,"key":"REST"},{"data":"Cloak And Dagger","floor":12,"key":"SMITH"},{"floor":15,"key":"REST"}],"neow_cost":"NONE","seed_source_timestamp":260336891317884,"circlet_count":0,"master_deck":["AscendersBane","Defend_G","Defend_G","Defend_G","Defend_G","Defend_G","Strike_G+1","Strike_G","Strike_G","Strike_G+1","Strike_G","Survivor","Neutralize+1","Dash","Caltrops","Bouncing Flask","Cloak And Dagger+1","Deflect","Deadly Poison","Dodge and Roll","Poisoned Stab","Backflip"],"relics":["Philosopher\u0027s Stone","Pear","Strawberry","Whetstone"],"potions_floor_usage":[8,16],"damage_taken":[{"damage":8,"enemies":"2 Louse","floor":1,"turns":3},{"damage":0,"enemies":"Cultist","floor":2,"turns":4},{"damage":1,"enemies":"Jaw Worm","floor":3,"turns":4},{"damage":7,"enemies":"2 Fungi Beasts","floor":5,"turns":3},{"damage":27,"enemies":"Lagavulin","floor":6,"turns":7},{"damage":14,"enemies":"Gremlin Gang","floor":8,"turns":3},{"damage":13,"enemies":"Exordium Thugs","floor":11,"turns":5},{"damage":0,"enemies":"2 Fungi Beasts","floor":13,"turns":3},{"damage":42,"enemies":"Gremlin Nob","floor":14,"turns":6},{"damage":35,"enemies":"Slime Boss","floor":16,"turns":7}],"seed_played":"-6159935750368015858","potions_obtained":[{"floor":4,"key":"GhostInAJar"},{"floor":5,"key":"SkillPotion"},{"floor":6,"key":"FairyPotion"},{"floor":8,"key":"Strength Potion"}],"is_trial":false,"path_per_floor":["M","M","M","?","M","E","R","M","T","R","M","R","M","E","R","B"],"character_chosen":"THE_SILENT","items_purchased":[],"campfire_rested":2,"item_purchase_floors":[],"current_hp_per_floor":[55,55,54,54,47,30,30,16,23,49,36,36,36,8,34,0],"gold":258,"neow_bonus":"BOSS_RELIC","is_prod":false,"is_daily":false,"chose_seed":false,"campfire_upgraded":2,"win_rate":0,"timestamp":1553832917,"path_taken":["M","M","M","?","M","E","R","?","T","R","?","R","M","E","R","BOSS"],"build_version":"2019-01-23","purchased_purges":0,"victory":false,"max_hp_per_floor":[70,70,70,70,70,80,80,80,87,87,87,87,87,87,87,87],"card_choices":[{"not_picked":["Cloak And Dagger","Dodge and Roll"],"picked":"Dash","floor":1},{"not_picked":["Flechettes","Underhanded Strike"],"picked":"Caltrops","floor":2},{"not_picked":["Deadly Poison","Catalyst"],"picked":"Bouncing Flask","floor":3},{"not_picked":["Escape Plan","Concentrate"],"picked":"Cloak And Dagger","floor":5},{"not_picked":["PiercingWail","Masterful Stab"],"picked":"Deflect","floor":6},{"not_picked":["PiercingWail","Poisoned Stab"],"picked":"Deadly Poison","floor":8},{"not_picked":["Sucker Punch","Deflect"],"picked":"Dodge and Roll","floor":11},{"not_picked":["Outmaneuver","Sucker Punch"],"picked":"Poisoned Stab","floor":13},{"not_picked":["Dodge and Roll","Flechettes"],"picked":"Backflip","floor":14}],"player_experience":561858,"relics_obtained":[{"floor":6,"key":"Pear"},{"floor":9,"key":"Strawberry"},{"floor":14,"key":"Whetstone"}],"event_choices":[{"damage_healed":0,"gold_gain":0,"player_choice":"Bought 1 Potion","damage_taken":0,"max_hp_gain":0,"max_hp_loss":0,"event_name":"The Woman in Blue","floor":4,"gold_loss":0}],"is_beta":false,"boss_relics":[],"items_purged_floors":[],"is_endless":false,"potions_floor_spawned":[5,6,8,13],"killed_by":"Slime Boss","ascension_level":13}