{"gold_per_floor":[218,235,235,246,175,200,200,123,123,140,140,171,191,201,201,297,297,309,321,321,421,431,431,450,107,107,127,127,160,160,190,190,285,285,304,182,182,197,211,246,246,275,346,380,340,356,389,407,407,407],"floor_reached":51,"playtime":4728,"items_purged":["Strike_R"],"score":932,"play_id":"bade163c-372d-4083-99fc-cfbb37883312","local_time":"20190325090031","is_ascension_mode":true,"campfire_choices":[{"data":"Body Slam","floor":7,"key":"SMITH"},{"data":"Body Slam","floor":11,"key":"SMITH"},{"data":"Metallicize","floor":15,"key":"SMITH"},{"floor":23,"key":"REST"},{"data":"Dual Wield","floor":32,"key":"SMITH"},{"data":"Armaments","floor":41,"key":"SMITH"},{"floor":49,"key":"REST"}],"neow_cost":"NONE","seed_source_timestamp":430210613629522,"circlet_count":0,"master_deck":["Strike_R","Strike_R","Strike_R","Strike_R+1","Defend_R","Defend_R+1","Defend_R","Defend_R+1","Bash","Battle Trance","Flex","Body Slam+1","Shrug It Off+1","Body Slam+1","Metallicize+1","Shrug It Off","Anger+1","Dual Wield+1","Pommel Strike+1","Thunderclap+1","Ghostly Armor","Anger+1","RitualDagger+1","Iron Wave+1","Anger+1","Armaments+1","Swift Strike+1","Anger+1","Dual Wield","Seeing Red","Anger+1"],"relics":["Burning Blood","Dodecahedron","Oddly Smooth Stone","Molten Egg 2","Lizard Tail","Unceasing Top","Bottled Tornado","Lee\u0027s Waffle","War Paint","Shuriken","Du-Vu Doll","Anchor","Busted Crown","Pocketwatch","PreservedInsect","Paper Frog","Juzu Bracelet","Lantern"],"potions_floor_usage":[4,6,12,12,12,12,16,21,21,24,29,33,33,40,42,50,50,50],"damage_taken":[{"damage":11,"enemies":"Jaw Worm","floor":1,"turns":4},{"damage":2,"enemies":"Cultist","floor":2,"turns":5},{"damage":0,"enemies":"Small Slimes","floor":4,"turns":2},{"damage":41,"enemies":"3 Sentries","floor":6,"turns":13},{"damage":3,"enemies":"Looter","floor":10,"turns":4},{"damage":11,"enemies":"Gremlin Nob","floor":12,"turns":5},{"damage":1,"enemies":"Lots of Slimes","floor":13,"turns":6},{"damage":0,"enemies":"Exordium Thugs","floor":14,"turns":4},{"damage":61,"enemies":"The Guardian","floor":16,"turns":14},{"damage":4,"enemies":"Spheric Guardian","floor":18,"turns":4},{"damage":14,"enemies":"3 Byrds","floor":19,"turns":7},{"damage":27,"enemies":"Colosseum Slavers","floor":21,"turns":6},{"damage":35,"enemies":"Colosseum Nobs","floor":21,"turns":6},{"damage":12,"enemies":"Snake Plant","floor":22,"turns":5},{"damage":40,"enemies":"Chosen and Byrds","floor":24,"turns":9},{"damage":16,"enemies":"Cultist and Chosen","floor":27,"turns":7},{"damage":17,"enemies":"Slavers","floor":29,"turns":6},{"damage":4,"enemies":"Gremlin Leader","floor":31,"turns":8},{"damage":40,"enemies":"Collector","floor":33,"turns":9},{"damage":0,"enemies":"3 Shapes","floor":35,"turns":4},{"damage":0,"enemies":"3 Darklings","floor":38,"turns":3},{"damage":4,"enemies":"Jaw Worm Horde","floor":39,"turns":4},{"damage":0,"enemies":"Giant Head","floor":40,"turns":5},{"damage":24,"enemies":"Nemesis","floor":42,"turns":7},{"damage":1,"enemies":"Giant Head","floor":44,"turns":5},{"damage":6,"enemies":"Transient","floor":46,"turns":5},{"damage":35,"enemies":"Nemesis","floor":47,"turns":4},{"damage":18,"enemies":"4 Shapes","floor":48,"turns":4},{"damage":44,"enemies":"Donu and Deca","floor":50,"turns":9}],"seed_played":"-1992451184619997693","potions_obtained":[{"floor":1,"key":"Regen Potion"},{"floor":3,"key":"Weak Potion"},{"floor":3,"key":"GamblersBrew"},{"floor":3,"key":"Explosive Potion"},{"floor":6,"key":"EntropicBrew"},{"floor":14,"key":"AttackPotion"},{"floor":18,"key":"SkillPotion"},{"floor":19,"key":"Energy Potion"},{"floor":22,"key":"SpeedPotion"},{"floor":24,"key":"PowerPotion"},{"floor":27,"key":"Dexterity Potion"},{"floor":33,"key":"SkillPotion"},{"floor":35,"key":"GamblersBrew"},{"floor":39,"key":"SpeedPotion"},{"floor":40,"key":"Weak Potion"},{"floor":46,"key":"SteroidPotion"}],"is_trial":false,"path_per_floor":["?","M","?","?","?","?","?"],"character_chosen":"IRONCLAD","items_purchased":["Body Slam","Shrug It Off","Metallicize","Lee\u0027s Waffle","War Paint","Armaments"],"campfire_rested":2,"item_purchase_floors":[5,5,8,25,25,36],"current_hp_per_floor":[75,79,79,80,80,60,60,60,60,63,63,58,63,69,69,14,80,80,72,72,22,16,40,46,87,87,77,60,49,43,45,45,11,92,92,92,87,92,92,92,92,74,74,79,79,79,50,38,65,27],"gold":407,"neow_bonus":"HUNDRED_GOLD","is_prod":false,"is_daily":false,"chose_seed":false,"campfire_upgraded":5,"win_rate":0,"timestamp":1553500831,"path_taken":["M","M","?","M","$","E","R","$","T","?","R","E","M","M","R","BOSS","M","M","$","?","M","R","M","$","T","M","?","E","?","E","R","BOSS","M","$","?","M","M","E","R","E","T","E","?","M","E","M","R","BOSS"],"build_version":"2019-01-23","purchased_purges":1,"victory":true,"max_hp_per_floor":[80,80,80,80,80,80,80,80,80,80,80,80,80,80,80,80,80,80,80,80,80,80,80,80,87,87,87,92,92,92,92,92,92,92,92,92,92,92,92,92,92,92,92,92,92,92,92,92,92,92],"card_choices":[{"not_picked":["Feel No Pain","Clash","Burning Pact"],"picked":"SKIP","floor":1},{"not_picked":["Perfected Strike","Sword Boomerang"],"picked":"Battle Trance","floor":2},{"not_picked":["Inflame","Spot Weakness"],"picked":"Flex","floor":4},{"not_picked":["Shrug It Off","Uppercut"],"picked":"Body Slam","floor":6},{"not_picked":["True Grit","Disarm","Heavy Blade"],"picked":"SKIP","floor":10},{"not_picked":["Infernal Blade","Juggernaut"],"picked":"Shrug It Off","floor":12},{"not_picked":["Clothesline+1","Twin Strike+1"],"picked":"Anger+1","floor":13},{"not_picked":["Twin Strike+1","Disarm","Clothesline+1"],"picked":"SKIP","floor":14},{"not_picked":["Carnage+1","Feel No Pain+1"],"picked":"Dual Wield","floor":18},{"not_picked":["Bloodletting","Headbutt+1"],"picked":"Pommel Strike+1","floor":19},{"not_picked":["Flex","Spot Weakness"],"picked":"Thunderclap+1","floor":22},{"not_picked":["Uppercut+1","Clash+1"],"picked":"Ghostly Armor","floor":24},{"not_picked":["Reaper+1","Warcry+1"],"picked":"Anger+1","floor":27},{"not_picked":["Headbutt+1","Blood for Blood+1","Dropkick+1"],"picked":"SKIP","floor":29},{"not_picked":["Dropkick+1","Anger+1"],"picked":"Iron Wave+1","floor":31},{"not_picked":[],"picked":"Anger+1","floor":35},{"not_picked":[],"picked":"Swift Strike+1","floor":37},{"not_picked":[],"picked":"Anger+1","floor":38},{"not_picked":["Headbutt+1"],"picked":"SKIP","floor":39},{"not_picked":["Pummel+1"],"picked":"SKIP","floor":40},{"not_picked":["Power Through"],"picked":"SKIP","floor":42},{"not_picked":["Armaments"],"picked":"SKIP","floor":44},{"not_picked":[],"picked":"Dual Wield","floor":46},{"not_picked":[],"picked":"Seeing Red","floor":47},{"not_picked":[],"picked":"Anger+1","floor":48}],"player_experience":19285,"relics_obtained":[{"floor":6,"key":"Dodecahedron"},{"floor":9,"key":"Oddly Smooth Stone"},{"floor":12,"key":"Molten Egg 2"},{"floor":21,"key":"Unceasing Top"},{"floor":21,"key":"Bottled Tornado"},{"floor":26,"key":"Shuriken"},{"floor":29,"key":"Du-Vu Doll"},{"floor":31,"key":"Anchor"},{"floor":40,"key":"Pocketwatch"},{"floor":42,"key":"PreservedInsect"},{"floor":43,"key":"Paper Frog"},{"floor":44,"key":"Juzu Bracelet"},{"floor":47,"key":"Lantern"}],"event_choices":[{"damage_healed":0,"gold_gain":0,"player_choice":"Got Potions","damage_taken":0,"max_hp_gain":0,"max_hp_loss":0,"event_name":"Lab","floor":3,"gold_loss":0},{"damage_healed":0,"gold_gain":0,"player_choice":"Fight","damage_taken":0,"max_hp_gain":0,"max_hp_loss":0,"event_name":"Colosseum","floor":21,"gold_loss":0},{"damage_healed":0,"gold_gain":0,"player_choice":"Fought Nobs","damage_taken":0,"max_hp_gain":0,"max_hp_loss":0,"event_name":"Colosseum","floor":21,"gold_loss":0},{"damage_healed":0,"gold_gain":0,"player_choice":"Shed Blood","damage_taken":22,"max_hp_gain":5,"max_hp_loss":0,"event_name":"Forgotten Altar","floor":28,"gold_loss":0},{"damage_healed":0,"gold_gain":0,"player_choice":"Joined the Cult","damage_taken":6,"max_hp_gain":0,"max_hp_loss":0,"event_name":"Nest","floor":30,"gold_loss":0,"cards_obtained":["RitualDagger"]},{"damage_healed":0,"gold_gain":0,"player_choice":"Memory 2","damage_taken":5,"max_hp_gain":0,"max_hp_loss":0,"event_name":"SensoryStone","floor":37,"gold_loss":0},{"damage_healed":0,"gold_gain":0,"player_choice":"Upgraded Two","damage_taken":0,"max_hp_gain":0,"max_hp_loss":0,"event_name":"Designer","floor":45,"gold_loss":40,"cards_upgraded":["Shrug It Off","Strike_R"]}],"is_beta":false,"boss_relics":[{"not_picked":["Fusion Hammer","Calling Bell"],"picked":"Lizard Tail"},{"not_picked":["Cursed Key","Empty Cage"],"picked":"Busted Crown"}],"items_purged_floors":[36],"is_endless":false,"potions_floor_spawned":[1,6,14,18,19,22,24,27,33,35,39,40,46],"ascension_level":1}