{"gold_per_floor":[118,118,293,304,86,86,111,121,121,149,167,132,132,132,132,233,233,248,264,275,31,48,48,48],"floor_reached":24,"playtime":901,"items_purged":["Doubt","Body Slam+1"],"score":335,"play_id":"af6a4631-f95f-43ac-bdbd-795f5b4e3aa0","local_time":"20190510160210","is_ascension_mode":true,"campfire_choices":[{"data":"Offering","floor":6,"key":"SMITH"},{"floor":15,"key":"REST"},{"floor":23,"key":"REST"}],"neow_cost":"NONE","seed_source_timestamp":533405402580028,"circlet_count":0,"master_deck":["Bash","Heavy Blade+1","Offering+1","Pummel","Demon Form","Demon Form","Sever Soul+1","Limit Break","Pummel+1","Ghostly Armor","Brutality","Clothesline+1","Havoc","Reckless Charge+1","Shrug It Off+1","Sword Boomerang+1","Pommel Strike+1","Pummel+1"],"relics":["Burning Blood","NeowsBlessing","Blue Candle","Molten Egg 2","The Courier","Unceasing Top","Pandora\u0027s Box","MealTicket"],"potions_floor_usage":[10,11,18,19],"damage_taken":[{"damage":0,"enemies":"Small Slimes","floor":1,"turns":1},{"damage":0,"enemies":"Jaw Worm","floor":4,"turns":1},{"damage":0,"enemies":"Gremlin Nob","floor":7,"turns":1},{"damage":6,"enemies":"2 Louse","floor":8,"turns":3},{"damage":70,"enemies":"Lagavulin","floor":10,"turns":7},{"damage":17,"enemies":"2 Fungi Beasts","floor":11,"turns":6},{"damage":49,"enemies":"Hexaghost","floor":16,"turns":8},{"damage":19,"enemies":"3 Byrds","floor":18,"turns":4},{"damage":21,"enemies":"Spheric Guardian","floor":19,"turns":4},{"damage":28,"enemies":"Centurion and Healer","floor":20,"turns":3},{"damage":22,"enemies":"3 Cultists","floor":22,"turns":4},{"damage":37,"enemies":"Slavers","floor":24,"turns":2}],"seed_played":"-5084412937273008130","potions_obtained":[{"floor":7,"key":"BloodPotion"},{"floor":10,"key":"Regen Potion"},{"floor":11,"key":"GamblersBrew"},{"floor":18,"key":"Regen Potion"},{"floor":20,"key":"LiquidBronze"}],"is_trial":false,"path_per_floor":["M","?","?","M","$","R","E","M","T","E","M","?","?","?","R","B",null,"M","M","M","$","M","R","E"],"character_chosen":"IRONCLAD","items_purchased":["Offering","MealTicket"],"campfire_rested":2,"item_purchase_floors":[5,21],"current_hp_per_floor":[78,78,78,80,80,80,80,80,80,24,28,48,36,36,60,17,64,51,48,26,26,10,34,0],"gold":48,"neow_bonus":"THREE_ENEMY_KILL","is_prod":false,"is_daily":false,"chose_seed":false,"campfire_upgraded":1,"win_rate":0,"timestamp":1557496930,"path_taken":["M","?","?","?","$","R","E","M","T","E","M","?","?","?","R","BOSS","M","M","M","$","M","R","E"],"build_version":"2019-01-23","purchased_purges":2,"victory":false,"max_hp_per_floor":[80,80,80,80,80,80,80,80,80,80,80,80,80,80,80,80,80,80,80,80,80,80,80,80],"card_choices":[{"not_picked":["Headbutt","Sword Boomerang"],"picked":"Heavy Blade","floor":1},{"not_picked":["Thunderclap","Armaments","Anger"],"picked":"SKIP","floor":4},{"not_picked":["Perfected Strike","Sword Boomerang","Shrug It Off"],"picked":"SKIP","floor":7},{"not_picked":["Sword Boomerang","Metallicize"],"picked":"Pummel","floor":8},{"not_picked":["Clash+1","Double Tap"],"picked":"Demon Form","floor":10},{"not_picked":["Warcry","Clash+1","Wild Strike+1"],"picked":"SKIP","floor":11},{"not_picked":["Offering","Double Tap"],"picked":"Demon Form","floor":16},{"not_picked":["Rage","Battle Trance"],"picked":"Shrug It Off+1","floor":18},{"not_picked":["Wild Strike+1","Reckless Charge+1"],"picked":"Sword Boomerang+1","floor":19},{"not_picked":["True Grit+1","Impervious"],"picked":"Pommel Strike+1","floor":20},{"not_picked":["Evolve","Shrug It Off"],"picked":"Pummel+1","floor":22}],"player_experience":445752,"relics_obtained":[{"floor":7,"key":"Blue Candle"},{"floor":9,"key":"Molten Egg 2"},{"floor":10,"key":"The Courier"}],"event_choices":[{"damage_healed":0,"gold_gain":0,"player_choice":"Grow","damage_taken":0,"max_hp_gain":0,"max_hp_loss":0,"event_name":"Living Wall","floor":2,"gold_loss":0,"cards_upgraded":["Heavy Blade"]},{"damage_healed":0,"gold_gain":175,"player_choice":"AGREE","damage_taken":0,"max_hp_gain":0,"max_hp_loss":0,"event_name":"Liars Game","floor":3,"gold_loss":0,"cards_obtained":["Doubt"]},{"damage_healed":20,"gold_gain":0,"player_choice":"Healed","damage_taken":0,"max_hp_gain":0,"max_hp_loss":0,"event_name":"The Cleric","floor":12,"gold_loss":35},{"damage_healed":0,"gold_gain":0,"player_choice":"Success","damage_taken":12,"relics_obtained":["Unceasing Top"],"max_hp_gain":0,"max_hp_loss":0,"event_name":"Scrap Ooze","floor":13,"gold_loss":0},{"damage_healed":0,"gold_gain":0,"player_choice":"Ignored","damage_taken":0,"max_hp_gain":0,"max_hp_loss":0,"event_name":"Shining Light","floor":14,"gold_loss":0}],"is_beta":false,"boss_relics":[{"not_picked":["White Beast Statue","Coffee Dripper"],"picked":"Pandora\u0027s Box"}],"items_purged_floors":[5,21],"is_endless":false,"potions_floor_spawned":[7,10,11,18,20],"killed_by":"Slavers","ascension_level":9}