{"gold_per_floor":[118,118,138,151,151,161,193,193,193,193,220,269,25,38,38,112,112,130,55,55,55,55,82,82,82],"floor_reached":25,"playtime":2343,"items_purged":["Strike_R"],"score":454,"play_id":"c4547508-e0d8-4083-a45a-6f9565a3f931","local_time":"20190424134104","is_ascension_mode":true,"campfire_choices":[{"data":"Armaments","floor":8.0,"key":"SMITH"},{"floor":10.0,"key":"REST"},{"floor":15.0,"key":"REST"},{"data":"Metallicize","floor":24,"key":"SMITH"}],"neow_cost":"NONE","seed_source_timestamp":0,"circlet_count":0,"master_deck":["AscendersBane","Strike_R","Strike_R","Defend_R","Defend_R","Defend_R","Defend_R+1","Bash+1","Impervious+1","Thunderclap","Reckless Charge","Cleave","Combust","Armaments+1","Shockwave","Entrench","Metallicize+1","Fiend Fire","Shame","Fiend Fire"],"special_seed":0,"relics":["Burning Blood","Happy Flower","Question Card","Magic Flower","Bag of Marbles","War Paint","Coffee Dripper","Orichalcum","Matryoshka"],"potions_floor_usage":[18],"damage_taken":[{"damage":10.0,"enemies":"Small Slimes","floor":1.0,"turns":5.0},{"damage":14.0,"enemies":"Jaw Worm","floor":3.0,"turns":5.0},{"damage":7.0,"enemies":"2 Louse","floor":4.0,"turns":3.0},{"damage":9.0,"enemies":"Blue Slaver","floor":6.0,"turns":5.0},{"damage":30.0,"enemies":"3 Sentries","floor":7.0,"turns":6.0},{"damage":38.0,"enemies":"Gremlin Nob","floor":11.0,"turns":5.0},{"damage":0.0,"enemies":"Looter","floor":14.0,"turns":3.0},{"damage":39.0,"enemies":"The Guardian","floor":16.0,"turns":20.0},{"damage":5,"enemies":"Chosen","floor":18,"turns":8},{"damage":53,"enemies":"Gremlin Leader","floor":23,"turns":8},{"damage":50,"enemies":"Slavers","floor":25,"turns":5}],"seed_played":"-1195841112528928859","potions_obtained":[{"floor":6.0,"key":"BloodPotion"},{"floor":7.0,"key":"Explosive Potion"},{"floor":11.0,"key":"SkillPotion"},{"floor":14.0,"key":"GamblersBrew"},{"floor":16.0,"key":"SkillPotion"},{"floor":18,"key":"FearPotion"}],"is_trial":false,"path_per_floor":["M","?","M","M","?","M","E","R","T","R","E","T","$","M","R","B",null,"M","$","?","?","?","E","R","E"],"character_chosen":"IRONCLAD","items_purchased":["Entrench","War Paint"],"campfire_rested":2,"item_purchase_floors":[13,13],"current_hp_per_floor":[64,69,61,60,60,57,41,41,41,65,33,33,33,42,66,36,69,73,73,73,73,90,46,46,0],"gold":82,"neow_bonus":"ONE_RANDOM_RARE_CARD","is_prod":false,"is_daily":false,"chose_seed":false,"campfire_upgraded":2,"win_rate":0,"timestamp":1556106064,"path_taken":["M","?","M","M","?","M","E","R","T","R","E","?","?","M","R","BOSS","M","$","?","?","?","E","R","E"],"build_version":"2019-01-23","purchased_purges":1,"victory":false,"max_hp_per_floor":[75,80,80,80,80,80,80,80,80,80,80,80,80,80,80,80,80,80,80,80,80,90,90,90,90],"card_choices":[{"not_picked":["Clothesline","Perfected Strike"],"picked":"Thunderclap","floor":1.0},{"not_picked":["Ghostly Armor","True Grit"],"picked":"Reckless Charge","floor":3.0},{"not_picked":["Seeing Red","Sever Soul"],"picked":"Cleave","floor":4.0},{"not_picked":["Fiend Fire","Sword Boomerang"],"picked":"Combust","floor":6.0},{"not_picked":["Havoc","Battle Trance"],"picked":"Armaments","floor":7.0},{"not_picked":["Shrug It Off","Wild Strike","Feel No Pain"],"picked":"Shockwave","floor":11.0},{"not_picked":["Warcry","Clothesline","Iron Wave"],"picked":"Metallicize","floor":14.0},{"not_picked":["Immolate","Brutality","Berserk"],"picked":"Fiend Fire","floor":16.0},{"not_picked":["Thunderclap","Reckless Charge","Intimidate","Second Wind"],"picked":"SKIP","floor":18},{"not_picked":["Perfected Strike","Anger","Flex+1","Searing Blow"],"picked":"SKIP","floor":23}],"player_experience":3168728,"relics_obtained":[{"floor":7.0,"key":"Happy Flower"},{"floor":9.0,"key":"Question Card"},{"floor":11.0,"key":"Magic Flower"},{"floor":12.0,"key":"Bag of Marbles"},{"floor":23,"key":"Matryoshka"}],"event_choices":[{"damage_healed":0.0,"max_hp_gain":5.0,"max_hp_loss":0.0,"gold_gain":0.0,"event_name":"Big Fish","player_choice":"Donut","floor":2.0,"gold_loss":0.0,"damage_taken":0.0},{"damage_healed":0.0,"max_hp_gain":0.0,"max_hp_loss":0.0,"gold_gain":0.0,"event_name":"Living Wall","player_choice":"Grow","floor":5.0,"gold_loss":0.0,"damage_taken":0.0,"cards_upgraded":["Bash"]},{"damage_healed":0,"gold_gain":0,"player_choice":"Stole Relic","damage_taken":0,"relics_obtained":["Orichalcum"],"max_hp_gain":0,"max_hp_loss":0,"event_name":"Addict","floor":20,"gold_loss":0,"cards_obtained":["Shame"]},{"damage_healed":0,"gold_gain":0,"cards_transformed":["Strike_R","Strike_R"],"player_choice":"Became Test Subject","damage_taken":0,"max_hp_gain":0,"max_hp_loss":0,"event_name":"Drug Dealer","floor":21,"gold_loss":0,"cards_obtained":["Fiend Fire","Berserk"]},{"cards_removed":["Berserk"],"damage_healed":7,"gold_gain":0,"player_choice":"Offered Rare","damage_taken":0,"max_hp_gain":10,"max_hp_loss":0,"event_name":"Bonfire Elementals","floor":22,"gold_loss":0}],"is_beta":false,"boss_relics":[{"not_picked":["Eternal Feather","Empty Cage"],"picked":"Coffee Dripper"}],"items_purged_floors":[19],"is_endless":false,"potions_floor_spawned":[6,7,11,14,16,18],"killed_by":"Slavers","ascension_level":20}