{"gold_per_floor":[119,4,79,79,229,229,253,272,299,299],"floor_reached":10,"playtime":978,"items_purged":["Strike_G"],"score":112,"play_id":"8afb29aa-f6d7-4d3b-8639-b841d925e8a9","local_time":"20190408210828","is_ascension_mode":true,"campfire_choices":[{"data":"Neutralize","floor":6,"key":"SMITH"}],"neow_cost":"NONE","seed_source_timestamp":1034418309658267,"circlet_count":0,"master_deck":["AscendersBane","Defend_G","Defend_G","Defend_G","Defend_G","Defend_G","Strike_G","Strike_G","Strike_G","Strike_G","Survivor","Neutralize+1","Deep Breath","Footwork","Infinite Blades","Injury","Doubt","Distraction","Deadly Poison"],"relics":["Ring of the Snake","Golden Idol","Boot"],"potions_floor_usage":[10,10],"damage_taken":[{"damage":1,"enemies":"Small Slimes","floor":1,"turns":4},{"damage":0,"enemies":"Jaw Worm","floor":7,"turns":8},{"damage":16,"enemies":"Cultist","floor":8,"turns":7},{"damage":46,"enemies":"3 Sentries","floor":10,"turns":9}],"seed_played":"-7116165827503773735","potions_obtained":[{"floor":7,"key":"Regen Potion"},{"floor":8,"key":"Swift Potion"}],"is_trial":false,"path_per_floor":["M","$","?","?","?","R","M","M","T","?"],"character_chosen":"THE_SILENT","items_purchased":["Infinite Blades"],"campfire_rested":0,"item_purchase_floors":[2],"current_hp_per_floor":[58,58,47,47,47,47,47,31,31,0],"gold":299,"neow_bonus":"RANDOM_COLORLESS","is_prod":false,"is_daily":false,"chose_seed":false,"campfire_upgraded":1,"win_rate":0,"timestamp":1554750508,"path_taken":["M","$","?","?","?","R","M","M","T","?"],"build_version":"2019-01-23","purchased_purges":1,"victory":false,"max_hp_per_floor":[66,66,66,66,66,66,66,66,66,66],"card_choices":[{"not_picked":["Blade Dance","Expertise"],"picked":"Footwork","floor":1},{"not_picked":["Bane","Riddle With Holes"],"picked":"Distraction","floor":7},{"not_picked":["Bane","Dagger Throw"],"picked":"Deadly Poison","floor":8}],"player_experience":3048195,"relics_obtained":[{"floor":9,"key":"Boot"}],"event_choices":[{"damage_healed":0,"gold_gain":75,"player_choice":"Gather Gold","damage_taken":11,"max_hp_gain":0,"max_hp_loss":0,"event_name":"World of Goop","floor":3,"gold_loss":0},{"damage_healed":0,"gold_gain":0,"player_choice":"Take Wound","damage_taken":0,"relics_obtained":["Golden Idol"],"max_hp_gain":0,"max_hp_loss":0,"event_name":"Golden Idol","floor":4,"gold_loss":0,"cards_obtained":["Injury"]},{"damage_healed":0,"gold_gain":150,"player_choice":"AGREE","damage_taken":0,"max_hp_gain":0,"max_hp_loss":0,"event_name":"Liars Game","floor":5,"gold_loss":0,"cards_obtained":["Doubt"]},{"damage_healed":0,"gold_gain":0,"player_choice":"Searched \u00271\u0027 times","damage_taken":0,"max_hp_gain":0,"max_hp_loss":0,"event_name":"Dead Adventurer","floor":10,"gold_loss":0}],"is_beta":false,"boss_relics":[],"items_purged_floors":[2],"is_endless":false,"potions_floor_spawned":[7,8],"killed_by":"3 Sentries","ascension_level":20}