{"gold_per_floor":[115,115,115,115,134,166,166,166,191,142,171,346,346,360,360,360],"floor_reached":16,"playtime":428,"items_purged":[],"score":190,"play_id":"3abb017b-74c2-46ae-99d0-1603f26ba3ab","local_time":"20190510125541","is_ascension_mode":true,"campfire_choices":[{"data":"Barricade","floor":8,"key":"SMITH"},{"data":"Body Slam","floor":15,"key":"SMITH"}],"neow_cost":"NONE","seed_source_timestamp":522691437157651,"circlet_count":0,"master_deck":["Strike_R","Strike_R","Strike_R","Strike_R","Defend_R","Defend_R","Defend_R","Defend_R","Bash","Pummel","Barricade+1","Shrug It Off","Doubt","Body Slam+1"],"relics":["Burning Blood","NeowsBlessing","Orichalcum","Red Skull","Blood Vial","Unceasing Top"],"potions_floor_usage":[11,16,16],"damage_taken":[{"damage":0,"enemies":"Cultist","floor":1,"turns":1},{"damage":0,"enemies":"2 Louse","floor":5,"turns":1},{"damage":0,"enemies":"Gremlin Nob","floor":6,"turns":1},{"damage":46,"enemies":"Lagavulin","floor":11,"turns":11},{"damage":6,"enemies":"Jaw Worm","floor":14,"turns":2},{"damage":31,"enemies":"Slime Boss","floor":16,"turns":9}],"seed_played":"-3414645928832558608","potions_obtained":[{"floor":1,"key":"Ancient Potion"},{"floor":5,"key":"Weak Potion"},{"floor":11,"key":"FearPotion"},{"floor":14,"key":"GamblersBrew"}],"is_trial":false,"path_per_floor":["M","$","?","$","M","E","?","R","T","$","E","?","T","M","R","B"],"character_chosen":"IRONCLAD","items_purchased":["Shrug It Off"],"campfire_rested":0,"item_purchase_floors":[10],"current_hp_per_floor":[78,78,83,83,85,85,78,78,78,78,38,38,38,40,40,11],"gold":360,"neow_bonus":"THREE_ENEMY_KILL","is_prod":false,"is_daily":false,"chose_seed":false,"campfire_upgraded":2,"win_rate":0,"timestamp":1557485741,"path_taken":["M","?","?","?","?","E","?","R","T","$","E","?","?","?","R","BOSS"],"build_version":"2019-01-23","purchased_purges":0,"victory":false,"max_hp_per_floor":[80,80,85,85,85,85,85,85,85,85,85,85,85,85,85,85],"card_choices":[{"not_picked":["Thunderclap","Twin Strike"],"picked":"Pummel","floor":1},{"not_picked":["Fire Breathing","Cleave","Warcry"],"picked":"SKIP","floor":5},{"not_picked":["Searing Blow","Twin Strike"],"picked":"Barricade","floor":6},{"not_picked":["Sword Boomerang","Cleave","True Grit"],"picked":"SKIP","floor":11},{"not_picked":["Warcry","Power Through"],"picked":"Body Slam","floor":14}],"player_experience":444881,"relics_obtained":[{"floor":6,"key":"Orichalcum"},{"floor":9,"key":"Red Skull"},{"floor":11,"key":"Blood Vial"},{"floor":13,"key":"Unceasing Top"}],"event_choices":[{"damage_healed":0,"gold_gain":0,"player_choice":"Donut","damage_taken":0,"max_hp_gain":5,"max_hp_loss":0,"event_name":"Big Fish","floor":3,"gold_loss":0},{"cards_removed":["Strike_R"],"damage_healed":0,"gold_gain":0,"player_choice":"Card Removal","damage_taken":7,"max_hp_gain":0,"max_hp_loss":0,"event_name":"Golden Wing","floor":7,"gold_loss":0},{"damage_healed":0,"gold_gain":175,"player_choice":"AGREE","damage_taken":0,"max_hp_gain":0,"max_hp_loss":0,"event_name":"Liars Game","floor":12,"gold_loss":0,"cards_obtained":["Doubt"]}],"is_beta":false,"boss_relics":[],"items_purged_floors":[],"is_endless":false,"potions_floor_spawned":[1,5,11,14],"killed_by":"Slime Boss","ascension_level":9}