{"gold_per_floor":[113,113,131,149,165,165,199,213,213,213],"floor_reached":10,"playtime":429,"items_purged":[],"score":77,"play_id":"963eb7f8-c252-4994-97b7-eaf554c1a38b","local_time":"20190419133018","is_ascension_mode":true,"campfire_choices":[{"data":"Caltrops","floor":6,"key":"SMITH"}],"neow_cost":"NONE","seed_source_timestamp":463045004795165,"circlet_count":0,"master_deck":["Defend_G","Defend_G","Defend_G","Defend_G","Defend_G","Strike_G","Strike_G","Strike_G","Strike_G","Strike_G","Survivor","Neutralize","Caltrops+1","Expertise","Dodge and Roll","Deadly Poison","Bane"],"relics":["Ring of the Snake","Bag of Marbles","Potion Belt","Shovel"],"potions_floor_usage":[5,7],"damage_taken":[{"damage":13,"enemies":"Small Slimes","floor":1,"turns":7},{"damage":6,"enemies":"Cultist","floor":3,"turns":5},{"damage":9,"enemies":"Jaw Worm","floor":4,"turns":6},{"damage":5,"enemies":"3 Louse","floor":5,"turns":7},{"damage":24,"enemies":"Lagavulin","floor":7,"turns":7},{"damage":12,"enemies":"Large Slime","floor":8,"turns":8}],"seed_played":"-4637900741351021049","potions_obtained":[{"floor":2,"key":"EssenceOfSteel"},{"floor":2,"key":"GamblersBrew"},{"floor":2,"key":"Poison Potion"}],"is_trial":false,"path_per_floor":["?","M","?"],"character_chosen":"THE_SILENT","items_purchased":[],"campfire_rested":0,"item_purchase_floors":[],"current_hp_per_floor":[57,57,51,42,37,37,13,1,1,0],"gold":213,"neow_bonus":"RANDOM_COMMON_RELIC","is_prod":false,"is_daily":false,"chose_seed":false,"campfire_upgraded":1,"win_rate":0,"timestamp":1555673418,"path_taken":["M","?","M","M","?","R","E","M","T","?"],"build_version":"2019-01-23","purchased_purges":0,"victory":false,"max_hp_per_floor":[70,70,70,70,70,70,70,70,70,70],"card_choices":[{"not_picked":["Quick Slash","Poisoned Stab"],"picked":"Caltrops","floor":1},{"not_picked":["Blade Dance","Bane"],"picked":"Expertise","floor":3},{"not_picked":["Setup","Tactician"],"picked":"Dodge and Roll","floor":4},{"not_picked":["Slice","Outmaneuver"],"picked":"Deadly Poison","floor":5},{"not_picked":["Setup","Accuracy","Underhanded Strike"],"picked":"SKIP","floor":7},{"not_picked":["Tools of the Trade","Quick Slash"],"picked":"Bane","floor":8}],"player_experience":112594,"relics_obtained":[{"floor":7,"key":"Potion Belt"},{"floor":9,"key":"Shovel"}],"event_choices":[{"damage_healed":0,"gold_gain":0,"player_choice":"Got Potions","damage_taken":0,"max_hp_gain":0,"max_hp_loss":0,"event_name":"Lab","floor":2,"gold_loss":0}],"is_beta":false,"boss_relics":[],"items_purged_floors":[],"is_endless":false,"potions_floor_spawned":[4],"ascension_level":2}