{"gold_per_floor":[114,114,6,24,1,32,32,32,32,50,24,44,44],"floor_reached":13,"playtime":348,"items_purged":["Doubt"],"score":112,"play_id":"6795e2af-a62f-4b4f-84c0-a8456bdd3dab","local_time":"20190506170444","is_ascension_mode":true,"campfire_choices":[{"floor":7,"key":"REST"}],"neow_cost":"CURSE","seed_source_timestamp":888090530274855,"circlet_count":0,"master_deck":["Defend_G","Defend_G","Defend_G","Defend_G","Defend_G","Strike_G+1","Strike_G","Strike_G","Strike_G","Survivor","Neutralize","A Thousand Cuts","Blade Dance+1","Noxious Fumes","Terror","Dodge and Roll","Noxious Fumes","Backflip"],"special_seed":0,"relics":["Ring of the Snake","Mummified Hand","Bottled Lightning"],"potions_floor_usage":[13],"damage_taken":[{"damage":0.0,"enemies":"Small Slimes","floor":1.0,"turns":3.0},{"damage":1,"enemies":"Jaw Worm","floor":4,"turns":5},{"damage":32,"enemies":"Gremlin Nob","floor":6,"turns":5},{"damage":11,"enemies":"2 Louse","floor":10,"turns":4},{"damage":6,"enemies":"Gremlin Gang","floor":12,"turns":4},{"damage":15,"enemies":"Lagavulin","floor":13,"turns":3}],"seed_played":"4648873824845888947","potions_obtained":[{"floor":12,"key":"SkillPotion"}],"is_trial":false,"path_per_floor":["?","?","$"],"character_chosen":"THE_SILENT","items_purchased":["Noxious Fumes","Dodge and Roll","Backflip"],"campfire_rested":1,"item_purchase_floors":[3,5,11],"current_hp_per_floor":[63,56,56,55,55,23,44,30,30,19,19,13,0],"gold":44,"neow_bonus":"THREE_RARE_CARDS","is_prod":false,"is_daily":false,"chose_seed":false,"campfire_upgraded":0,"win_rate":0,"timestamp":1557155084,"path_taken":["M","?","$","M","$","E","R","?","T","M","?","M","E"],"build_version":"2019-01-23","purchased_purges":1,"victory":false,"max_hp_per_floor":[70,70,70,70,70,70,70,70,70,70,70,70,70],"card_choices":[{"not_picked":["Doppelganger","Grand Finale"],"picked":"A Thousand Cuts","floor":0.0},{"not_picked":["Dodge and Roll","Slice"],"picked":"Blade Dance","floor":1.0},{"not_picked":["Dodge and Roll","Leg Sweep"],"picked":"Terror","floor":4},{"not_picked":["Dodge and Roll","Cloak And Dagger"],"picked":"Noxious Fumes","floor":6},{"not_picked":["Terror","Flying Knee","Acrobatics"],"picked":"SKIP","floor":10},{"not_picked":["Accuracy","Outmaneuver","Flechettes"],"picked":"SKIP","floor":12}],"player_experience":239983,"relics_obtained":[{"floor":6,"key":"Mummified Hand"},{"floor":9,"key":"Bottled Lightning"}],"event_choices":[{"cards_removed":["Strike_G"],"damage_healed":0.0,"max_hp_gain":0.0,"max_hp_loss":0.0,"gold_gain":0.0,"event_name":"Golden Wing","player_choice":"Card Removal","floor":2.0,"gold_loss":0.0,"damage_taken":7.0},{"damage_healed":0,"gold_gain":0,"player_choice":"Entered Light","damage_taken":14,"max_hp_gain":0,"max_hp_loss":0,"event_name":"Shining Light","floor":8,"gold_loss":0,"cards_upgraded":["Strike_G","Blade Dance"]}],"is_beta":false,"boss_relics":[],"items_purged_floors":[3],"is_endless":false,"potions_floor_spawned":[12],"killed_by":"Lagavulin","ascension_level":7}