{"gold_per_floor":[111,122,133,2,2,2,28,38,38,38,188,205,221,37,37,37],"floor_reached":16,"playtime":1320,"items_purged":["Strike_G","Doubt"],"score":204,"play_id":"45066711-9be4-411b-b4f4-02c156e501b3","local_time":"20190409043105","is_ascension_mode":true,"campfire_choices":[{"data":"Neutralize","floor":6,"key":"SMITH"},{"floor":10,"key":"REST"},{"floor":15,"key":"REST"}],"neow_cost":"NONE","seed_source_timestamp":1060632121061247,"circlet_count":0,"master_deck":["AscendersBane","Defend_G","Defend_G","Defend_G","Defend_G","Defend_G","Strike_G","Strike_G","Strike_G","Survivor","Neutralize+1","Backflip","Footwork","Blade Dance","Blade Dance","Flying Knee","Burst","Noxious Fumes","Infinite Blades"],"relics":["Ring of the Snake","NeowsBlessing","Potion Belt","Strawberry"],"potions_floor_usage":[7,8,16],"damage_taken":[{"damage":0,"enemies":"Cultist","floor":1,"turns":1},{"damage":0,"enemies":"Small Slimes","floor":2,"turns":1},{"damage":0,"enemies":"2 Louse","floor":3,"turns":1},{"damage":41,"enemies":"Gremlin Nob","floor":7,"turns":5},{"damage":5,"enemies":"Exordium Thugs","floor":8,"turns":7},{"damage":23,"enemies":"Lots of Slimes","floor":12,"turns":8},{"damage":2,"enemies":"Exordium Wildlife","floor":13,"turns":9},{"damage":38,"enemies":"Slime Boss","floor":16,"turns":8}],"seed_played":"53757147387817636","potions_obtained":[{"floor":2,"key":"SteroidPotion"},{"floor":3,"key":"Weak Potion"},{"floor":7,"key":"Weak Potion"}],"is_trial":false,"path_per_floor":["M","M","M","$","?","R","E","M","T","R","?","M","M","$","R","B"],"character_chosen":"THE_SILENT","items_purchased":["Blade Dance","Infinite Blades"],"campfire_rested":2,"item_purchase_floors":[4,14],"current_hp_per_floor":[59,59,59,59,52,52,11,6,13,34,34,11,9,9,30,0],"gold":37,"neow_bonus":"THREE_ENEMY_KILL","is_prod":false,"is_daily":false,"chose_seed":false,"campfire_upgraded":1,"win_rate":0,"timestamp":1554777065,"path_taken":["M","?","M","$","?","R","E","M","T","R","?","M","?","$","R","BOSS"],"build_version":"2019-01-23","purchased_purges":2,"victory":false,"max_hp_per_floor":[66,66,66,66,66,66,66,66,73,73,73,73,73,73,73,73],"card_choices":[{"not_picked":["Prepared","Setup"],"picked":"Backflip","floor":1},{"not_picked":["Poisoned Stab","Deflect"],"picked":"Footwork","floor":2},{"not_picked":["Quick Slash","Prepared"],"picked":"Blade Dance","floor":3},{"not_picked":["Choke","Blade Dance","Riddle With Holes"],"picked":"SKIP","floor":7},{"not_picked":["Concentrate","Quick Slash"],"picked":"Flying Knee","floor":8},{"not_picked":["Setup","Escape Plan"],"picked":"Burst","floor":12},{"not_picked":["Dagger Throw","Dodge and Roll"],"picked":"Noxious Fumes","floor":13}],"player_experience":3051537,"relics_obtained":[{"floor":7,"key":"Potion Belt"},{"floor":9,"key":"Strawberry"}],"event_choices":[{"cards_removed":["Strike_G"],"damage_healed":0,"gold_gain":0,"player_choice":"Card Removal","damage_taken":7,"max_hp_gain":0,"max_hp_loss":0,"event_name":"Golden Wing","floor":5,"gold_loss":0},{"damage_healed":0,"gold_gain":150,"player_choice":"AGREE","damage_taken":0,"max_hp_gain":0,"max_hp_loss":0,"event_name":"Liars Game","floor":11,"gold_loss":0,"cards_obtained":["Doubt"]}],"is_beta":false,"boss_relics":[],"items_purged_floors":[4,14],"is_endless":false,"potions_floor_spawned":[2,3,7],"killed_by":"Slime Boss","ascension_level":20}