{"gold_per_floor":[115,265,340,354,354,354,380,380,426,436,465,480,495,523,523,523],"floor_reached":16,"playtime":623,"items_purged":[],"score":261,"play_id":"4b3362b4-c4fb-4ef3-ab76-952f71d7094c","local_time":"20190502214158","is_ascension_mode":true,"campfire_choices":[{"data":"Bash","floor":6.0,"key":"SMITH"},{"data":"Infernal Blade","floor":8.0,"key":"SMITH"},{"floor":15.0,"key":"REST"}],"neow_cost":"NONE","seed_source_timestamp":120164683703200,"circlet_count":0,"master_deck":["AscendersBane","Strike_R","Strike_R+1","Strike_R","Strike_R","Strike_R","Defend_R","Defend_R+1","Defend_R","Defend_R","Bash+1","Infernal Blade+1","Doubt","Clash","Infernal Blade","Armaments","Feed","Uppercut","Body Slam","Shrug It Off"],"special_seed":0,"relics":["Burning Blood","NeowsBlessing","Darkstone Periapt","PreservedInsect","Shuriken","Omamori"],"potions_floor_usage":[16],"damage_taken":[{"damage":0.0,"enemies":"Cultist","floor":1.0,"turns":1.0},{"damage":0.0,"enemies":"Small Slimes","floor":4.0,"turns":1.0},{"damage":0.0,"enemies":"3 Sentries","floor":7.0,"turns":1.0},{"damage":1.0,"enemies":"2 Louse","floor":10.0,"turns":2.0},{"damage":35.0,"enemies":"Gremlin Nob","floor":11.0,"turns":4.0},{"damage":20.0,"enemies":"Exordium Wildlife","floor":12.0,"turns":4.0},{"damage":3.0,"enemies":"Looter","floor":13.0,"turns":2.0},{"damage":17.0,"enemies":"3 Sentries","floor":14.0,"turns":7.0},{"damage":48,"enemies":"The Guardian","floor":16,"turns":13}],"seed_played":"-2138720544974938317","potions_obtained":[{"floor":1.0,"key":"EssenceOfSteel"},{"floor":10.0,"key":"SpeedPotion"},{"floor":11.0,"key":"Regen Potion"},{"floor":12.0,"key":"GamblersBrew"}],"is_trial":false,"path_per_floor":["M","?","?","M","?","R","E","R","T","M","E","M","M","E","R","B"],"character_chosen":"IRONCLAD","items_purchased":[],"campfire_rested":1,"item_purchase_floors":[],"current_hp_per_floor":[74,74,63,69,46,46,52,52,52,57,28,29,35,24,48,0],"gold":523,"neow_bonus":"THREE_ENEMY_KILL","is_prod":false,"is_daily":false,"chose_seed":false,"campfire_upgraded":2,"win_rate":0,"timestamp":1556858518,"path_taken":["M","?","?","M","?","R","E","R","T","M","E","?","M","E","R","BOSS"],"build_version":"2019-01-23","purchased_purges":0,"victory":false,"max_hp_per_floor":[75,75,75,75,75,75,75,75,75,75,75,78,81,81,81,81],"card_choices":[{"not_picked":["Entrench","Fire Breathing"],"picked":"Infernal Blade","floor":1.0},{"not_picked":["Anger","Body Slam"],"picked":"Clash","floor":4.0},{"not_picked":["Flex","Evolve"],"picked":"Infernal Blade","floor":7.0},{"not_picked":["Cleave","Wild Strike"],"picked":"Armaments","floor":10.0},{"not_picked":["Headbutt","Pommel Strike"],"picked":"Feed","floor":11.0},{"not_picked":["Perfected Strike","Disarm"],"picked":"Uppercut","floor":12.0},{"not_picked":["Uppercut","Clash"],"picked":"Body Slam","floor":13.0},{"not_picked":["Headbutt","Double Tap"],"picked":"Shrug It Off","floor":14.0}],"player_experience":629155,"relics_obtained":[{"floor":7.0,"key":"Darkstone Periapt"},{"floor":9.0,"key":"PreservedInsect"},{"floor":11.0,"key":"Shuriken"},{"floor":14.0,"key":"Omamori"}],"event_choices":[{"damage_healed":0.0,"max_hp_gain":0.0,"max_hp_loss":0.0,"gold_gain":150.0,"event_name":"Liars Game","player_choice":"AGREE","floor":2.0,"gold_loss":0.0,"damage_taken":0.0,"cards_obtained":["Doubt"]},{"damage_healed":0.0,"max_hp_gain":0.0,"max_hp_loss":0.0,"gold_gain":75.0,"event_name":"World of Goop","player_choice":"Gather Gold","floor":3.0,"gold_loss":0.0,"damage_taken":11.0},{"damage_healed":0.0,"max_hp_gain":0.0,"max_hp_loss":0.0,"gold_gain":0.0,"event_name":"Shining Light","player_choice":"Entered Light","floor":5.0,"gold_loss":0.0,"damage_taken":23.0,"cards_upgraded":["Defend_R","Strike_R"]}],"is_beta":false,"boss_relics":[],"items_purged_floors":[],"is_endless":false,"potions_floor_spawned":[1,10,11,12],"killed_by":"The Guardian","ascension_level":16}