{"gold_per_floor":[109,126,143,156,171,204,279,289,289,289,303,303,319,329,329,428,428,447,431,445,457,473,473,492,492,492,523,536,570,589,222,222,323,323,342,362,362,377,58,77,77],"floor_reached":41,"playtime":5486,"items_purged":[],"score":472,"play_id":"3dcea9ba-fddc-4296-84fc-6eff4bf1ea8d","local_time":"20190423233822","is_ascension_mode":false,"campfire_choices":[{"floor":10.0,"key":"REST"},{"floor":12.0,"key":"REST"},{"floor":15.0,"key":"REST"},{"data":"Fission","floor":23,"key":"SMITH"},{"floor":25,"key":"REST"},{"floor":32,"key":"REST"}],"neow_cost":"NONE","seed_source_timestamp":0,"circlet_count":0,"master_deck":["Strike_B","Strike_B","Strike_B","Defend_B","Defend_B+1","Defend_B+1","Defend_B","Zap","Dualcast","Genetic Algorithm","Go for the Eyes","Conserve Battery","Tempest","Doom and Gloom","Cold Snap","Steam","Go for the Eyes","Beam Cell","Genetic Algorithm","Fission+1","Chill","Static Discharge","Auto Shields","Gash","White Noise+1","Auto Shields+1","Loop","Go for the Eyes","Undo","Coolheaded","Capacitor","Cold Snap","Blizzard","Conserve Battery","Multi-Cast","Static Discharge+1","Gash","Reinforced Body+1","Thinking Ahead","Stack+1"],"special_seed":0,"relics":["Cracked Core","War Paint","Pantograph","Potion Belt","Sozu","Blood Vial","Letter Opener","Bronze Scales","Bag of Preparation","Philosopher\u0027s Stone","Oddly Smooth Stone"],"potions_floor_usage":[24],"damage_taken":[{"damage":0.0,"enemies":"2 Louse","floor":1.0,"turns":3.0},{"damage":0.0,"enemies":"Cultist","floor":2.0,"turns":3.0},{"damage":0.0,"enemies":"Small Slimes","floor":3.0,"turns":3.0},{"damage":1.0,"enemies":"Red Slaver","floor":4.0,"turns":4.0},{"damage":0.0,"enemies":"Lots of Slimes","floor":5.0,"turns":4.0},{"damage":28.0,"enemies":"Gremlin Nob","floor":6.0,"turns":5.0},{"damage":20.0,"enemies":"Exordium Thugs","floor":8.0,"turns":5.0},{"damage":8.0,"enemies":"Exordium Wildlife","floor":11.0,"turns":3.0},{"damage":4.0,"enemies":"Gremlin Gang","floor":13.0,"turns":4.0},{"damage":2.0,"enemies":"Blue Slaver","floor":14.0,"turns":2.0},{"damage":27.0,"enemies":"Hexaghost","floor":16.0,"turns":10.0},{"damage":7.0,"enemies":"Shell Parasite","floor":18.0,"turns":6.0},{"damage":0.0,"enemies":"2 Thieves","floor":19.0,"turns":4.0},{"damage":15.0,"enemies":"Centurion and Healer","floor":20.0,"turns":12.0},{"damage":0,"enemies":"Snake Plant","floor":21,"turns":4},{"damage":1,"enemies":"Sentry and Sphere","floor":22,"turns":6},{"damage":17,"enemies":"Cultist and Chosen","floor":24,"turns":7},{"damage":5,"enemies":"Gremlin Leader","floor":27,"turns":11},{"damage":0,"enemies":"Chosen and Byrds","floor":28,"turns":4},{"damage":34,"enemies":"Slavers","floor":29,"turns":5},{"damage":20,"enemies":"Snake Plant","floor":30,"turns":3},{"damage":51,"enemies":"Collector","floor":33,"turns":11},{"damage":9,"enemies":"3 Darklings","floor":35,"turns":5},{"damage":12,"enemies":"Orb Walker","floor":36,"turns":5},{"damage":25,"enemies":"Transient","floor":38,"turns":5},{"damage":18,"enemies":"Jaw Worm Horde","floor":40,"turns":4},{"damage":44,"enemies":"Nemesis","floor":41,"turns":10}],"seed_played":"-121896203164530788","potions_obtained":[{"floor":1.0,"key":"Poison Potion"},{"floor":3.0,"key":"Fire Potion"},{"floor":4.0,"key":"Swift Potion"},{"floor":8.0,"key":"Strength Potion"},{"floor":13.0,"key":"Fire Potion"},{"floor":14.0,"key":"SpeedPotion"}],"is_trial":false,"path_per_floor":["?","M","?"],"character_chosen":"DEFECT","items_purchased":["Capacitor","Cold Snap","Bag of Preparation","Blizzard","Conserve Battery","Thinking Ahead","Oddly Smooth Stone"],"campfire_rested":5,"item_purchase_floors":[31,31,31,31,31,39,39],"current_hp_per_floor":[75,75,75,74,74,46,39,19,19,41,33,55,51,49,71,48,75,68,68,53,53,52,52,35,57,57,54,56,24,6,6,28,4,75,66,56,56,33,33,17,0],"gold":77,"neow_bonus":"RANDOM_COMMON_RELIC","is_prod":false,"is_daily":false,"chose_seed":false,"campfire_upgraded":1,"win_rate":0.0,"timestamp":1556087902,"path_taken":["M","M","M","M","M","E","?","M","T","R","M","R","M","?","R","BOSS","M","M","M","M","M","R","M","R","T","E","M","E","M","$","R","BOSS","M","M","?","M","$","M","E"],"build_version":"2019-01-23","purchased_purges":0,"victory":false,"max_hp_per_floor":[75,75,75,75,75,75,75,75,75,75,75,75,75,75,75,75,75,75,75,75,75,75,75,75,75,75,75,75,75,75,75,75,75,75,75,75,75,75,75,75,75],"card_choices":[{"not_picked":["Consume","Ball Lightning"],"picked":"Genetic Algorithm","floor":1.0},{"not_picked":["Sweeping Beam","Rebound"],"picked":"Go for the Eyes","floor":2.0},{"not_picked":["Reboot","Reprogram"],"picked":"Conserve Battery","floor":3.0},{"not_picked":["Go for the Eyes","BootSequence"],"picked":"Tempest","floor":4.0},{"not_picked":["Skim","White Noise"],"picked":"Doom and Gloom","floor":5.0},{"not_picked":["White Noise","Rebound"],"picked":"Cold Snap","floor":6.0},{"not_picked":["Turbo","Chaos"],"picked":"Steam","floor":8.0},{"not_picked":["Double Energy","Conserve Battery"],"picked":"Go for the Eyes","floor":11.0},{"not_picked":["Echo Form","BootSequence"],"picked":"Beam Cell","floor":13.0},{"not_picked":["Steam","Aggregate"],"picked":"Genetic Algorithm","floor":14.0},{"not_picked":["Biased Cognition","Amplify"],"picked":"Fission","floor":16.0},{"not_picked":["Hologram","Loop"],"picked":"Chill","floor":18.0},{"not_picked":["Rebound","Turbo"],"picked":"Static Discharge","floor":19.0},{"not_picked":["Sweeping Beam+1","Turbo+1"],"picked":"Auto Shields","floor":20},{"not_picked":["Hologram","Skim+1"],"picked":"Gash","floor":21},{"not_picked":["Turbo+1","Storm"],"picked":"White Noise+1","floor":22},{"not_picked":["Hologram","Turbo"],"picked":"Auto Shields+1","floor":24},{"not_picked":["Scrape","Chaos"],"picked":"Loop","floor":27},{"not_picked":["Beam Cell","Storm"],"picked":"Go for the Eyes","floor":28},{"not_picked":["Barrage","Conserve Battery"],"picked":"Undo","floor":29},{"not_picked":["Seek","Steam Power+1"],"picked":"Coolheaded","floor":30},{"not_picked":["Thunder Strike","Machine Learning"],"picked":"Multi-Cast","floor":33},{"not_picked":["Ball Lightning","Lockon"],"picked":"Static Discharge+1","floor":35},{"not_picked":["Rebound+1","Ball Lightning+1"],"picked":"Gash","floor":36},{"not_picked":["Leap","Ball Lightning+1"],"picked":"Reinforced Body+1","floor":38},{"not_picked":["Turbo","Storm"],"picked":"Stack+1","floor":40}],"player_experience":48454,"relics_obtained":[{"floor":6.0,"key":"Pantograph"},{"floor":9.0,"key":"Potion Belt"},{"floor":26,"key":"Blood Vial"},{"floor":27,"key":"Letter Opener"},{"floor":29,"key":"Bronze Scales"}],"event_choices":[{"damage_healed":0.0,"max_hp_gain":0.0,"max_hp_loss":0.0,"gold_gain":75.0,"event_name":"FaceTrader","player_choice":"Touch","floor":7.0,"gold_loss":0.0,"damage_taken":7.0},{"cards_removed":["Strike_B"],"damage_healed":0,"gold_gain":0,"player_choice":"Removed Attack","damage_taken":0,"max_hp_gain":0,"max_hp_loss":0,"event_name":"Falling","floor":37,"gold_loss":0}],"is_beta":false,"boss_relics":[{"not_picked":["Calling Bell","Fusion Hammer"],"picked":"Sozu"},{"not_picked":["Cursed Key","Runic Dome"],"picked":"Philosopher\u0027s Stone"}],"items_purged_floors":[],"is_endless":false,"potions_floor_spawned":[1,3,4,8,13,14,19,20,22,24,29,33,35,36],"killed_by":"Nemesis","ascension_level":0}