{"gold_per_floor":[110,3,78,88,107,107,133,51,78,78,91,153,153,169,169,268,268,278,291,371,421,421],"floor_reached":22,"playtime":996,"items_purged":[],"score":222,"play_id":"dfd852c3-bfa3-4eb9-9fb1-f5bc9faf8ec5","local_time":"20190410162328","is_ascension_mode":true,"campfire_choices":[{"data":"Crippling Poison","floor":6,"key":"SMITH"},{"floor":13,"key":"REST"},{"data":"Catalyst","floor":15,"key":"SMITH"}],"neow_cost":"NONE","seed_source_timestamp":1839435373236274,"circlet_count":0,"master_deck":["Defend_G","Defend_G","Defend_G","Defend_G","Defend_G","Strike_G","Strike_G","Strike_G","Strike_G","Strike_G","Survivor","Neutralize","Accuracy","Noxious Fumes","Backflip","Slice","Crippling Poison+1","Cloak And Dagger","Catalyst+1","Deadly Poison","Cloak And Dagger","Night Terror","Catalyst+1","Noxious Fumes"],"relics":["Runic Pyramid","Boot","Orichalcum","SsserpentHead","Busted Crown","Red Mask"],"potions_floor_usage":[7,11,22],"damage_taken":[{"damage":1,"enemies":"Jaw Worm","floor":1,"turns":4},{"damage":0,"enemies":"2 Louse","floor":4,"turns":4},{"damage":6,"enemies":"Cultist","floor":5,"turns":4},{"damage":27,"enemies":"Gremlin Nob","floor":7,"turns":5},{"damage":6,"enemies":"2 Fungi Beasts","floor":11,"turns":4},{"damage":9,"enemies":"Blue Slaver","floor":12,"turns":3},{"damage":0,"enemies":"3 Louse","floor":14,"turns":2},{"damage":17,"enemies":"The Guardian","floor":16,"turns":8},{"damage":0,"enemies":"Chosen","floor":18,"turns":3},{"damage":15,"enemies":"Shell Parasite","floor":19,"turns":6},{"damage":49,"enemies":"Masked Bandits","floor":20,"turns":4},{"damage":18,"enemies":"3 Cultists","floor":22,"turns":4}],"seed_played":"-8743003029187019300","potions_obtained":[{"floor":4,"key":"Weak Potion"},{"floor":7,"key":"Regen Potion"},{"floor":12,"key":"SneckoOil"},{"floor":14,"key":"FearPotion"},{"floor":16,"key":"FairyPotion"},{"floor":20,"key":"PowerPotion"}],"is_trial":false,"path_per_floor":["?","?","M","?","?"],"character_chosen":"THE_SILENT","items_purchased":["Noxious Fumes","Backflip","Catalyst","Deadly Poison"],"campfire_rested":1,"item_purchase_floors":[2,2,8,8],"current_hp_per_floor":[69,69,58,58,52,52,25,25,25,25,31,22,43,43,43,26,70,70,55,6,6,0],"gold":421,"neow_bonus":"BOSS_RELIC","is_prod":false,"is_daily":false,"chose_seed":false,"campfire_upgraded":2,"win_rate":0,"timestamp":1554906208,"path_taken":["M","$","?","M","M","R","E","$","T","?","M","?","R","M","R","BOSS","M","M","?","?","M"],"build_version":"2019-01-23","purchased_purges":0,"victory":false,"max_hp_per_floor":[70,70,70,70,70,70,70,70,70,70,70,70,70,70,70,70,70,70,70,70,70,70],"card_choices":[{"not_picked":["Cloak And Dagger","Choke"],"picked":"Accuracy","floor":1},{"not_picked":["Dodge and Roll","Deflect"],"picked":"Slice","floor":4},{"not_picked":["Bane","Riddle With Holes"],"picked":"Crippling Poison","floor":5},{"not_picked":["Tactician","Footwork"],"picked":"Cloak And Dagger","floor":7},{"not_picked":["Predator","Dagger Spray","Dodge and Roll"],"picked":"SKIP","floor":11},{"not_picked":["Dodge and Roll","PiercingWail","A Thousand Cuts"],"picked":"SKIP","floor":12},{"not_picked":["Catalyst","Leg Sweep"],"picked":"Cloak And Dagger","floor":14},{"not_picked":["Storm of Steel","Wraith Form v2"],"picked":"Night Terror","floor":16},{"not_picked":["Finisher"],"picked":"SKIP","floor":18},{"not_picked":[],"picked":"Catalyst+1","floor":19},{"not_picked":[],"picked":"Noxious Fumes","floor":20}],"player_experience":57000,"relics_obtained":[{"floor":7,"key":"Boot"},{"floor":9,"key":"Orichalcum"},{"floor":20,"key":"Red Mask"}],"event_choices":[{"damage_healed":0,"gold_gain":75,"player_choice":"Gather Gold","damage_taken":11,"max_hp_gain":0,"max_hp_loss":0,"event_name":"World of Goop","floor":3,"gold_loss":0},{"damage_healed":0,"gold_gain":0,"player_choice":"Trade","damage_taken":0,"relics_obtained":["SsserpentHead"],"max_hp_gain":0,"max_hp_loss":0,"event_name":"FaceTrader","floor":10,"gold_loss":0},{"damage_healed":0,"gold_gain":0,"player_choice":"Fought Bandits","damage_taken":0,"max_hp_gain":0,"max_hp_loss":0,"event_name":"Masked Bandits","floor":20,"gold_loss":0},{"damage_healed":0,"gold_gain":0,"player_choice":"Ignored","damage_taken":0,"max_hp_gain":0,"max_hp_loss":0,"event_name":"Vampires","floor":21,"gold_loss":0}],"is_beta":false,"boss_relics":[{"not_picked":["Calling Bell","Astrolabe"],"picked":"Busted Crown"}],"items_purged_floors":[],"is_endless":false,"potions_floor_spawned":[4,7,12,14,16,20],"killed_by":"3 Cultists","ascension_level":1}