{"gold_per_floor":[114,131,142,159,84,111,88,114,426,438,403,403,417,435,435,538,538,553,564,564,74,93,122,122,149,149,176,189,189,264,277,277,277],"floor_reached":33,"playtime":1731,"items_purged":["Defend_R"],"score":349,"play_id":"0683a09b-f2b4-4e42-959b-5f21f516dbe8","local_time":"20190325073856","is_ascension_mode":true,"campfire_choices":[{"data":"Rage","floor":15,"key":"SMITH"},{"data":"RitualDagger","floor":24,"key":"SMITH"},{"floor":29,"key":"REST"},{"data":"Clash","floor":32,"key":"SMITH"}],"neow_cost":"NONE","seed_source_timestamp":428429120611467,"circlet_count":0,"master_deck":["Strike_R","Strike_R","Strike_R+1","Strike_R","Strike_R","Defend_R+1","Defend_R","Defend_R","Bash","Battle Trance","Clash","Clash","Clash","Rage+1","Clash+1","Pommel Strike","Twin Strike","Pommel Strike","Anger","Bludgeon","Anger","RitualDagger+1","Thunderclap","Shrug It Off+1","Battle Trance+1","Rampage","Dropkick","Twin Strike"],"relics":["Burning Blood","NeowsBlessing","MawBank","Old Coin","Busted Crown","Lantern","Lee\u0027s Waffle","Champion Belt","Calipers","Question Card","Prayer Wheel"],"potions_floor_usage":[18,23,25,25],"damage_taken":[{"damage":0,"enemies":"2 Louse","floor":1,"turns":1},{"damage":0,"enemies":"Small Slimes","floor":2,"turns":1},{"damage":0,"enemies":"Jaw Worm","floor":3,"turns":1},{"damage":32,"enemies":"Large Slime","floor":4,"turns":11},{"damage":17,"enemies":"3 Sentries","floor":6,"turns":8},{"damage":2,"enemies":"Blue Slaver","floor":8,"turns":3},{"damage":2,"enemies":"Lots of Slimes","floor":13,"turns":3},{"damage":0,"enemies":"3 Louse","floor":14,"turns":3},{"damage":39,"enemies":"Hexaghost","floor":16,"turns":8},{"damage":1,"enemies":"3 Byrds","floor":18,"turns":4},{"damage":7,"enemies":"Shell Parasite","floor":19,"turns":4},{"damage":14,"enemies":"Cultist and Chosen","floor":22,"turns":4},{"damage":37,"enemies":"Slavers","floor":23,"turns":4},{"damage":10,"enemies":"Book of Stabbing","floor":25,"turns":4},{"damage":5,"enemies":"Gremlin Leader","floor":27,"turns":7},{"damage":28,"enemies":"Snake Plant","floor":28,"turns":3},{"damage":0,"enemies":"Shelled Parasite and Fungi","floor":31,"turns":2},{"damage":64,"enemies":"Automaton","floor":33,"turns":6}],"seed_played":"-1530675572010330798","potions_obtained":[{"floor":1,"key":"Ancient Potion"},{"floor":3,"key":"Weak Potion"},{"floor":16,"key":"EssenceOfSteel"},{"floor":19,"key":"BloodPotion"},{"floor":23,"key":"Swift Potion"},{"floor":25,"key":"Ancient Potion"},{"floor":31,"key":"SpeedPotion"}],"is_trial":false,"path_per_floor":["?","?","?","M","?","?"],"character_chosen":"IRONCLAD","items_purchased":["Rage","Twin Strike","Lantern","Thunderclap","Lee\u0027s Waffle"],"campfire_rested":1,"item_purchase_floors":[5,11,21,21,21],"current_hp_per_floor":[80,80,80,54,54,43,63,67,67,51,51,77,80,80,80,47,80,80,79,73,87,79,56,56,52,52,53,31,57,49,55,55,0],"gold":277,"neow_bonus":"THREE_ENEMY_KILL","is_prod":false,"is_daily":false,"chose_seed":false,"campfire_upgraded":3,"win_rate":0,"timestamp":1553495936,"path_taken":["M","M","M","M","$","E","?","M","T","?","$","?","?","M","R","BOSS","M","M","?","$","M","E","R","E","T","E","M","R","?","M","R","BOSS"],"build_version":"2019-01-23","purchased_purges":1,"victory":false,"max_hp_per_floor":[80,80,80,80,80,80,80,80,80,80,80,80,80,80,80,80,80,80,80,80,87,87,87,87,87,87,87,87,87,87,87,87,87],"card_choices":[{"not_picked":["Hemokinesis","Heavy Blade"],"picked":"Battle Trance","floor":1},{"not_picked":["Twin Strike","Heavy Blade"],"picked":"Clash","floor":2},{"not_picked":["Headbutt","Cleave"],"picked":"Clash","floor":3},{"not_picked":["Clothesline","Perfected Strike"],"picked":"Clash","floor":4},{"not_picked":["Hemokinesis","Body Slam"],"picked":"Clash","floor":6},{"not_picked":["Entrench","Demon Form"],"picked":"Pommel Strike","floor":8},{"not_picked":["Perfected Strike","Flex"],"picked":"Pommel Strike","floor":13},{"not_picked":["Twin Strike","Headbutt"],"picked":"Anger","floor":14},{"not_picked":["Barricade","Berserk"],"picked":"Bludgeon","floor":16},{"not_picked":["Perfected Strike+1"],"picked":"SKIP","floor":18},{"not_picked":[],"picked":"Anger","floor":19},{"not_picked":[],"picked":"Shrug It Off+1","floor":22},{"not_picked":["Carnage"],"picked":"SKIP","floor":23},{"not_picked":["Heavy Blade"],"picked":"SKIP","floor":25},{"not_picked":["Hemokinesis"],"picked":"Battle Trance+1","floor":27},{"not_picked":["Heavy Blade"],"picked":"Rampage","floor":28},{"not_picked":["Reckless Charge"],"picked":"Dropkick","floor":28},{"not_picked":["True Grit+1"],"picked":"Twin Strike","floor":31},{"not_picked":["Feel No Pain+1","Inflame"],"picked":"SKIP","floor":31}],"player_experience":17554,"relics_obtained":[{"floor":6,"key":"MawBank"},{"floor":9,"key":"Old Coin"},{"floor":23,"key":"Champion Belt"},{"floor":25,"key":"Calipers"},{"floor":26,"key":"Question Card"},{"floor":27,"key":"Prayer Wheel"}],"event_choices":[{"damage_healed":20,"gold_gain":0,"player_choice":"Healed","damage_taken":0,"max_hp_gain":0,"max_hp_loss":0,"event_name":"The Cleric","floor":7,"gold_loss":35},{"damage_healed":0,"gold_gain":0,"player_choice":"Entered Light","damage_taken":16,"max_hp_gain":0,"max_hp_loss":0,"event_name":"Shining Light","floor":10,"gold_loss":0,"cards_upgraded":["Defend_R","Strike_R"]},{"damage_healed":26,"gold_gain":0,"player_choice":"Banana","damage_taken":0,"max_hp_gain":0,"max_hp_loss":0,"event_name":"Big Fish","floor":12,"gold_loss":0},{"damage_healed":0,"gold_gain":0,"player_choice":"Joined the Cult","damage_taken":6,"max_hp_gain":0,"max_hp_loss":0,"event_name":"Nest","floor":20,"gold_loss":0,"cards_obtained":["RitualDagger"]},{"damage_healed":0,"gold_gain":75,"player_choice":"Touch","damage_taken":8,"max_hp_gain":0,"max_hp_loss":0,"event_name":"FaceTrader","floor":30,"gold_loss":0}],"is_beta":false,"boss_relics":[{"not_picked":["Mark of Pain","Empty Cage"],"picked":"Busted Crown"}],"items_purged_floors":[21],"is_endless":false,"potions_floor_spawned":[1,3,16,19,23,25,31],"killed_by":"Automaton","ascension_level":1}