{"gold_per_floor":[113,113,188,2,17,17,34,34,34,60,73,73,102,120,120,120],"floor_reached":16,"playtime":1291,"items_purged":["Regret"],"score":220,"play_id":"f042ece8-f248-4866-8aff-b59d16c1867a","local_time":"20190508175824","is_ascension_mode":true,"campfire_choices":[{"data":"Corruption","floor":6,"key":"SMITH"},{"data":"Disarm","floor":8,"key":"SMITH"},{"floor":15,"key":"REST"}],"neow_cost":"NONE","seed_source_timestamp":618636176953231,"circlet_count":0,"master_deck":["AscendersBane","Strike_R","Strike_R","Strike_R+1","Strike_R+1","Defend_R","Defend_R","Defend_R","Defend_R","Bash","Pommel Strike","Corruption+1","Disarm+1","Headbutt","Inflame","Evolve","Shrug It Off"],"relics":["Burning Blood","NeowsBlessing","The Courier","Whetstone","Bottled Lightning","Mango","Gremlin Horn"],"potions_floor_usage":[10,13,16],"damage_taken":[{"damage":0,"enemies":"Jaw Worm","floor":1,"turns":1},{"damage":0,"enemies":"Small Slimes","floor":5,"turns":1},{"damage":0,"enemies":"2 Louse","floor":7,"turns":1},{"damage":38,"enemies":"Lagavulin","floor":10,"turns":7},{"damage":6,"enemies":"Looter","floor":11,"turns":4},{"damage":25,"enemies":"3 Sentries","floor":13,"turns":9},{"damage":20,"enemies":"Gremlin Gang","floor":14,"turns":6},{"damage":54,"enemies":"Slime Boss","floor":16,"turns":7}],"seed_played":"1864294362871523843","potions_obtained":[{"floor":5,"key":"SteroidPotion"},{"floor":10,"key":"Explosive Potion"},{"floor":11,"key":"AttackPotion"}],"is_trial":false,"path_per_floor":["M","?","?","$","M","R","M","R","T","E","M","?","E","M","R","B"],"character_chosen":"IRONCLAD","items_purchased":["Whetstone"],"campfire_rested":1,"item_purchase_floors":[4],"current_hp_per_floor":[74,74,63,63,69,69,75,75,75,57,57,50,31,17,43,0],"gold":120,"neow_bonus":"THREE_ENEMY_KILL","is_prod":false,"is_daily":false,"chose_seed":false,"campfire_upgraded":2,"win_rate":0,"timestamp":1557331104,"path_taken":["M","?","?","?","M","R","?","R","T","E","M","?","E","M","R","BOSS"],"build_version":"2019-01-23","purchased_purges":1,"victory":false,"max_hp_per_floor":[75,75,75,75,75,75,75,75,75,89,89,89,89,89,89,89],"card_choices":[{"not_picked":["Clash","Sword Boomerang"],"picked":"Pommel Strike","floor":1},{"not_picked":["Blood for Blood","Rampage"],"picked":"Corruption","floor":5},{"not_picked":["Armaments","Clothesline"],"picked":"Disarm","floor":7},{"not_picked":["Wild Strike","Reckless Charge"],"picked":"Headbutt","floor":10},{"not_picked":["True Grit","Anger"],"picked":"Inflame","floor":11},{"not_picked":["Combust","Clash"],"picked":"Evolve","floor":13},{"not_picked":["Heavy Blade","True Grit"],"picked":"Shrug It Off","floor":14}],"player_experience":3200316,"relics_obtained":[{"floor":9,"key":"Bottled Lightning"},{"floor":10,"key":"Mango"},{"floor":13,"key":"Gremlin Horn"}],"event_choices":[{"damage_healed":0,"gold_gain":0,"player_choice":"Box","damage_taken":0,"relics_obtained":["The Courier"],"max_hp_gain":0,"max_hp_loss":0,"event_name":"Big Fish","floor":2,"gold_loss":0,"cards_obtained":["Regret"]},{"damage_healed":0,"gold_gain":75,"player_choice":"Gather Gold","damage_taken":11,"max_hp_gain":0,"max_hp_loss":0,"event_name":"World of Goop","floor":3,"gold_loss":0},{"cards_removed":["Strike_R"],"damage_healed":0,"gold_gain":0,"player_choice":"Card Removal","damage_taken":7,"max_hp_gain":0,"max_hp_loss":0,"event_name":"Golden Wing","floor":12,"gold_loss":0}],"is_beta":false,"boss_relics":[],"items_purged_floors":[4],"is_endless":false,"potions_floor_spawned":[5,10,11],"killed_by":"Slime Boss","ascension_level":20}