{"gold_per_floor":[119,36,48,66,66,66,98,98,98,98,173,173,202,223,223,298,298,317,317,317,337,350,350,362,362,385,385,399,399,411,439,439,511,511,527,540,550,36,84,84,115,115,138,151,151,151,151,164,164,164],"floor_reached":50,"playtime":3774,"items_purged":[],"score":1146,"play_id":"fffe999c-8848-4037-8bc7-331e6843c470","local_time":"20190405013123","is_ascension_mode":true,"campfire_choices":[{"data":"Bouncing Flask","floor":6.0,"key":"SMITH"},{"data":"Catalyst","floor":8.0,"key":"SMITH"},{"data":"Neutralize","floor":10.0,"key":"SMITH"},{"data":"Well Laid Plans","floor":12.0,"key":"SMITH"},{"data":"Predator","floor":15.0,"key":"SMITH"},{"data":"Envenom","floor":23.0,"key":"SMITH"},{"floor":25.0,"key":"REST"},{"data":"Night Terror","floor":27.0,"key":"SMITH"},{"data":"Bouncing Flask","floor":32.0,"key":"SMITH"},{"floor":40,"key":"REST"},{"data":"Noxious Fumes","floor":42,"key":"SMITH"},{"floor":45,"key":"REST"},{"data":"Survivor","floor":47,"key":"SMITH"},{"floor":49,"key":"RECALL"}],"neow_cost":"NONE","seed_source_timestamp":0,"circlet_count":0,"master_deck":["AscendersBane","Defend_G+1","Defend_G+1","Defend_G+1","Defend_G+1","Defend_G+1","Strike_G+1","Strike_G+1","Strike_G+1","Strike_G+1","Strike_G+1","Survivor+1","Neutralize+1","Bouncing Flask+1","Well Laid Plans+1","Outmaneuver","Crippling Poison+1","Catalyst+1","Bouncing Flask+1","Predator+1","Envenom+1","Cloak And Dagger","Deadly Poison","Night Terror+1","Noxious Fumes+1","Backstab","Cloak And Dagger+1"],"special_seed":0,"relics":["Ring of the Snake","NeowsBlessing","Orichalcum","Gremlin Horn","Vajra","Odd Mushroom","Busted Crown","MutagenicStrength","Anchor","Lantern","Lizard Tail","Oddly Smooth Stone","Bottled Tornado","Nunchaku","Meat on the Bone"],"potions_floor_usage":[39,39],"damage_taken":[{"damage":0.0,"enemies":"Cultist","floor":1.0,"turns":1.0},{"damage":0.0,"enemies":"Small Slimes","floor":3.0,"turns":1.0},{"damage":0.0,"enemies":"2 Louse","floor":4.0,"turns":1.0},{"damage":14.0,"enemies":"Lagavulin","floor":7.0,"turns":6.0},{"damage":4.0,"enemies":"Gremlin Nob","floor":13.0,"turns":3.0},{"damage":16.0,"enemies":"The Mushroom Lair","floor":14.0,"turns":4.0},{"damage":0.0,"enemies":"Hexaghost","floor":16.0,"turns":6.0},{"damage":22.0,"enemies":"Shell Parasite","floor":18.0,"turns":6.0},{"damage":0.0,"enemies":"3 Byrds","floor":21.0,"turns":4.0},{"damage":13.0,"enemies":"Shelled Parasite and Fungi","floor":22.0,"turns":5.0},{"damage":10.0,"enemies":"Cultist and Chosen","floor":24.0,"turns":6.0},{"damage":0.0,"enemies":"Centurion and Healer","floor":28.0,"turns":5.0},{"damage":6.0,"enemies":"Snake Plant","floor":30.0,"turns":3.0},{"damage":22.0,"enemies":"Book of Stabbing","floor":31.0,"turns":5.0},{"damage":18.0,"enemies":"Collector","floor":33.0,"turns":4.0},{"damage":11,"enemies":"Orb Walker","floor":35,"turns":4},{"damage":17,"enemies":"3 Darklings","floor":36,"turns":5},{"damage":6,"enemies":"Transient","floor":37,"turns":6},{"damage":15,"enemies":"2 Orb Walkers","floor":39,"turns":4},{"damage":40,"enemies":"Giant Head","floor":41,"turns":6},{"damage":2,"enemies":"4 Shapes","floor":44,"turns":3},{"damage":3,"enemies":"Spire Growth","floor":48,"turns":2},{"damage":55,"enemies":"Donu and Deca","floor":50,"turns":5}],"seed_played":"-6324294319826850387","potions_obtained":[{"floor":1.0,"key":"Ancient Potion"},{"floor":7.0,"key":"Fire Potion"},{"floor":13.0,"key":"SpeedPotion"},{"floor":14.0,"key":"SteroidPotion"},{"floor":24.0,"key":"AttackPotion"},{"floor":28.0,"key":"EssenceOfSteel"},{"floor":31.0,"key":"Strength Potion"},{"floor":35,"key":"Poison Potion"},{"floor":36,"key":"GhostInAJar"},{"floor":39,"key":"Energy Potion"},{"floor":48,"key":"FearPotion"}],"is_trial":false,"path_per_floor":["M","$","M","M","?","R","E","R","T","R","?","R","E","?","R","B",null,"M","?","?","M","M","R","M","R","T","R","M","?","M","E","R","B",null,"M","M","M","$","?","R","E","R","T","M","R","?","R","M","R","B"],"character_chosen":"THE_SILENT","items_purchased":["Well Laid Plans","Noxious Fumes","Oddly Smooth Stone","Bottled Tornado"],"campfire_rested":3,"item_purchase_floors":[2,38,38,38],"current_hp_per_floor":[59,59,59,59,59,59,45,45,45,45,34,34,30,14,14,14,53,31,31,31,31,18,18,8,27,27,27,27,66,60,38,38,20,55,44,27,21,21,6,25,18,18,18,28,47,47,47,44,44,0],"gold":164,"neow_bonus":"THREE_ENEMY_KILL","is_prod":false,"is_daily":false,"chose_seed":false,"campfire_upgraded":10,"win_rate":0,"timestamp":1554420683,"path_taken":["M","$","?","M","?","R","E","R","T","R","?","R","E","?","R","BOSS","M","?","?","M","M","R","M","R","T","R","M","?","?","E","R","BOSS","M","M","M","$","?","R","E","R","T","M","R","?","R","?","R","BOSS"],"build_version":"2019-01-23","purchased_purges":0,"victory":false,"max_hp_per_floor":[66,66,66,66,66,66,66,66,66,66,66,66,66,66,66,66,66,66,66,66,66,66,66,66,66,66,66,66,66,66,66,66,66,66,66,66,66,66,66,66,66,66,66,66,66,66,66,66,66,66],"card_choices":[{"not_picked":["Blade Dance","Flying Knee"],"picked":"Bouncing Flask","floor":1.0},{"not_picked":["Reflex","Concentrate"],"picked":"Outmaneuver","floor":3.0},{"not_picked":["Predator","All Out Attack"],"picked":"Crippling Poison","floor":4.0},{"not_picked":["Well Laid Plans","PiercingWail"],"picked":"Catalyst","floor":7.0},{"not_picked":["Acrobatics","Backflip"],"picked":"Bouncing Flask","floor":13.0},{"not_picked":["Well Laid Plans","Sucker Punch"],"picked":"Predator","floor":14.0},{"not_picked":["A Thousand Cuts","Venomology"],"picked":"Envenom","floor":16.0},{"not_picked":["Quick Slash"],"picked":"SKIP","floor":18.0},{"not_picked":[],"picked":"Cloak And Dagger","floor":21.0},{"not_picked":[],"picked":"Deadly Poison","floor":22.0},{"not_picked":[],"picked":"Night Terror","floor":24.0},{"not_picked":["Slice"],"picked":"SKIP","floor":28.0},{"not_picked":["Quick Slash"],"picked":"SKIP","floor":30.0},{"not_picked":["Slice"],"picked":"SKIP","floor":31.0},{"not_picked":["Setup+1"],"picked":"SKIP","floor":35},{"not_picked":["Eviscerate+1"],"picked":"SKIP","floor":36},{"not_picked":["Underhanded Strike+1"],"picked":"SKIP","floor":37},{"not_picked":[],"picked":"Bane+1","floor":39},{"not_picked":[],"picked":"Backstab","floor":41},{"not_picked":["Outmaneuver"],"picked":"SKIP","floor":44},{"not_picked":[],"picked":"Cloak And Dagger+1","floor":48}],"player_experience":3019182,"relics_obtained":[{"floor":7.0,"key":"Orichalcum"},{"floor":9.0,"key":"Gremlin Horn"},{"floor":13.0,"key":"Vajra"},{"floor":14.0,"key":"Odd Mushroom"},{"floor":26.0,"key":"Anchor"},{"floor":31.0,"key":"Lantern"},{"floor":39,"key":"Nunchaku"},{"floor":41,"key":"Meat on the Bone"}],"event_choices":[{"damage_healed":0.0,"max_hp_gain":0.0,"max_hp_loss":0.0,"gold_gain":0.0,"event_name":"Living Wall","player_choice":"Grow","floor":5.0,"gold_loss":0.0,"damage_taken":0.0,"cards_upgraded":["Crippling Poison"]},{"damage_healed":0.0,"max_hp_gain":0.0,"max_hp_loss":0.0,"gold_gain":75.0,"event_name":"World of Goop","player_choice":"Gather Gold","floor":11.0,"gold_loss":0.0,"damage_taken":11.0},{"damage_healed":0.0,"max_hp_gain":0.0,"max_hp_loss":0.0,"gold_gain":0.0,"event_name":"Mushrooms","player_choice":"Fought Mushrooms","floor":14.0,"gold_loss":0.0,"damage_taken":0.0},{"damage_healed":0.0,"max_hp_gain":0.0,"max_hp_loss":0.0,"gold_gain":0.0,"event_name":"Back to Basics","player_choice":"Simplicity","floor":19.0,"gold_loss":0.0,"damage_taken":0.0,"cards_upgraded":["Defend_G","Defend_G","Defend_G","Defend_G","Defend_G","Strike_G","Strike_G","Strike_G","Strike_G","Strike_G"]},{"damage_healed":0.0,"max_hp_gain":0.0,"max_hp_loss":0.0,"gold_gain":0.0,"event_name":"Drug Dealer","player_choice":"Inject Mutagens","floor":20.0,"gold_loss":0.0,"damage_taken":0.0,"relics_obtained":["MutagenicStrength"]},{"damage_healed":39.0,"max_hp_gain":0.0,"max_hp_loss":0.0,"gold_gain":0.0,"event_name":"Wheel of Change","player_choice":"Full Heal","floor":29.0,"gold_loss":0.0,"damage_taken":0.0},{"damage_healed":0,"gold_gain":0,"player_choice":"Fight","damage_taken":0,"max_hp_gain":0,"max_hp_loss":0,"event_name":"Mysterious Sphere","floor":39,"gold_loss":0},{"cards_removed":["Bane"],"damage_healed":0,"gold_gain":0,"player_choice":"Removed Attack","damage_taken":0,"max_hp_gain":0,"max_hp_loss":0,"event_name":"Falling","floor":46,"gold_loss":0}],"is_beta":false,"boss_relics":[{"not_picked":["Astrolabe","Coffee Dripper"],"picked":"Busted Crown"},{"not_picked":["Philosopher\u0027s Stone","White Beast Statue"],"picked":"Lizard Tail"}],"items_purged_floors":[],"is_endless":false,"potions_floor_spawned":[1,7,13,14,24,28,31,35,36,39,48],"killed_by":"Donu and Deca","ascension_level":20}