{"gold_per_floor":[218,235,235,247,78,113,113,141,141,155,155,155,173,204,204,300,300,319,244,169,186,186,186,202,202,251,264,264,279,279,297,297,402,402,412,412,429,429,439,465,220,220,300,320,330,330],"floor_reached":46,"playtime":4449,"items_purged":["Defend_B","Defend_B"],"score":755,"play_id":"a2453124-8431-43ec-b228-5ab21fe50224","local_time":"20190324182906","is_ascension_mode":true,"campfire_choices":[{"floor":7.0,"key":"REST"},{"data":"Echo Form","floor":12.0,"key":"SMITH"},{"data":"Loop","floor":15.0,"key":"SMITH"},{"data":"Fission","floor":23.0,"key":"SMITH"},{"data":"Dualcast","floor":25.0,"key":"SMITH"},{"data":"Loop","floor":28.0,"key":"SMITH"},{"data":"Zap","floor":30.0,"key":"SMITH"},{"floor":32.0,"key":"REST"},{"data":"Conserve Battery","floor":42.0,"key":"SMITH"}],"neow_cost":"NONE","seed_source_timestamp":206783842802354,"circlet_count":0,"master_deck":["AscendersBane","Strike_B","Defend_B","Defend_B","Zap+1","Dualcast+1","Ball Lightning","Conserve Battery","FTL","Loop+1","Genetic Algorithm","Conserve Battery+1","Echo Form+1","Loop+1","FTL","Reboot","Fission+1","Go for the Eyes+1","Conserve Battery+1","Chill","Machine Learning","Blizzard","Fusion+1","Rebound","Parasite"],"special_seed":0,"relics":["FrozenCore","Vajra","Singing Bowl","Gremlin Horn","Juzu Bracelet","Regal Pillow","Lizard Tail","Sundial","Anchor","Letter Opener"],"potions_floor_usage":[46],"damage_taken":[{"damage":0.0,"enemies":"Cultist","floor":1.0,"turns":3.0},{"damage":2.0,"enemies":"2 Louse","floor":2.0,"turns":2.0},{"damage":0.0,"enemies":"Jaw Worm","floor":4.0,"turns":3.0},{"damage":31.0,"enemies":"3 Sentries","floor":6.0,"turns":9.0},{"damage":21.0,"enemies":"Lagavulin","floor":8.0,"turns":5.0},{"damage":3.0,"enemies":"3 Louse","floor":10.0,"turns":3.0},{"damage":2.0,"enemies":"2 Fungi Beasts","floor":13.0,"turns":3.0},{"damage":13.0,"enemies":"3 Sentries","floor":14.0,"turns":6.0},{"damage":33.0,"enemies":"Hexaghost","floor":16.0,"turns":8.0},{"damage":6.0,"enemies":"Spheric Guardian","floor":18.0,"turns":6.0},{"damage":7.0,"enemies":"Shell Parasite","floor":21.0,"turns":5.0},{"damage":15.0,"enemies":"Sentry and Sphere","floor":24.0,"turns":7.0},{"damage":16.0,"enemies":"Cultist and Chosen","floor":27.0,"turns":8.0},{"damage":11.0,"enemies":"Snecko","floor":29.0,"turns":7.0},{"damage":6.0,"enemies":"3 Cultists","floor":31.0,"turns":7.0},{"damage":12.0,"enemies":"Champ","floor":33.0,"turns":15.0},{"damage":16.0,"enemies":"3 Darklings","floor":35.0,"turns":8.0},{"damage":14.0,"enemies":"3 Shapes","floor":37.0,"turns":7.0},{"damage":20.0,"enemies":"Spire Growth","floor":39.0,"turns":8.0},{"damage":33.0,"enemies":"Reptomancer","floor":40.0,"turns":12.0},{"damage":0.0,"enemies":"Jaw Worm Horde","floor":44.0,"turns":5.0},{"damage":17,"enemies":"Writhing Mass","floor":45,"turns":8},{"damage":27,"enemies":"Maw","floor":46,"turns":8}],"seed_played":"-2667539061223143410","potions_obtained":[{"floor":4.0,"key":"Dexterity Potion"},{"floor":6.0,"key":"Regen Potion"},{"floor":10.0,"key":"LiquidBronze"},{"floor":13.0,"key":"Block Potion"},{"floor":16.0,"key":"SpeedPotion"},{"floor":24.0,"key":"Weak Potion"},{"floor":29.0,"key":"Weak Potion"},{"floor":31.0,"key":"Fire Potion"},{"floor":33.0,"key":"PowerPotion"},{"floor":39.0,"key":"Poison Potion"},{"floor":40.0,"key":"LiquidBronze"},{"floor":45,"key":"SpeedPotion"}],"is_trial":false,"path_per_floor":["M","M","?","M","$","E","R","E","T","M","?","R","M","E","R","B",null,"M","?","$","M","?","R","M","R","T","M","R","M","R","M","R","B",null,"M","?","M","?","M","E","$","R","T","M","M","M"],"character_chosen":"DEFECT","items_purchased":["Loop","Genetic Algorithm","Conserve Battery","Anchor"],"campfire_rested":2,"item_purchase_floors":[5,5,5,41],"current_hp_per_floor":[68,66,59,59,59,28,50,41,41,38,63,63,63,50,50,17,62,56,56,56,51,77,77,64,64,64,50,50,39,39,33,72,60,77,63,63,49,49,29,39,39,39,39,41,26,0],"gold":330,"neow_bonus":"HUNDRED_GOLD","is_prod":false,"is_daily":false,"chose_seed":false,"campfire_upgraded":7,"win_rate":0,"timestamp":1553477346,"path_taken":["M","?","?","M","$","E","R","E","T","M","?","R","M","E","R","BOSS","M","?","$","M","?","R","M","R","T","M","R","M","R","M","R","BOSS","M","?","M","?","M","E","$","R","T","M","M","M"],"build_version":"2019-01-23","purchased_purges":2,"victory":false,"max_hp_per_floor":[75,75,75,75,75,75,75,75,75,75,75,75,77,77,77,77,77,77,77,77,79,79,79,81,81,81,83,83,83,83,83,83,83,83,85,85,85,85,85,85,85,85,85,87,89,89],"card_choices":[{"not_picked":["Hello World","Streamline"],"picked":"Ball Lightning","floor":1.0},{"not_picked":["Streamline","Static Discharge"],"picked":"Conserve Battery","floor":2.0},{"not_picked":["Force Field","Hologram"],"picked":"FTL","floor":4.0},{"not_picked":["Defragment","BootSequence"],"picked":"Echo Form","floor":6.0},{"not_picked":["Conserve Battery","Beam Cell"],"picked":"Loop","floor":8.0},{"not_picked":["Melter","Leap"],"picked":"FTL","floor":10.0},{"not_picked":["Redo","Stack","Recycle"],"picked":"Singing Bowl","floor":13.0},{"not_picked":["Gash","Capacitor"],"picked":"Reboot","floor":14.0},{"not_picked":["Biased Cognition","Echo Form"],"picked":"Fission","floor":16.0},{"not_picked":["Ball Lightning","Darkness"],"picked":"Go for the Eyes+1","floor":18.0},{"not_picked":["Recycle","Rip and Tear","Rebound"],"picked":"Singing Bowl","floor":21.0},{"not_picked":["Lockon","Stack","Static Discharge"],"picked":"Singing Bowl","floor":24.0},{"not_picked":["Force Field","Hologram","Meteor Strike"],"picked":"Singing Bowl","floor":27.0},{"not_picked":["Compile Driver","Ball Lightning"],"picked":"Conserve Battery+1","floor":29.0},{"not_picked":["Chaos","Lockon"],"picked":"Chill","floor":31.0},{"not_picked":["Thunder Strike","Echo Form"],"picked":"Machine Learning","floor":33.0},{"not_picked":["White Noise","Turbo","Heatsinks+1"],"picked":"Singing Bowl","floor":35.0},{"not_picked":["Turbo","Hologram+1"],"picked":"Blizzard","floor":37.0},{"not_picked":["Beam Cell","Reprogram"],"picked":"Fusion+1","floor":39.0},{"not_picked":["Gash+1","Hello World"],"picked":"Rebound","floor":40.0},{"not_picked":["Beam Cell","Reinforced Body","Steam"],"picked":"Singing Bowl","floor":44.0},{"not_picked":["Turbo+1","Hyperbeam","Beam Cell"],"picked":"Singing Bowl","floor":45}],"player_experience":536186,"relics_obtained":[{"floor":6.0,"key":"Vajra"},{"floor":8.0,"key":"Singing Bowl"},{"floor":9.0,"key":"Gremlin Horn"},{"floor":14.0,"key":"Juzu Bracelet"},{"floor":26.0,"key":"Regal Pillow"},{"floor":40.0,"key":"Sundial"},{"floor":43.0,"key":"Letter Opener"}],"event_choices":[{"cards_removed":["Strike_B"],"damage_healed":0.0,"max_hp_gain":0.0,"max_hp_loss":0.0,"gold_gain":0.0,"event_name":"Golden Wing","player_choice":"Card Removal","floor":3.0,"gold_loss":0.0,"damage_taken":7.0},{"damage_healed":25.0,"max_hp_gain":0.0,"max_hp_loss":0.0,"gold_gain":0.0,"event_name":"Big Fish","player_choice":"Banana","floor":11.0,"gold_loss":0.0,"damage_taken":0.0},{"cards_removed":["Strike_B"],"damage_healed":0.0,"max_hp_gain":0.0,"max_hp_loss":0.0,"gold_gain":0.0,"event_name":"Beggar","player_choice":"Gave Gold","floor":19.0,"gold_loss":75.0,"damage_taken":0.0},{"damage_healed":26.0,"max_hp_gain":0.0,"max_hp_loss":0.0,"gold_gain":0.0,"event_name":"The Library","player_choice":"Heal","floor":22.0,"gold_loss":0.0,"damage_taken":0.0},{"damage_healed":0.0,"max_hp_gain":0.0,"max_hp_loss":0.0,"gold_gain":0.0,"event_name":"Mysterious Sphere","player_choice":"Ignored","floor":36.0,"gold_loss":0.0,"damage_taken":0.0},{"cards_removed":["Strike_B"],"damage_healed":0.0,"max_hp_gain":0.0,"max_hp_loss":0.0,"gold_gain":0.0,"event_name":"Purifier","player_choice":"Purged","floor":38.0,"gold_loss":0.0,"damage_taken":0.0}],"is_beta":false,"boss_relics":[{"not_picked":["Orrery","Snecko Eye"],"picked":"FrozenCore"},{"not_picked":["Philosopher\u0027s Stone","Runic Pyramid"],"picked":"Lizard Tail"}],"items_purged_floors":[20,41],"is_endless":false,"potions_floor_spawned":[4,6,10,13,16,24,29,31,33,39,40,45],"killed_by":"Maw","ascension_level":12}