{"gold_per_floor":[116,133,283,299,299,299,2,37,37,37,37,37,70,89,89,163,163,174,8,8,18,18,18,18],"floor_reached":24,"playtime":14675,"items_purged":["Doubt"],"score":408,"play_id":"7ada2a86-5b3c-4b54-a475-fb9d33762f3a","local_time":"20190326184712","is_ascension_mode":true,"campfire_choices":[{"floor":6,"key":"REST"},{"data":"Footwork","floor":10,"key":"SMITH"},{"data":"Deadly Poison","floor":12,"key":"SMITH"},{"floor":15,"key":"REST"},{"floor":23,"key":"REST"}],"neow_cost":"TEN_PERCENT_HP_LOSS","seed_source_timestamp":709942648459966,"circlet_count":0,"master_deck":["AscendersBane","Defend_G","Defend_G","Defend_G","Defend_G","Defend_G","Strike_G","Strike_G","Strike_G","Strike_G","Strike_G","Survivor","Neutralize+1","Dark Shackles+1","Impatience","Backflip","Blade Dance","Deadly Poison+1","Footwork+1","Well Laid Plans","Bullet Time","Footwork","Blur","Writhe","Backstab+1"],"relics":["Ring of the Snake","Strange Spoon","Paper Crane","Sundial","Bottled Tornado","Singing Bowl","Fusion Hammer","Dream Catcher"],"potions_floor_usage":[8,8,18,18,22],"damage_taken":[{"damage":0,"enemies":"2 Louse","floor":1,"turns":4},{"damage":12,"enemies":"Jaw Worm","floor":2,"turns":5},{"damage":10,"enemies":"Cultist","floor":4,"turns":5},{"damage":7,"enemies":"Lagavulin","floor":8,"turns":5},{"damage":25,"enemies":"3 Sentries","floor":13,"turns":12},{"damage":0,"enemies":"Looter","floor":14,"turns":4},{"damage":24,"enemies":"Hexaghost","floor":16,"turns":12},{"damage":2,"enemies":"Chosen","floor":18,"turns":8},{"damage":9,"enemies":"Spheric Guardian","floor":21,"turns":8},{"damage":15,"enemies":"3 Cultists","floor":22,"turns":5},{"damage":70,"enemies":"Slavers","floor":24,"turns":11}],"seed_played":"4735823340526003583","potions_obtained":[{"floor":2,"key":"Ancient Potion"},{"floor":4,"key":"Poison Potion"},{"floor":14,"key":"SmokeBomb"},{"floor":16,"key":"Regen Potion"},{"floor":18,"key":"Fruit Juice"}],"is_trial":false,"path_per_floor":["M","M","?","M","?","R","$","E","T","R","T","R","E","M","R","B",null,"M","$","?","M","M","R","E"],"character_chosen":"THE_SILENT","items_purchased":["Strange Spoon","Footwork","Blur"],"campfire_rested":3,"item_purchase_floors":[7,19,19],"current_hp_per_floor":[59,47,47,37,19,37,37,30,30,30,30,30,5,7,25,1,47,67,67,67,60,45,66,0],"gold":18,"neow_bonus":"RANDOM_COLORLESS_2","is_prod":false,"is_daily":false,"chose_seed":false,"campfire_upgraded":2,"win_rate":0,"timestamp":1553622432,"path_taken":["M","M","?","M","?","R","?","E","T","R","?","R","E","M","R","BOSS","M","$","?","M","M","R","E"],"build_version":"2019-01-23","purchased_purges":1,"victory":false,"max_hp_per_floor":[60,60,60,60,60,60,60,60,60,60,60,60,60,62,62,62,62,69,69,69,71,71,71,71],"card_choices":[{"not_picked":["Setup","All Out Attack"],"picked":"Backflip","floor":1},{"not_picked":["Deflect","Heel Hook"],"picked":"Blade Dance","floor":2},{"not_picked":["Slice","Dagger Spray"],"picked":"Deadly Poison","floor":4},{"not_picked":["After Image","Backstab"],"picked":"Footwork","floor":8},{"not_picked":["Caltrops","Dodge and Roll"],"picked":"Well Laid Plans","floor":13},{"not_picked":["Sucker Punch","Dagger Throw","Choke"],"picked":"Singing Bowl","floor":14},{"not_picked":["Envenom","Tools of the Trade"],"picked":"Bullet Time","floor":16},{"not_picked":["Flying Knee","Dagger Throw","Deflect"],"picked":"Singing Bowl","floor":18},{"not_picked":["Flechettes","Skewer","Deflect"],"picked":"Singing Bowl","floor":21},{"not_picked":["Terror","Bane"],"picked":"Backstab+1","floor":23}],"player_experience":2944352,"relics_obtained":[{"floor":8,"key":"Paper Crane"},{"floor":9,"key":"Sundial"},{"floor":11,"key":"Bottled Tornado"},{"floor":13,"key":"Singing Bowl"}],"event_choices":[{"damage_healed":0,"gold_gain":150,"player_choice":"AGREE","damage_taken":0,"max_hp_gain":0,"max_hp_loss":0,"event_name":"Liars Game","floor":3,"gold_loss":0,"cards_obtained":["Doubt"]},{"damage_healed":0,"gold_gain":0,"player_choice":"Entered Light","damage_taken":18,"max_hp_gain":0,"max_hp_loss":0,"event_name":"Shining Light","floor":5,"gold_loss":0,"cards_upgraded":["Dark Shackles","Neutralize"]},{"damage_healed":0,"gold_gain":0,"player_choice":"Opened","damage_taken":0,"relics_obtained":["Dream Catcher"],"max_hp_gain":0,"max_hp_loss":0,"event_name":"The Mausoleum","floor":20,"gold_loss":0,"cards_obtained":["Writhe"]}],"is_beta":false,"boss_relics":[{"not_picked":["Pandora\u0027s Box","Velvet Choker"],"picked":"Fusion Hammer"}],"items_purged_floors":[7],"is_endless":false,"potions_floor_spawned":[2,4,14,16,18],"killed_by":"Slavers","ascension_level":20}