{"gold_per_floor":[14,24,40,215,225,225,235,252,299,326,326,356,367,367,367,464,464,448,136,136,61,76,76,76,108,108,108,122,136,136,153,153,253,253,269,279,105,105,121,121,134,147,201,201,233,108,108,121,121,121],"floor_reached":50,"playtime":2739,"items_purged":["Strike_B","Defend_B","Bite"],"score":645,"play_id":"fe1494dc-c012-45e0-b96d-edbf7096b4e0","local_time":"20190428101351","is_ascension_mode":true,"campfire_choices":[{"data":"Genetic Algorithm","floor":6.0,"key":"SMITH"},{"floor":11.0,"key":"REST"},{"floor":15.0,"key":"REST"},{"floor":23.0,"key":"REST"},{"floor":27.0,"key":"REST"},{"data":"Echo Form","floor":32.0,"key":"SMITH"},{"floor":40.0,"key":"REST"},{"floor":47.0,"key":"REST"},{"floor":49.0,"key":"REST"}],"neow_cost":"NO_GOLD","seed_source_timestamp":169669139971344,"circlet_count":0,"master_deck":["Defend_B","Defend_B","Defend_B","Zap","Dualcast","Core Surge","Gash","Double Energy","Genetic Algorithm+1","Hologram","Coolheaded","Leap","Echo Form+1","Storm","Capacitor","Loop","Bite","Bite+1","Bite+1","Bite","Buffer","Seek","White Noise+1","Self Repair","Consume+1","Skim+1","Zap","Self Repair+1"],"special_seed":0,"relics":["Cracked Core","Juzu Bracelet","PreservedInsect","Mummified Hand","Inserter","Enchiridion","Whetstone","Bottled Lightning","Philosopher\u0027s Stone","Du-Vu Doll"],"potions_floor_usage":[50],"damage_taken":[{"damage":1.0,"enemies":"2 Louse","floor":1.0,"turns":2.0},{"damage":0.0,"enemies":"Small Slimes","floor":2.0,"turns":2.0},{"damage":6.0,"enemies":"Cultist","floor":3.0,"turns":3.0},{"damage":11.0,"enemies":"2 Fungi Beasts","floor":5.0,"turns":4.0},{"damage":13.0,"enemies":"Lots of Slimes","floor":7.0,"turns":4.0},{"damage":12.0,"enemies":"Gremlin Gang","floor":8.0,"turns":5.0},{"damage":16.0,"enemies":"Lagavulin","floor":10.0,"turns":10.0},{"damage":7.0,"enemies":"Red Slaver","floor":13.0,"turns":3.0},{"damage":42.0,"enemies":"Slime Boss","floor":16.0,"turns":12.0},{"damage":9.0,"enemies":"2 Thieves","floor":18.0,"turns":4.0},{"damage":29.0,"enemies":"Spheric Guardian","floor":22.0,"turns":6.0},{"damage":27.0,"enemies":"Book of Stabbing","floor":25.0,"turns":5.0},{"damage":19.0,"enemies":"3 Cultists","floor":28.0,"turns":6.0},{"damage":13.0,"enemies":"Centurion and Healer","floor":29.0,"turns":10.0},{"damage":6.0,"enemies":"Snecko","floor":31.0,"turns":5.0},{"damage":48.0,"enemies":"Champ","floor":33.0,"turns":15.0},{"damage":30.0,"enemies":"3 Shapes","floor":35.0,"turns":4.0},{"damage":53.0,"enemies":"3 Darklings","floor":36.0,"turns":15.0},{"damage":72.0,"enemies":"Transient","floor":39.0,"turns":5.0},{"damage":25.0,"enemies":"Sphere and 2 Shapes","floor":41.0,"turns":5.0},{"damage":21.0,"enemies":"Jaw Worm Horde","floor":42.0,"turns":3.0},{"damage":31.0,"enemies":"Reptomancer","floor":45.0,"turns":6.0},{"damage":22.0,"enemies":"4 Shapes","floor":48.0,"turns":3.0},{"damage":61,"enemies":"Donu and Deca","floor":50,"turns":5}],"seed_played":"124082031907215745","potions_obtained":[{"floor":3.0,"key":"Weak Potion"},{"floor":5.0,"key":"SpeedPotion"},{"floor":7.0,"key":"AttackPotion"},{"floor":8.0,"key":"Dexterity Potion"},{"floor":13.0,"key":"EntropicBrew"},{"floor":18.0,"key":"Explosive Potion"},{"floor":22.0,"key":"SkillPotion"},{"floor":29.0,"key":"EssenceOfSteel"},{"floor":30.0,"key":"AttackPotion"},{"floor":41.0,"key":"AttackPotion"},{"floor":48.0,"key":"SkillPotion"}],"is_trial":false,"path_per_floor":["?","?","?","?","?","?","?","?","$"],"character_chosen":"DEFECT","items_purchased":["Capacitor","Blood Vial","Loop","Self Repair"],"campfire_rested":7,"item_purchase_floors":[19,19,21,37],"current_hp_per_floor":[74,74,68,68,57,57,44,32,32,16,38,38,31,31,53,11,59,50,50,34,34,7,29,29,12,12,34,31,55,55,68,68,71,74,50,65,65,65,18,40,34,24,24,24,18,18,40,28,50,0],"gold":121,"neow_bonus":"THREE_RARE_CARDS","is_prod":false,"is_daily":false,"chose_seed":false,"campfire_upgraded":2,"win_rate":0,"timestamp":1556439231,"path_taken":["M","M","M","?","M","R","M","M","T","E","R","?","M","?","R","BOSS","M","$","?","$","M","R","?","E","T","R","M","M","?","M","R","BOSS","M","M","$","?","M","R","M","M","T","?","E","?","R","M","R","BOSS"],"build_version":"2019-01-23","purchased_purges":3,"victory":false,"max_hp_per_floor":[75,75,75,75,75,75,75,75,75,75,75,75,75,75,75,75,75,75,75,75,75,75,75,75,75,75,75,75,75,75,75,75,75,75,75,75,75,75,75,75,75,75,75,75,75,75,75,75,75,75],"card_choices":[{"not_picked":["Machine Learning","Biased Cognition"],"picked":"Core Surge","floor":0.0},{"not_picked":["Cold Snap","Steam"],"picked":"Gash","floor":1.0},{"not_picked":["Sunder","Chaos"],"picked":"Double Energy","floor":2.0},{"not_picked":["Redo","Coolheaded"],"picked":"Genetic Algorithm","floor":3.0},{"not_picked":["Genetic Algorithm","Rip and Tear"],"picked":"Hologram","floor":5.0},{"not_picked":["Hologram","Rebound"],"picked":"Coolheaded","floor":7.0},{"not_picked":["Go for the Eyes","Barrage"],"picked":"Leap","floor":8.0},{"not_picked":["Compile Driver","Reinforced Body","Melter"],"picked":"SKIP","floor":10.0},{"not_picked":["Leap","Redo","Coolheaded"],"picked":"SKIP","floor":13.0},{"not_picked":["Buffer","All For One"],"picked":"Echo Form","floor":16.0},{"not_picked":["Glacier","Static Discharge"],"picked":"Storm","floor":18.0},{"not_picked":["Compile Driver","Beam Cell+1","Rebound"],"picked":"SKIP","floor":22.0},{"not_picked":["Genetic Algorithm","Blizzard","Gash"],"picked":"SKIP","floor":25.0},{"not_picked":["Chaos+1","Steam+1","Sweeping Beam"],"picked":"SKIP","floor":28.0},{"not_picked":["Leap","Ball Lightning","Rebound+1"],"picked":"SKIP","floor":29.0},{"not_picked":["Stack","Streamline"],"picked":"Buffer","floor":31.0},{"not_picked":["Multi-Cast","Core Surge"],"picked":"Seek","floor":33.0},{"not_picked":["Conserve Battery+1","Cold Snap+1","Compile Driver+1"],"picked":"SKIP","floor":35.0},{"not_picked":["Sweeping Beam+1","Leap"],"picked":"White Noise+1","floor":36.0},{"not_picked":["Conserve Battery+1","Leap"],"picked":"Consume+1","floor":39.0},{"not_picked":["Multi-Cast","Sunder+1"],"picked":"Skim+1","floor":41.0},{"not_picked":["Barrage+1","Ball Lightning+1","Gash"],"picked":"SKIP","floor":42.0},{"not_picked":["Stack+1","Coolheaded+1","Rebound"],"picked":"SKIP","floor":45.0},{"not_picked":["Scrape","Chaos"],"picked":"Self Repair+1","floor":48.0}],"player_experience":169472,"relics_obtained":[{"floor":9.0,"key":"Juzu Bracelet"},{"floor":10.0,"key":"PreservedInsect"},{"floor":20.0,"key":"Enchiridion"},{"floor":25.0,"key":"Whetstone"},{"floor":26.0,"key":"Bottled Lightning"},{"floor":45.0,"key":"Du-Vu Doll"}],"event_choices":[{"damage_healed":0.0,"max_hp_gain":0.0,"max_hp_loss":0.0,"gold_gain":175.0,"event_name":"Liars Game","player_choice":"AGREE","floor":4.0,"gold_loss":0.0,"damage_taken":0.0,"cards_obtained":["Doubt"]},{"damage_healed":0.0,"max_hp_gain":0.0,"max_hp_loss":0.0,"gold_gain":30.0,"event_name":"Dead Adventurer","player_choice":"Searched \u00272\u0027 times","floor":12.0,"gold_loss":0.0,"damage_taken":0.0,"relics_obtained":["Mummified Hand"]},{"cards_removed":["Doubt"],"damage_healed":0.0,"max_hp_gain":0.0,"max_hp_loss":0.0,"gold_gain":0.0,"event_name":"Fountain of Cleansing","player_choice":"Removed Curses","floor":14.0,"gold_loss":0.0,"damage_taken":0.0},{"damage_healed":0.0,"max_hp_gain":0.0,"max_hp_loss":0.0,"gold_gain":0.0,"event_name":"Cursed Tome","player_choice":"Obtained Book","floor":20.0,"gold_loss":0.0,"damage_taken":16.0},{"damage_healed":0.0,"max_hp_gain":0.0,"max_hp_loss":0.0,"gold_gain":0.0,"event_name":"Vampires","player_choice":"Became a vampire (Vial)","floor":24.0,"relics_lost":["Blood Vial"],"gold_loss":0.0,"damage_taken":0.0,"cards_obtained":["Bite","Bite","Bite","Bite","Bite"]},{"damage_healed":0.0,"max_hp_gain":0.0,"max_hp_loss":0.0,"gold_gain":0.0,"event_name":"Lab","player_choice":"Got Potions","floor":30.0,"gold_loss":0.0,"damage_taken":0.0},{"damage_healed":0.0,"max_hp_gain":0.0,"max_hp_loss":0.0,"gold_gain":0.0,"event_name":"SecretPortal","player_choice":"Ignored","floor":38.0,"gold_loss":0.0,"damage_taken":0.0},{"damage_healed":0.0,"max_hp_gain":0.0,"max_hp_loss":0.0,"gold_gain":0.0,"event_name":"Match and Keep!","player_choice":"1 cards matched","floor":44.0,"gold_loss":0.0,"damage_taken":0.0,"cards_obtained":["Zap"]}],"is_beta":false,"boss_relics":[{"not_picked":["Astrolabe","Runic Pyramid"],"picked":"Inserter"},{"not_picked":["Eternal Feather","Busted Crown"],"picked":"Philosopher\u0027s Stone"}],"items_purged_floors":[19,37,46],"is_endless":false,"potions_floor_spawned":[3,5,7,8,13,18,22,29,31,41,48],"killed_by":"Donu and Deca","ascension_level":5}