{"gold_per_floor":[112,55,55,65,83,83,96,127,127,127,47,47,63,78,78,149,149,162,162,162,187,187,187,187],"floor_reached":24,"playtime":3343,"items_purged":[],"score":413,"play_id":"dca9e194-bfc7-4d96-a300-441759bf757a","local_time":"20190419075511","is_ascension_mode":true,"campfire_choices":[{"data":"Armaments","floor":6,"key":"SMITH"},{"data":"Combust","floor":10,"key":"SMITH"},{"data":"Rupture","floor":12,"key":"SMITH"},{"data":"Evolve","floor":15,"key":"SMITH"},{"floor":23,"key":"REST"}],"neow_cost":"PERCENT_DAMAGE","seed_source_timestamp":1487024183434,"circlet_count":0,"master_deck":["AscendersBane","Defend_R","Defend_R","Defend_R","Defend_R","Bash","Armaments+1","Thunderclap","Evolve+1","Headbutt","Shrug It Off","Combust+1","Rupture+1","Warcry","Power Through","Offering","Flame Barrier","Bite","Bite","Bite","Bite","Bite","Pommel Strike","Writhe"],"relics":["Burning Blood","Bird Faced Urn","Oddly Smooth Stone","Juzu Bracelet","Mark of Pain","Red Mask","Paper Frog"],"potions_floor_usage":[8,14,16,16],"damage_taken":[{"damage":9,"enemies":"Small Slimes","floor":1,"turns":5},{"damage":0,"enemies":"Cultist","floor":4,"turns":3},{"damage":4,"enemies":"Jaw Worm","floor":5,"turns":5},{"damage":12,"enemies":"Looter","floor":7,"turns":3},{"damage":11,"enemies":"3 Sentries","floor":8,"turns":7},{"damage":9,"enemies":"3 Louse","floor":13,"turns":5},{"damage":12,"enemies":"Large Slime","floor":14,"turns":5},{"damage":25,"enemies":"Hexaghost","floor":16,"turns":9},{"damage":29,"enemies":"Shell Parasite","floor":18,"turns":7},{"damage":36,"enemies":"Masked Bandits","floor":21,"turns":4},{"damage":60,"enemies":"Book of Stabbing","floor":24,"turns":7}],"seed_played":"-5017763657770268413","potions_obtained":[{"floor":5,"key":"LiquidBronze"},{"floor":7,"key":"PowerPotion"},{"floor":8,"key":"SkillPotion"},{"floor":14,"key":"FearPotion"}],"is_trial":false,"path_per_floor":["M","$","?","M","M","R","M","E","T","R","$","R","M","M","R","B",null,"M","?","?","?","?","R","E"],"character_chosen":"IRONCLAD","items_purchased":["Thunderclap","Rupture"],"campfire_rested":1,"item_purchase_floors":[2,11],"current_hp_per_floor":[47,47,47,53,55,55,49,48,48,48,48,48,51,51,51,38,66,49,49,36,21,21,38,0],"gold":187,"neow_bonus":"ONE_RARE_RELIC","is_prod":false,"is_daily":false,"chose_seed":false,"campfire_upgraded":4,"win_rate":0,"timestamp":1555653311,"path_taken":["M","$","?","M","?","R","M","E","T","R","$","R","M","M","R","BOSS","M","?","?","?","?","R","E"],"build_version":"2019-01-23","purchased_purges":0,"victory":false,"max_hp_per_floor":[75,75,75,75,75,75,75,75,75,75,75,75,75,75,75,75,75,75,52,57,57,57,57,57],"card_choices":[{"not_picked":["Perfected Strike","Sword Boomerang"],"picked":"Armaments","floor":1},{"not_picked":["Anger","Whirlwind"],"picked":"Evolve","floor":4},{"not_picked":["Armaments","True Grit"],"picked":"Headbutt","floor":5},{"not_picked":["Heavy Blade","Carnage"],"picked":"Shrug It Off","floor":7},{"not_picked":["Wild Strike","Clothesline"],"picked":"Combust","floor":8},{"not_picked":["Searing Blow","Cleave"],"picked":"Warcry","floor":13},{"not_picked":["Body Slam","Heavy Blade"],"picked":"Power Through","floor":14},{"not_picked":["Double Tap","Fiend Fire"],"picked":"Offering","floor":16},{"not_picked":["Armaments","Fire Breathing"],"picked":"Flame Barrier","floor":18},{"not_picked":["Havoc","Body Slam"],"picked":"Pommel Strike","floor":21}],"player_experience":3148034,"relics_obtained":[{"floor":8,"key":"Oddly Smooth Stone"},{"floor":9,"key":"Juzu Bracelet"},{"floor":21,"key":"Red Mask"}],"event_choices":[{"cards_removed":["Strike_R"],"damage_healed":0,"gold_gain":0,"player_choice":"Offered Basic","damage_taken":0,"max_hp_gain":0,"max_hp_loss":0,"event_name":"Bonfire Elementals","floor":3,"gold_loss":0},{"damage_healed":0,"gold_gain":0,"player_choice":"Became a vampire","damage_taken":0,"max_hp_gain":0,"max_hp_loss":23,"event_name":"Vampires","floor":19,"gold_loss":0,"cards_obtained":["Bite","Bite","Bite","Bite","Bite"]},{"damage_healed":0,"gold_gain":0,"player_choice":"Shed Blood","damage_taken":18,"max_hp_gain":5,"max_hp_loss":0,"event_name":"Forgotten Altar","floor":20,"gold_loss":0},{"damage_healed":0,"gold_gain":0,"player_choice":"Fought Bandits","damage_taken":0,"max_hp_gain":0,"max_hp_loss":0,"event_name":"Masked Bandits","floor":21,"gold_loss":0},{"damage_healed":0,"gold_gain":0,"player_choice":"Opened","damage_taken":0,"relics_obtained":["Paper Frog"],"max_hp_gain":0,"max_hp_loss":0,"event_name":"The Mausoleum","floor":22,"gold_loss":0,"cards_obtained":["Writhe"]}],"is_beta":false,"boss_relics":[{"not_picked":["White Beast Statue","Calling Bell"],"picked":"Mark of Pain"}],"items_purged_floors":[],"is_endless":false,"potions_floor_spawned":[5,7,8,14],"killed_by":"Book of Stabbing","ascension_level":20}