{"gold_per_floor":[118,118,43,43,55,84,94,105,105,105,85,119,119,136,136,211,211,211,211,211,211,88,88,88,88,88,88],"floor_reached":27,"playtime":1688,"items_purged":["Regret"],"score":492,"play_id":"651f1ce3-d305-49d8-ab40-c4d7c0505598","local_time":"20190204175452","is_ascension_mode":true,"campfire_choices":[{"data":"Crippling Poison","floor":10,"key":"SMITH"},{"data":"Poisoned Stab","floor":13,"key":"SMITH"},{"data":"Predator","floor":15,"key":"SMITH"},{"floor":23,"key":"REST"},{"data":"Leg Sweep","floor":25,"key":"SMITH"}],"neow_cost":"NONE","seed_source_timestamp":517789060267158,"circlet_count":0,"master_deck":["AscendersBane","Defend_G","Defend_G+1","Defend_G+1","Defend_G","Defend_G","Strike_G","Strike_G","Strike_G","Strike_G","Strike_G","Survivor","Neutralize","Crippling Poison+1","Poisoned Stab+1","Dodge and Roll","Blade Dance","Heel Hook","Corpse Explosion","Predator+1","Bullet Time","Prepared","Calculated Gamble","Poisoned Stab","Well Laid Plans","Blur","Neutralize","Leg Sweep+1"],"relics":["Ring of the Snake","NeowsBlessing","War Paint","Blue Candle","Strawberry","Bottled Flame","Ectoplasm","Happy Flower","Boot"],"potions_floor_usage":[8,12,12,16,27],"damage_taken":[{"damage":0,"enemies":"2 Louse","floor":1,"turns":1},{"damage":0,"enemies":"Jaw Worm","floor":5,"turns":1},{"damage":0,"enemies":"Lagavulin","floor":6,"turns":1},{"damage":1,"enemies":"Small Slimes","floor":7,"turns":4},{"damage":0,"enemies":"Red Slaver","floor":8,"turns":4},{"damage":32,"enemies":"3 Sentries","floor":12,"turns":14},{"damage":6,"enemies":"3 Louse","floor":14,"turns":2},{"damage":32,"enemies":"Slime Boss","floor":16,"turns":9},{"damage":13,"enemies":"3 Byrds","floor":18,"turns":3},{"damage":14,"enemies":"Shell Parasite","floor":20,"turns":6},{"damage":12,"enemies":"Chosen and Byrds","floor":21,"turns":4},{"damage":42,"enemies":"Book of Stabbing","floor":27,"turns":6}],"seed_played":"-8604744903353515282","potions_obtained":[{"floor":5,"key":"Regen Potion"},{"floor":7,"key":"Block Potion"},{"floor":11,"key":"Swift Potion"},{"floor":12,"key":"Strength Potion"},{"floor":20,"key":"EssenceOfSteel"}],"is_trial":false,"path_per_floor":["M","?","$","?","M","E","M","M","T","R","?","E","R","M","R","B",null,"M","T","M","M","$","R","?","R","T","E"],"character_chosen":"THE_SILENT","items_purchased":["Well Laid Plans","Blur"],"campfire_rested":1,"item_purchase_floors":[22,22],"current_hp_per_floor":[59,59,59,59,59,59,58,58,65,65,65,45,45,39,39,7,57,44,44,30,18,18,39,39,39,39,0],"gold":88,"neow_bonus":"THREE_ENEMY_KILL","is_prod":false,"is_daily":false,"chose_seed":false,"campfire_upgraded":4,"win_rate":0,"timestamp":1549299292,"path_taken":["M","?","$","?","M","E","M","M","T","R","?","E","R","M","R","BOSS","M","?","M","M","$","R","?","R","T","E"],"build_version":"2019-01-23","purchased_purges":1,"victory":false,"max_hp_per_floor":[66,66,66,66,66,66,66,66,73,73,73,73,73,73,73,73,73,73,73,73,73,73,73,73,73,73,73],"card_choices":[{"not_picked":["Dagger Spray","Sucker Punch"],"picked":"Crippling Poison","floor":1},{"not_picked":["Escape Plan","Heel Hook"],"picked":"Poisoned Stab","floor":5},{"not_picked":["Sucker Punch","Outmaneuver"],"picked":"Dodge and Roll","floor":6},{"not_picked":["Backflip","Outmaneuver"],"picked":"Blade Dance","floor":7},{"not_picked":["Acrobatics","Flying Knee"],"picked":"Heel Hook","floor":8},{"not_picked":["Flechettes","Poisoned Stab"],"picked":"Corpse Explosion","floor":12},{"not_picked":["Blade Dance","Slice"],"picked":"Predator","floor":14},{"not_picked":["Corpse Explosion","A Thousand Cuts"],"picked":"Bullet Time","floor":16},{"not_picked":["Dagger Throw","Escape Plan"],"picked":"Prepared","floor":18},{"not_picked":["Escape Plan","Blade Dance"],"picked":"Calculated Gamble","floor":20},{"not_picked":["Acrobatics","Bane"],"picked":"Poisoned Stab","floor":21}],"player_experience":2719310,"relics_obtained":[{"floor":6,"key":"Blue Candle"},{"floor":9,"key":"Strawberry"},{"floor":12,"key":"Bottled Flame"},{"floor":19,"key":"Happy Flower"},{"floor":26,"key":"Boot"}],"event_choices":[{"damage_healed":0,"gold_gain":0,"player_choice":"Box","damage_taken":0,"relics_obtained":["War Paint"],"max_hp_gain":0,"max_hp_loss":0,"event_name":"Big Fish","floor":2,"gold_loss":0,"cards_obtained":["Regret"]},{"damage_healed":0,"gold_gain":0,"player_choice":"Leave","damage_taken":0,"max_hp_gain":0,"max_hp_loss":0,"event_name":"The Cleric","floor":4,"gold_loss":0},{"damage_healed":0,"gold_gain":0,"player_choice":"Bought 1 Potion","damage_taken":0,"max_hp_gain":0,"max_hp_loss":0,"event_name":"The Woman in Blue","floor":11,"gold_loss":0},{"damage_healed":0,"gold_gain":0,"player_choice":"2 cards matched","damage_taken":0,"max_hp_gain":0,"max_hp_loss":0,"event_name":"Match and Keep!","floor":24,"gold_loss":0,"cards_obtained":["Neutralize","Leg Sweep"]}],"is_beta":false,"boss_relics":[{"not_picked":["Runic Pyramid","Empty Cage"],"picked":"Ectoplasm"}],"items_purged_floors":[3],"is_endless":false,"potions_floor_spawned":[5,7,12,20],"killed_by":"Book of Stabbing","ascension_level":20}