{"gold_per_floor":[119,194,207,262,277,277,305,65,88,105,130,142,154,201,213,328,340,366,378,407,435,458,470,136,167,192,192,25,25,56,106,106,202,202,218,234,252,272,191,216,216,245,245,245,345,345,220,233,233,233,233,233,26,26],"floor_reached":54,"playtime":3057,"items_purged":["Strike_R","Strike_R","Pain"],"score":1020,"play_id":"f503bf28-6dee-4f2c-8b0f-f6eea3476996","local_time":"20190501155015","is_ascension_mode":true,"campfire_choices":[{"data":"Carnage","floor":6.0,"key":"SMITH"},{"data":"Barricade","floor":12.0,"key":"SMITH"},{"data":"Shrug It Off","floor":15.0,"key":"SMITH"},{"data":"True Grit","floor":23.0,"key":"SMITH"},{"data":"Discovery","floor":27.0,"key":"SMITH"},{"data":"Entrench","floor":29.0,"key":"SMITH"},{"data":"Uppercut","floor":32.0,"key":"SMITH"},{"floor":44.0,"key":"REST"},{"floor":46.0,"key":"REST"},{"floor":49.0,"key":"RECALL"},{"data":"Juggernaut","floor":52.0,"key":"SMITH"}],"neow_cost":"NONE","seed_source_timestamp":448468434312333,"circlet_count":0,"master_deck":["Strike_R","Strike_R","Defend_R","Defend_R","Defend_R","Defend_R","Bash","Immolate+1","Carnage+1","Disarm","Anger+1","Inflame","Warcry","Shrug It Off+1","Barricade+1","Armaments","Impervious","Ghostly Armor","True Grit+1","Armaments+1","Ghostly Armor","Discovery+1","Entrench+1","Uppercut+1","Seeing Red","Juggernaut+1","Carnage+1","Iron Wave","Impervious","Disarm","Inflame+1","Whirlwind","Clothesline+1"],"special_seed":0,"relics":["Burning Blood","Happy Flower","Bag of Marbles","Anchor","MawBank","Art of War","Philosopher\u0027s Stone","Whetstone","Orichalcum","Smiling Mask","Boot","Cursed Key","Mango","Pantograph","Calipers","Lee\u0027s Waffle"],"potions_floor_usage":[],"damage_taken":[{"damage":7.0,"enemies":"Small Slimes","floor":1.0,"turns":3.0},{"damage":4.0,"enemies":"Jaw Worm","floor":3.0,"turns":5.0},{"damage":1.0,"enemies":"2 Louse","floor":5.0,"turns":3.0},{"damage":31.0,"enemies":"Lagavulin","floor":7.0,"turns":6.0},{"damage":0.0,"enemies":"2 Fungi Beasts","floor":10.0,"turns":1.0},{"damage":3.0,"enemies":"3 Sentries","floor":11.0,"turns":4.0},{"damage":6.0,"enemies":"Gremlin Nob","floor":14.0,"turns":3.0},{"damage":11.0,"enemies":"The Guardian","floor":16.0,"turns":11.0},{"damage":0.0,"enemies":"3 Byrds","floor":18.0,"turns":5.0},{"damage":23.0,"enemies":"Spheric Guardian","floor":20.0,"turns":4.0},{"damage":0.0,"enemies":"Shelled Parasite and Fungi","floor":21.0,"turns":3.0},{"damage":0.0,"enemies":"Centurion and Healer","floor":22.0,"turns":7.0},{"damage":23.0,"enemies":"Book of Stabbing","floor":25.0,"turns":8.0},{"damage":0.0,"enemies":"Gremlin Leader","floor":30.0,"turns":8.0},{"damage":1.0,"enemies":"Collector","floor":33.0,"turns":14.0},{"damage":14.0,"enemies":"Orb Walker","floor":35.0,"turns":3.0},{"damage":0.0,"enemies":"3 Shapes","floor":36.0,"turns":1.0},{"damage":2.0,"enemies":"3 Darklings","floor":37.0,"turns":4.0},{"damage":14.0,"enemies":"Sphere and 2 Shapes","floor":38.0,"turns":9.0},{"damage":39.0,"enemies":"Giant Head","floor":40.0,"turns":11.0},{"damage":63.0,"enemies":"Reptomancer","floor":42.0,"turns":11.0},{"damage":2.0,"enemies":"Mind Bloom Boss Battle","floor":45.0,"turns":10.0},{"damage":0.0,"enemies":"Maw","floor":48.0,"turns":9.0},{"damage":47.0,"enemies":"Awakened One","floor":50.0,"turns":17.0},{"damage":114,"enemies":"Shield and Spear","floor":54,"turns":8}],"seed_played":"-7799542636243015360","potions_obtained":[{"floor":5.0,"key":"FairyPotion"},{"floor":7.0,"key":"Strength Potion"},{"floor":11.0,"key":"BloodPotion"},{"floor":14.0,"key":"AttackPotion"},{"floor":22.0,"key":"Swift Potion"},{"floor":25.0,"key":"PowerPotion"},{"floor":33.0,"key":"SteroidPotion"},{"floor":36.0,"key":"SteroidPotion"},{"floor":37.0,"key":"Regen Potion"},{"floor":42.0,"key":"GamblersBrew"}],"is_trial":false,"path_per_floor":["?","?","?","?","M","?","M","?","?","$"],"character_chosen":"IRONCLAD","items_purchased":["Bag of Marbles","Inflame","Warcry","Ghostly Armor","Whetstone","Discovery","Entrench","Uppercut","Impervious","Whirlwind","Lee\u0027s Waffle"],"campfire_rested":2,"item_purchase_floors":[8,8,8,24,24,24,28,28,39,47,53],"current_hp_per_floor":[79,68,70,70,75,75,50,50,50,56,59,59,59,59,59,54,74,80,80,63,77,80,80,80,63,63,63,63,63,69,69,69,74,79,71,77,80,72,72,53,53,11,11,39,68,94,94,94,94,53,84,84,101,0],"gold":26,"neow_bonus":"ONE_RANDOM_RARE_CARD","is_prod":false,"is_daily":false,"chose_seed":false,"campfire_upgraded":8,"win_rate":0,"timestamp":1556718615,"path_taken":["M","?","M","?","M","R","E","$","T","M","E","R","?","E","R","BOSS","M","?","M","M","?","R","$","E","T","R","$","R","E","?","R","BOSS","M","M","?","M","$","E","?","E","T","R","?","R","?","M","R","BOSS","R","$","E"],"build_version":"2019-01-23","purchased_purges":3,"victory":false,"max_hp_per_floor":[80,80,80,80,80,80,80,80,80,80,80,80,80,80,80,80,80,80,80,80,80,80,80,80,80,80,80,80,80,80,80,80,80,80,80,80,80,80,80,94,94,94,94,94,94,94,94,94,94,94,94,94,101,101],"card_choices":[{"not_picked":["Sword Boomerang","Clash","Corruption"],"picked":"SKIP","floor":1.0},{"not_picked":["Wild Strike","Searing Blow"],"picked":"Carnage","floor":3.0},{"not_picked":["Carnage","Power Through"],"picked":"Disarm","floor":5.0},{"not_picked":["Power Through","Body Slam"],"picked":"Anger","floor":7.0},{"not_picked":["Thunderclap","Rage"],"picked":"Shrug It Off","floor":10.0},{"not_picked":["Havoc","Flex"],"picked":"Barricade","floor":11.0},{"not_picked":["Anger","Reckless Charge"],"picked":"Armaments","floor":14.0},{"not_picked":["Bludgeon","Offering"],"picked":"Impervious","floor":16.0},{"not_picked":["Anger","Sentinel","Warcry"],"picked":"SKIP","floor":18.0},{"not_picked":["Rampage","Hemokinesis"],"picked":"Ghostly Armor","floor":20.0},{"not_picked":["Clash","Blood for Blood"],"picked":"True Grit","floor":21.0},{"not_picked":["Pommel Strike","Pummel"],"picked":"Armaments+1","floor":22.0},{"not_picked":["Cleave+1","Infernal Blade","Clash"],"picked":"SKIP","floor":25.0},{"not_picked":["Armaments","Immolate"],"picked":"Seeing Red","floor":30.0},{"not_picked":["Dark Embrace","Fiend Fire"],"picked":"Juggernaut","floor":33.0},{"not_picked":["Clash+1","Twin Strike+1","Carnage"],"picked":"SKIP","floor":35.0},{"not_picked":["Armaments","Thunderclap"],"picked":"Carnage+1","floor":36.0},{"not_picked":["Havoc","True Grit"],"picked":"Iron Wave","floor":37.0},{"not_picked":["Perfected Strike","Power Through+1","Cleave+1"],"picked":"SKIP","floor":38.0},{"not_picked":["Wild Strike","Rampage"],"picked":"Disarm","floor":40.0},{"not_picked":["Barricade","Brutality"],"picked":"Inflame+1","floor":42.0},{"not_picked":["Bloodletting+1","Clash+1"],"picked":"Clothesline+1","floor":48.0}],"player_experience":199318,"relics_obtained":[{"floor":7.0,"key":"Happy Flower"},{"floor":9.0,"key":"Anchor"},{"floor":11.0,"key":"MawBank"},{"floor":14.0,"key":"Art of War"},{"floor":25.0,"key":"Orichalcum"},{"floor":26.0,"key":"Smiling Mask"},{"floor":30.0,"key":"Boot"},{"floor":40.0,"key":"Mango"},{"floor":42.0,"key":"Pantograph"},{"floor":45.0,"key":"Calipers"}],"event_choices":[{"damage_healed":0.0,"max_hp_gain":0.0,"max_hp_loss":0.0,"gold_gain":75.0,"event_name":"World of Goop","player_choice":"Gather Gold","floor":2.0,"gold_loss":0.0,"damage_taken":11.0},{"damage_healed":0.0,"max_hp_gain":0.0,"max_hp_loss":0.0,"gold_gain":55.0,"event_name":"Golden Wing","player_choice":"Gained Gold","floor":4.0,"gold_loss":0.0,"damage_taken":0.0},{"cards_removed":["Strike_R"],"damage_healed":0.0,"max_hp_gain":0.0,"max_hp_loss":0.0,"gold_gain":0.0,"event_name":"Living Wall","player_choice":"Forget","floor":13.0,"gold_loss":0.0,"damage_taken":0.0},{"damage_healed":0.0,"max_hp_gain":0.0,"max_hp_loss":0.0,"gold_gain":0.0,"event_name":"N\u0027loth","player_choice":"Ignored","floor":19.0,"gold_loss":0.0,"damage_taken":0.0},{"damage_healed":0.0,"max_hp_gain":0.0,"max_hp_loss":0.0,"gold_gain":100.0,"event_name":"The Joust","player_choice":"Bet on Murderer","floor":31.0,"gold_loss":50.0,"damage_taken":0.0},{"damage_healed":0.0,"max_hp_gain":0.0,"max_hp_loss":0.0,"gold_gain":0.0,"event_name":"Mysterious Sphere","player_choice":"Ignored","floor":41.0,"gold_loss":0.0,"damage_taken":0.0},{"damage_healed":0.0,"max_hp_gain":0.0,"max_hp_loss":0.0,"gold_gain":0.0,"event_name":"MindBloom","player_choice":"Fight","floor":45.0,"gold_loss":0.0,"damage_taken":0.0}],"is_beta":false,"boss_relics":[{"not_picked":["Ectoplasm","Tiny House"],"picked":"Philosopher\u0027s Stone"},{"not_picked":["Snecko Eye","Runic Cube"],"picked":"Cursed Key"}],"items_purged_floors":[24,28,47],"is_endless":false,"potions_floor_spawned":[5,7,11,14,16,20,22,25,33,36,37,38,42,45],"killed_by":"Shield and Spear","ascension_level":5}