{"gold_per_floor":[110,110,29,29,42,42,72,72,72,72,89,105,105,118,118,193,193,213,213,226,236,250,250,285,303,303,303,316,344,344,107,107,181,181,192,212,230,247,274,274,25,25,51,51,85,10,24,35,35,35],"floor_reached":50,"playtime":6392,"items_purged":["Strike_G"],"score":1228,"play_id":"c8806709-97c2-49f6-9805-28e6b257aaaf","local_time":"20190419190210","is_ascension_mode":true,"campfire_choices":[{"data":"Well Laid Plans","floor":6,"key":"SMITH"},{"data":"Dash","floor":8,"key":"SMITH"},{"data":"Deadly Poison","floor":10,"key":"SMITH"},{"data":"Caltrops","floor":13,"key":"SMITH"},{"data":"Adrenaline","floor":15,"key":"SMITH"},{"floor":23,"key":"REST"},{"floor":30,"key":"REST"},{"floor":32,"key":"REST"},{"floor":40,"key":"REST"},{"data":"Catalyst","floor":42,"key":"SMITH"},{"data":"Calculated Gamble","floor":44,"key":"SMITH"},{"floor":49,"key":"RECALL"}],"neow_cost":"NONE","seed_source_timestamp":38466242234279,"circlet_count":0,"master_deck":["AscendersBane","Defend_G","Defend_G","Defend_G+1","Defend_G","Defend_G","Strike_G","Survivor+1","Neutralize+1","Skewer","Well Laid Plans+1","Dash+1","Deadly Poison+1","Caltrops+1","Adrenaline+1","Adrenaline","Bouncing Flask","Adrenaline+1","Dagger Spray+1","Acrobatics+1","Bouncing Flask+1","Well Laid Plans","Prepared+1","Tools of the Trade","Catalyst+1","Calculated Gamble+1","Deadly Poison+1","PiercingWail","Bane+1","Reflex","Dash","Footwork+1"],"relics":["Ring of the Snake","NeowsBlessing","Dodecahedron","Bottled Lightning","Sozu","Matryoshka","Mango","Lantern","Blood Vial","War Paint","Lizard Tail","Potion Belt","TwistedFunnel","Omamori","Bag of Marbles"],"potions_floor_usage":[14,14,16,24,24],"damage_taken":[{"damage":0,"enemies":"2 Louse","floor":1,"turns":1},{"damage":0,"enemies":"Small Slimes","floor":5,"turns":1},{"damage":0,"enemies":"Gremlin Nob","floor":7,"turns":1},{"damage":0,"enemies":"Cultist","floor":11,"turns":3},{"damage":0,"enemies":"Blue Slaver","floor":12,"turns":4},{"damage":0,"enemies":"Gremlin Gang","floor":14,"turns":5},{"damage":0,"enemies":"The Guardian","floor":16,"turns":9},{"damage":13,"enemies":"Shell Parasite","floor":18,"turns":4},{"damage":2,"enemies":"Chosen","floor":20,"turns":4},{"damage":6,"enemies":"Snake Plant","floor":21,"turns":3},{"damage":10,"enemies":"3 Cultists","floor":22,"turns":4},{"damage":27,"enemies":"Slavers","floor":24,"turns":5},{"damage":2,"enemies":"Centurion and Healer","floor":25,"turns":5},{"damage":2,"enemies":"Cultist and Chosen","floor":28,"turns":4},{"damage":19,"enemies":"Gremlin Leader","floor":29,"turns":6},{"damage":32,"enemies":"Champ","floor":33,"turns":12},{"damage":11,"enemies":"3 Shapes","floor":35,"turns":5},{"damage":7,"enemies":"Orb Walker","floor":36,"turns":3},{"damage":20,"enemies":"Jaw Worm Horde","floor":37,"turns":5},{"damage":10,"enemies":"Maw","floor":38,"turns":6},{"damage":16,"enemies":"Giant Head","floor":45,"turns":6},{"damage":2,"enemies":"Transient","floor":47,"turns":6},{"damage":4,"enemies":"Jaw Worm Horde","floor":48,"turns":4},{"damage":87,"enemies":"Awakened One","floor":50,"turns":10}],"seed_played":"3775434294863001991","potions_obtained":[{"floor":5,"key":"EntropicBrew"},{"floor":14,"key":"AttackPotion"},{"floor":16,"key":"FearPotion"}],"is_trial":false,"path_per_floor":["M","?","$","?","M","R","E","R","T","R","M","M","R","M","R","B",null,"M","?","M","M","M","R","E","M","T","?","M","E","R","$","R","B",null,"M","M","M","M","T","R","$","R","T","R","E","?","M","M","R","B"],"character_chosen":"THE_SILENT","items_purchased":["Well Laid Plans","War Paint","TwistedFunnel","PiercingWail"],"campfire_rested":4,"item_purchase_floors":[3,31,41,41],"current_hp_per_floor":[59,59,59,39,39,39,39,39,39,39,39,39,39,39,39,39,59,46,46,44,38,28,47,20,18,32,32,30,11,35,35,59,29,67,58,53,35,27,27,51,51,51,51,51,37,37,37,35,35,0],"gold":35,"neow_bonus":"THREE_ENEMY_KILL","is_prod":false,"is_daily":false,"chose_seed":false,"campfire_upgraded":7,"win_rate":0,"timestamp":1555693330,"path_taken":["M","?","$","?","M","R","E","R","T","R","M","M","R","M","R","BOSS","M","?","M","?","M","R","E","M","T","?","M","E","R","$","R","BOSS","M","M","?","M","?","R","$","R","T","R","E","?","M","M","R","BOSS"],"build_version":"2019-01-23","purchased_purges":1,"victory":false,"max_hp_per_floor":[66,66,66,66,66,66,66,66,66,66,66,66,66,66,66,66,66,66,66,66,66,66,66,66,66,80,80,80,80,80,80,80,80,80,80,80,80,80,80,80,80,80,80,80,80,80,80,80,80,80],"card_choices":[{"not_picked":["Cloak And Dagger","Bane"],"picked":"Skewer","floor":1},{"not_picked":["Deflect","Cloak And Dagger"],"picked":"Dash","floor":5},{"not_picked":["Dagger Throw","Eviscerate"],"picked":"Deadly Poison","floor":7},{"not_picked":["Slice","Dagger Spray"],"picked":"Caltrops","floor":11},{"not_picked":["Poisoned Stab","Cloak And Dagger","Choke"],"picked":"SKIP","floor":12},{"not_picked":["Deadly Poison","Deflect"],"picked":"Adrenaline","floor":14},{"not_picked":["Wraith Form v2","Venomology"],"picked":"Adrenaline","floor":16},{"not_picked":["Poisoned Stab","Prepared"],"picked":"Bouncing Flask","floor":18},{"not_picked":["Outmaneuver","Expertise"],"picked":"Dagger Spray+1","floor":20},{"not_picked":["Dagger Spray","Deflect"],"picked":"Acrobatics","floor":21},{"not_picked":["Quick Slash","Dagger Throw"],"picked":"Bouncing Flask","floor":22},{"not_picked":["Cloak And Dagger","Dagger Spray","Deadly Poison"],"picked":"SKIP","floor":24},{"not_picked":["Bouncing Flask","All Out Attack"],"picked":"Well Laid Plans","floor":25},{"not_picked":["Concentrate+1","Prepared","Poisoned Stab"],"picked":"SKIP","floor":28},{"not_picked":["Unload","Storm of Steel"],"picked":"Prepared+1","floor":29},{"not_picked":["Bullet Time","Venomology"],"picked":"Tools of the Trade","floor":33},{"not_picked":["Slice","Skewer"],"picked":"Catalyst","floor":35},{"not_picked":["Accuracy+1","Skewer","Acrobatics+1"],"picked":"SKIP","floor":36},{"not_picked":["Blade Dance","Deadly Poison+1"],"picked":"Calculated Gamble","floor":37},{"not_picked":["Backstab","Skewer"],"picked":"Deadly Poison+1","floor":38},{"not_picked":["Phantasmal Killer","Accuracy"],"picked":"Bane+1","floor":45},{"not_picked":["Noxious Fumes","Deflect"],"picked":"Footwork+1","floor":47},{"not_picked":["Dagger Spray","Bane","Deflect+1"],"picked":"SKIP","floor":48}],"player_experience":3151377,"relics_obtained":[{"floor":7,"key":"Dodecahedron"},{"floor":9,"key":"Bottled Lightning"},{"floor":24,"key":"Matryoshka"},{"floor":26,"key":"Mango"},{"floor":26,"key":"Lantern"},{"floor":29,"key":"Blood Vial"},{"floor":39,"key":"Potion Belt"},{"floor":43,"key":"Omamori"},{"floor":45,"key":"Bag of Marbles"}],"event_choices":[{"damage_healed":0,"gold_gain":0,"player_choice":"Grow","damage_taken":0,"max_hp_gain":0,"max_hp_loss":0,"event_name":"Living Wall","floor":2,"gold_loss":0,"cards_upgraded":["Neutralize"]},{"damage_healed":0,"gold_gain":0,"player_choice":"Entered Light","damage_taken":20,"max_hp_gain":0,"max_hp_loss":0,"event_name":"Shining Light","floor":4,"gold_loss":0,"cards_upgraded":["Survivor","Defend_G"]},{"damage_healed":0,"gold_gain":0,"player_choice":"Copied","damage_taken":0,"max_hp_gain":0,"max_hp_loss":0,"event_name":"Duplicator","floor":19,"gold_loss":0,"cards_obtained":["Adrenaline"]},{"cards_removed":["Strike_G"],"damage_healed":0,"gold_gain":0,"player_choice":"Offered Basic","damage_taken":0,"max_hp_gain":0,"max_hp_loss":0,"event_name":"Bonfire Elementals","floor":27,"gold_loss":0},{"damage_healed":0,"gold_gain":0,"cards_transformed":["Strike_G","Strike_G"],"player_choice":"Transformed Cards","damage_taken":0,"max_hp_gain":0,"max_hp_loss":0,"event_name":"Designer","floor":46,"gold_loss":75,"cards_obtained":["Reflex","Dash"]}],"is_beta":false,"boss_relics":[{"not_picked":["Astrolabe","Orrery"],"picked":"Sozu"},{"not_picked":["Runic Pyramid","White Beast Statue"],"picked":"Lizard Tail"}],"items_purged_floors":[31],"is_endless":false,"potions_floor_spawned":[5,14,16,18,21,25,36,38,45],"killed_by":"Awakened One","ascension_level":20}