{"gold_per_floor":[216,233,134,34,34,34,68,86,134,166,90,90,109,109,109,205,205,216,205,205,46,63,63,63],"floor_reached":24,"playtime":1255,"items_purged":["Strike_G","Defend_G"],"score":224,"play_id":"11930de6-4b25-4a70-8050-a20975e77a51","local_time":"20190419142329","is_ascension_mode":true,"campfire_choices":[{"data":"Poisoned Stab","floor":6.0,"key":"SMITH"},{"floor":12.0,"key":"REST"},{"floor":15.0,"key":"REST"},{"floor":23,"key":"REST"}],"neow_cost":"NONE","seed_source_timestamp":465380418721785,"circlet_count":0,"master_deck":["Defend_G","Defend_G","Defend_G","Defend_G","Strike_G","Strike_G","Strike_G","Survivor","Neutralize","PiercingWail","Poisoned Stab+1","Cloak And Dagger","Dagger Spray","Infinite Blades","Footwork","Doppelganger","Cloak And Dagger","Noxious Fumes+1","Backstab","Terror"],"special_seed":0,"relics":["Ring of the Snake","NlothsMask","Pen Nib","Orichalcum","HoveringKite"],"potions_floor_usage":[],"damage_taken":[{"damage":1.0,"enemies":"Cultist","floor":1.0,"turns":4.0},{"damage":11.0,"enemies":"Jaw Worm","floor":2.0,"turns":5.0},{"damage":24.0,"enemies":"Lagavulin","floor":7.0,"turns":9.0},{"damage":0.0,"enemies":"2 Louse","floor":8.0,"turns":1.0},{"damage":33.0,"enemies":"3 Sentries","floor":10.0,"turns":10.0},{"damage":0.0,"enemies":"Exordium Thugs","floor":13.0,"turns":5.0},{"damage":43.0,"enemies":"Slime Boss","floor":16.0,"turns":15.0},{"damage":13.0,"enemies":"Chosen","floor":18.0,"turns":7.0},{"damage":0,"enemies":"2 Thieves","floor":19,"turns":4},{"damage":37,"enemies":"Sentry and Sphere","floor":22,"turns":6},{"damage":0,"enemies":"Slavers","floor":24,"turns":1}],"seed_played":"8370868378702163545","potions_obtained":[{"floor":2.0,"key":"Explosive Potion"},{"floor":10.0,"key":"Regen Potion"},{"floor":16.0,"key":"Weak Potion"},{"floor":22,"key":"EssenceOfSteel"}],"is_trial":false,"path_per_floor":["$","?","M","?","?","$","M"],"character_chosen":"THE_SILENT","items_purchased":["Cloak And Dagger","Footwork","Backstab","Terror"],"campfire_rested":3,"item_purchase_floors":[3,11,21,21],"current_hp_per_floor":[69,58,58,58,58,58,34,34,34,1,1,22,37,37,58,15,70,57,57,57,57,20,41,41],"gold":63,"neow_bonus":"HUNDRED_GOLD","is_prod":false,"is_daily":false,"chose_seed":false,"campfire_upgraded":1,"win_rate":0,"timestamp":1555676609,"path_taken":["M","M","?","$","?","R","E","M","T","E","$","R","?","?","R","BOSS","M","M","?","?","?","R","E"],"build_version":"2019-01-23","purchased_purges":2,"victory":false,"max_hp_per_floor":[70,70,70,70,70,70,70,70,70,70,70,70,70,70,70,70,70,70,70,70,70,70,70,70],"card_choices":[{"not_picked":["Dagger Throw","Setup"],"picked":"PiercingWail","floor":1.0},{"not_picked":["Sucker Punch","Backflip"],"picked":"Poisoned Stab","floor":2.0},{"not_picked":["Deflect","Backflip"],"picked":"Dagger Spray","floor":7.0},{"not_picked":["Dagger Spray","Masterful Stab","Quick Slash"],"picked":"SKIP","floor":8.0},{"not_picked":["Expertise","Quick Slash"],"picked":"Infinite Blades","floor":10.0},{"not_picked":["Dagger Throw","PiercingWail","Expertise"],"picked":"SKIP","floor":13.0},{"not_picked":["Bullet Time","Glass Knife"],"picked":"Doppelganger","floor":16.0},{"not_picked":["Backflip+1","Poisoned Stab"],"picked":"Cloak And Dagger","floor":18.0},{"not_picked":["Footwork","Dagger Throw+1"],"picked":"Noxious Fumes","floor":19},{"not_picked":["Distraction","Acrobatics","Infinite Blades"],"picked":"SKIP","floor":22}],"player_experience":114197,"relics_obtained":[{"floor":7.0,"key":"Pen Nib"},{"floor":10.0,"key":"Orichalcum"}],"event_choices":[{"damage_healed":0.0,"max_hp_gain":0.0,"max_hp_loss":0.0,"gold_gain":0.0,"event_name":"FaceTrader","player_choice":"Trade","floor":5.0,"gold_loss":0.0,"damage_taken":0.0,"relics_obtained":["NlothsMask"]},{"cards_removed":["Strike_G"],"damage_healed":0.0,"max_hp_gain":0.0,"max_hp_loss":0.0,"gold_gain":0.0,"event_name":"Living Wall","player_choice":"Forget","floor":14.0,"gold_loss":0.0,"damage_taken":0.0},{"damage_healed":0,"gold_gain":0,"player_choice":"Forge","damage_taken":0,"max_hp_gain":0,"max_hp_loss":0,"event_name":"Accursed Blacksmith","floor":20,"gold_loss":0,"cards_upgraded":["Noxious Fumes"]}],"is_beta":false,"boss_relics":[{"not_picked":["Runic Pyramid","Snecko Eye"],"picked":"HoveringKite"}],"items_purged_floors":[3,4],"is_endless":false,"potions_floor_spawned":[2,10,16,22],"killed_by":"Slavers","ascension_level":2}