{"gold_per_floor":[118,118,129,129,144,144,171,187,187,187,203,233,233,258,258,331,331,341,341,19,69,69,69,97,97,97,130,145,145],"floor_reached":29,"playtime":3206,"items_purged":["Regret"],"score":583,"play_id":"b6d563d8-5dcd-4574-ab1c-597011b185c2","local_time":"20190312053920","is_ascension_mode":true,"campfire_choices":[{"data":"Dash","floor":6,"key":"SMITH"},{"floor":10,"key":"REST"},{"floor":13,"key":"REST"},{"data":"Catalyst","floor":15,"key":"SMITH"},{"data":"Bouncing Flask","floor":23,"key":"SMITH"},{"floor":25,"key":"REST"}],"neow_cost":"NONE","seed_source_timestamp":493618823161181,"circlet_count":0,"master_deck":["AscendersBane","Defend_G","Defend_G","Defend_G","Defend_G","Defend_G","Survivor","Neutralize+1","Flying Knee","Dash+1","Catalyst+1","Bouncing Flask+1","Footwork","Deadly Poison","Infinite Blades","Caltrops","Bullet Time","Doubt","Injury","Bite","Bite","Bite","Bite","Bite","Noxious Fumes+1","Outmaneuver","Escape Plan","Endless Agony"],"relics":["Ring of the Snake","NeowsBlessing","GremlinMask","Dead Branch","Ginger","Bird Faced Urn","Snake Skull","Calling Bell","Bronze Scales","Frozen Egg 2","Nunchaku","Happy Flower","Question Card","PreservedInsect"],"potions_floor_usage":[7,14,16,16,24,24,27],"damage_taken":[{"damage":0,"enemies":"2 Louse","floor":1,"turns":1},{"damage":0,"enemies":"Jaw Worm","floor":3,"turns":1},{"damage":0,"enemies":"Cultist","floor":5,"turns":1},{"damage":26,"enemies":"Gremlin Nob","floor":7,"turns":5},{"damage":17,"enemies":"Exordium Thugs","floor":8,"turns":5},{"damage":2,"enemies":"Blue Slaver","floor":11,"turns":4},{"damage":14,"enemies":"3 Sentries","floor":12,"turns":10},{"damage":16,"enemies":"Lagavulin","floor":14,"turns":7},{"damage":19,"enemies":"Slime Boss","floor":16,"turns":8},{"damage":9,"enemies":"Spheric Guardian","floor":18,"turns":4},{"damage":26,"enemies":"Gremlin Leader","floor":24,"turns":5},{"damage":23,"enemies":"Book of Stabbing","floor":27,"turns":5},{"damage":29,"enemies":"Chosen","floor":28,"turns":5},{"damage":29,"enemies":"Masked Bandits","floor":29,"turns":2}],"seed_played":"-7989166372018859827","potions_obtained":[{"floor":3,"key":"SteroidPotion"},{"floor":11,"key":"GhostInAJar"},{"floor":12,"key":"SkillPotion"},{"floor":14,"key":"Fire Potion"},{"floor":16,"key":"AttackPotion"},{"floor":18,"key":"Swift Potion"},{"floor":24,"key":"SkillPotion"}],"is_trial":false,"path_per_floor":["M","?","M","?","M","R","E","M","T","R","M","E","R","E","R","B",null,"M","?","$","?","?","R","E","R","T","E","M","?"],"character_chosen":"THE_SILENT","items_purchased":["Noxious Fumes+1","Happy Flower"],"campfire_rested":3,"item_purchase_floors":[20,20],"current_hp_per_floor":[59,59,59,59,59,59,33,16,16,35,33,19,38,28,28,17,54,49,46,46,46,35,35,25,40,40,29,14,0],"gold":145,"neow_bonus":"THREE_ENEMY_KILL","is_prod":false,"is_daily":false,"chose_seed":false,"campfire_upgraded":3,"win_rate":0,"timestamp":1552365560,"path_taken":["M","?","M","?","M","R","E","?","T","R","M","E","R","E","R","BOSS","M","?","$","?","?","R","E","R","T","E","?","?"],"build_version":"2019-01-23","purchased_purges":1,"victory":false,"max_hp_per_floor":[66,66,66,66,66,66,66,66,66,66,66,66,66,66,66,66,66,66,46,46,46,51,51,51,51,51,51,51,51],"card_choices":[{"not_picked":["Sucker Punch","Underhanded Strike"],"picked":"Flying Knee","floor":1},{"not_picked":["Flying Knee","Bane"],"picked":"Dash","floor":3},{"not_picked":["Acrobatics","Deadly Poison"],"picked":"Catalyst","floor":5},{"not_picked":["Sucker Punch","Glass Knife"],"picked":"Bouncing Flask","floor":7},{"not_picked":["Escape Plan","Dagger Spray"],"picked":"Footwork","floor":8},{"not_picked":["Sucker Punch","Acrobatics"],"picked":"Deadly Poison","floor":11},{"not_picked":["Prepared","PiercingWail"],"picked":"Infinite Blades","floor":12},{"not_picked":["Distraction","Unload"],"picked":"Caltrops","floor":14},{"not_picked":["Wraith Form v2","Doppelganger"],"picked":"Bullet Time","floor":16},{"not_picked":["Sucker Punch","Quick Slash","Bullet Time"],"picked":"SKIP","floor":18},{"not_picked":["Blade Dance","Choke"],"picked":"Outmaneuver","floor":24},{"not_picked":["Eviscerate","Poisoned Stab","Reflex"],"picked":"Escape Plan","floor":27},{"not_picked":["Outmaneuver","Poisoned Stab","Choke"],"picked":"Endless Agony","floor":28}],"player_experience":2899564,"relics_obtained":[{"floor":7,"key":"Dead Branch"},{"floor":9,"key":"Ginger"},{"floor":12,"key":"Bird Faced Urn"},{"floor":14,"key":"Snake Skull"},{"floor":17,"key":"Bronze Scales"},{"floor":17,"key":"Frozen Egg 2"},{"floor":17,"key":"Nunchaku"},{"floor":24,"key":"Question Card"},{"floor":27,"key":"PreservedInsect"}],"event_choices":[{"damage_healed":0,"gold_gain":0,"player_choice":"Grow","damage_taken":0,"max_hp_gain":0,"max_hp_loss":0,"event_name":"Living Wall","floor":2,"gold_loss":0,"cards_upgraded":["Neutralize"]},{"damage_healed":0,"gold_gain":0,"player_choice":"Trade","damage_taken":0,"relics_obtained":["GremlinMask"],"max_hp_gain":0,"max_hp_loss":0,"event_name":"FaceTrader","floor":4,"gold_loss":0},{"damage_healed":0,"gold_gain":0,"player_choice":"Became a vampire","damage_taken":0,"max_hp_gain":0,"max_hp_loss":20,"event_name":"Vampires","floor":19,"gold_loss":0,"cards_obtained":["Bite","Bite","Bite","Bite","Bite"]},{"damage_healed":0,"gold_gain":50,"player_choice":"Stole From Cult","damage_taken":0,"max_hp_gain":0,"max_hp_loss":0,"event_name":"Nest","floor":21,"gold_loss":0},{"damage_healed":0,"gold_gain":0,"player_choice":"Shed Blood","damage_taken":16,"max_hp_gain":5,"max_hp_loss":0,"event_name":"Forgotten Altar","floor":22,"gold_loss":0},{"damage_healed":0,"gold_gain":0,"player_choice":"Fought Bandits","damage_taken":0,"max_hp_gain":0,"max_hp_loss":0,"event_name":"Masked Bandits","floor":29,"gold_loss":0}],"is_beta":false,"boss_relics":[{"not_picked":["Black Star","Philosopher\u0027s Stone"],"picked":"Calling Bell"}],"items_purged_floors":[20],"is_endless":false,"potions_floor_spawned":[3,11,12,14,16,18,24],"killed_by":"Masked Bandits","ascension_level":20}