{"gold_per_floor":[114,114,129,139,158,183,203,203,230,230],"floor_reached":10,"playtime":543,"items_purged":[],"score":74,"play_id":"bfd8252c-2251-4a97-bcea-2ac656060c9c","local_time":"20190327065325","is_ascension_mode":true,"campfire_choices":[{"data":"Armaments","floor":8,"key":"SMITH"}],"neow_cost":"NONE","seed_source_timestamp":599684105629808,"circlet_count":0,"master_deck":["Strike_R","Strike_R","Strike_R+1","Strike_R","Strike_R","Defend_R","Defend_R+1","Defend_R","Defend_R","Bash","Seeing Red","Warcry","Warcry","Cleave","Armaments+1"],"relics":["Burning Blood","NeowsBlessing","Regal Pillow"],"potions_floor_usage":[6,6,6,10],"damage_taken":[{"damage":0,"enemies":"Jaw Worm","floor":1,"turns":1},{"damage":0,"enemies":"2 Louse","floor":3,"turns":1},{"damage":0,"enemies":"Small Slimes","floor":4,"turns":1},{"damage":2,"enemies":"Looter","floor":5,"turns":4},{"damage":53,"enemies":"Gremlin Nob","floor":6,"turns":6},{"damage":7,"enemies":"3 Louse","floor":7,"turns":2},{"damage":41,"enemies":"Lagavulin","floor":10,"turns":8}],"seed_played":"2716280548253054751","potions_obtained":[{"floor":1,"key":"Strength Potion"},{"floor":3,"key":"Strength Potion"},{"floor":4,"key":"Dexterity Potion"},{"floor":7,"key":"SkillPotion"}],"is_trial":false,"path_per_floor":["?"],"character_chosen":"IRONCLAD","items_purchased":[],"campfire_rested":0,"item_purchase_floors":[],"current_hp_per_floor":[80,64,70,76,80,33,32,32,32,0],"gold":230,"neow_bonus":"THREE_ENEMY_KILL","is_prod":false,"is_daily":false,"chose_seed":false,"campfire_upgraded":1,"win_rate":0,"timestamp":1553666005,"path_taken":["M","?","M","M","M","E","M","R","T","E"],"build_version":"2019-01-23","purchased_purges":0,"victory":false,"max_hp_per_floor":[80,80,80,80,80,80,80,80,80,80],"card_choices":[{"not_picked":["Battle Trance","Reckless Charge","Spot Weakness"],"picked":"SKIP","floor":1},{"not_picked":["Combust","Flame Barrier"],"picked":"Seeing Red","floor":3},{"not_picked":["Spot Weakness","Flame Barrier"],"picked":"Warcry","floor":4},{"not_picked":["Infernal Blade","Rampage"],"picked":"Warcry","floor":5},{"not_picked":["Clothesline","Clash"],"picked":"Cleave","floor":6},{"not_picked":["Dual Wield","Havoc"],"picked":"Armaments","floor":7}],"player_experience":47117,"relics_obtained":[{"floor":6,"key":"Regal Pillow"}],"event_choices":[{"damage_healed":0,"gold_gain":0,"player_choice":"Entered Light","damage_taken":16,"max_hp_gain":0,"max_hp_loss":0,"event_name":"Shining Light","floor":2,"gold_loss":0,"cards_upgraded":["Strike_R","Defend_R"]}],"is_beta":false,"boss_relics":[],"items_purged_floors":[],"is_endless":false,"potions_floor_spawned":[1,3,4,7],"killed_by":"Lagavulin","ascension_level":1}