{"gold_per_floor":[116,116,47,65,90,90,128,128,153,153,153,17,60,78,78,199,199,124],"floor_reached":18,"playtime":1138,"items_purged":[],"score":185,"play_id":"075aa5d2-0506-4e7b-809e-2f966bb76e60","local_time":"20190419114248","is_ascension_mode":true,"campfire_choices":[{"data":"Tools of the Trade","floor":6,"key":"SMITH"},{"floor":8,"key":"REST"},{"data":"Well Laid Plans","floor":10,"key":"SMITH"},{"floor":15,"key":"REST"}],"neow_cost":"PERCENT_DAMAGE","seed_source_timestamp":455881854319956,"circlet_count":0,"master_deck":["Defend_G","Defend_G","Defend_G","Defend_G","Defend_G","Strike_G","Strike_G","Strike_G","Strike_G","Strike_G","Survivor","Neutralize","Tools of the Trade+1","Well Laid Plans+1","Dagger Throw","Dodge and Roll","Dagger Spray","Deadly Poison","Leg Sweep","PiercingWail","Terror","Blur","Adrenaline"],"relics":["Ring of the Snake","Golden Idol","Ancient Tea Set","Lantern","Juzu Bracelet","Velvet Choker"],"potions_floor_usage":[7,13,13,14,16],"damage_taken":[{"damage":1,"enemies":"Cultist","floor":1,"turns":5},{"damage":0,"enemies":"Jaw Worm","floor":4,"turns":4},{"damage":0,"enemies":"2 Louse","floor":5,"turns":2},{"damage":14,"enemies":"3 Sentries","floor":7,"turns":11},{"damage":17,"enemies":"Lagavulin","floor":13,"turns":10},{"damage":0,"enemies":"Exordium Wildlife","floor":14,"turns":2},{"damage":39,"enemies":"The Guardian","floor":16,"turns":15},{"damage":22,"enemies":"2 Thieves","floor":18,"turns":5}],"seed_played":"2336378368761732974","potions_obtained":[{"floor":1,"key":"Block Potion"},{"floor":7,"key":"Fire Potion"},{"floor":11,"key":"Dexterity Potion"},{"floor":11,"key":"SkillPotion"},{"floor":13,"key":"Explosive Potion"},{"floor":16,"key":"Dexterity Potion"}],"is_trial":false,"path_per_floor":["?","?"],"character_chosen":"THE_SILENT","items_purchased":["Dagger Throw","Dodge and Roll","Leg Sweep","PiercingWail"],"campfire_rested":2,"item_purchase_floors":[3,3,12,12],"current_hp_per_floor":[48,31,31,31,31,31,17,38,38,38,38,38,21,21,42,3,70,48],"gold":124,"neow_bonus":"THREE_RARE_CARDS","is_prod":false,"is_daily":false,"chose_seed":false,"campfire_upgraded":2,"win_rate":0,"timestamp":1555666968,"path_taken":["M","?","$","M","M","R","E","R","T","R","?","$","E","M","R","BOSS","M"],"build_version":"2019-01-23","purchased_purges":0,"victory":false,"max_hp_per_floor":[70,70,70,70,70,70,70,70,70,70,70,70,70,70,70,70,70,70],"card_choices":[{"not_picked":["Wraith Form v2","Glass Knife"],"picked":"Tools of the Trade","floor":0},{"not_picked":["Dagger Spray","Finisher"],"picked":"Well Laid Plans","floor":1},{"not_picked":["Outmaneuver","Acrobatics"],"picked":"Dagger Spray","floor":4},{"not_picked":["Underhanded Strike","Accuracy","Infinite Blades"],"picked":"SKIP","floor":5},{"not_picked":["Dagger Spray","Sucker Punch"],"picked":"Deadly Poison","floor":7},{"not_picked":["Finisher","Underhanded Strike"],"picked":"Terror","floor":13},{"not_picked":["Caltrops","Outmaneuver"],"picked":"Blur","floor":14},{"not_picked":["Storm of Steel","Phantasmal Killer"],"picked":"Adrenaline","floor":16}],"player_experience":111456,"relics_obtained":[{"floor":7,"key":"Ancient Tea Set"},{"floor":9,"key":"Lantern"},{"floor":13,"key":"Juzu Bracelet"}],"event_choices":[{"damage_healed":0,"gold_gain":0,"player_choice":"Take Damage","damage_taken":17,"relics_obtained":["Golden Idol"],"max_hp_gain":0,"max_hp_loss":0,"event_name":"Golden Idol","floor":2,"gold_loss":0},{"damage_healed":0,"gold_gain":0,"player_choice":"Got Potions","damage_taken":0,"max_hp_gain":0,"max_hp_loss":0,"event_name":"Lab","floor":11,"gold_loss":0}],"is_beta":false,"boss_relics":[{"not_picked":["Fusion Hammer","Eternal Feather"],"picked":"Velvet Choker"}],"items_purged_floors":[],"is_endless":false,"potions_floor_spawned":[1,7,13,16],"killed_by":"2 Thieves","ascension_level":2}