{"gold_per_floor":[115,3,3,78,41,74,93,93,161,193,210,210,224,237,237,311,311,331,331,342,52,71,71,71],"floor_reached":24,"playtime":2419,"items_purged":["Strike_G"],"score":562,"play_id":"df9afb40-e846-429c-b73f-9e477e3000be","local_time":"20190407231000","is_ascension_mode":true,"campfire_choices":[{"data":"Caltrops","floor":8,"key":"SMITH"},{"data":"Neutralize","floor":12,"key":"SMITH"},{"floor":15,"key":"REST"},{"floor":23,"key":"REST"}],"neow_cost":"NONE","seed_source_timestamp":953867357745879,"circlet_count":0,"master_deck":["AscendersBane","Defend_G","Defend_G","Defend_G","Defend_G","Defend_G","Strike_G","Strike_G","Strike_G","Survivor","Neutralize+1","Dagger Spray","Well Laid Plans","Caltrops+1","Skewer","PiercingWail","Blade Dance","Outmaneuver+1","Dash+1","Calculated Gamble+1","Terror+1","After Image","Cloak And Dagger+1","PiercingWail+1","Malaise+1","Noxious Fumes","Dagger Spray+1","Accuracy","Blade Dance+1","Catalyst+1"],"relics":["Ring of the Snake","NeowsBlessing","Prayer Wheel","Molten Egg 2","Toxic Egg 2","WristBlade","Shuriken"],"potions_floor_usage":[10,20,22,24,24],"damage_taken":[{"damage":0,"enemies":"Jaw Worm","floor":1,"turns":1},{"damage":0,"enemies":"Lagavulin","floor":6,"turns":1},{"damage":0,"enemies":"2 Louse","floor":7,"turns":1},{"damage":16,"enemies":"3 Sentries","floor":10,"turns":8},{"damage":0,"enemies":"Small Slimes","floor":11,"turns":4},{"damage":1,"enemies":"Red Slaver","floor":13,"turns":3},{"damage":11,"enemies":"Lots of Slimes","floor":14,"turns":3},{"damage":0,"enemies":"The Guardian","floor":16,"turns":10},{"damage":0,"enemies":"3 Byrds","floor":18,"turns":3},{"damage":2,"enemies":"Chosen","floor":20,"turns":6},{"damage":21,"enemies":"Centurion and Healer","floor":22,"turns":6},{"damage":55,"enemies":"Gremlin Leader","floor":24,"turns":7}],"seed_played":"-1002327836703667757","potions_obtained":[{"floor":7,"key":"Dexterity Potion"},{"floor":10,"key":"Ancient Potion"},{"floor":11,"key":"Energy Potion"},{"floor":20,"key":"Poison Potion"},{"floor":22,"key":"AttackPotion"}],"is_trial":false,"path_per_floor":["M","$","?","?","$","E","M","R","T","E","M","R","M","M","R","B",null,"M","?","M","$","M","R","E"],"character_chosen":"THE_SILENT","items_purchased":["Well Laid Plans","Caltrops","Shuriken","Blade Dance+1"],"campfire_rested":2,"item_purchase_floors":[2,5,21,21],"current_hp_per_floor":[59,59,52,41,41,41,41,41,41,25,25,25,24,13,32,32,58,58,58,56,56,35,54,0],"gold":71,"neow_bonus":"THREE_ENEMY_KILL","is_prod":false,"is_daily":false,"chose_seed":false,"campfire_upgraded":2,"win_rate":0,"timestamp":1554671400,"path_taken":["M","$","?","?","?","E","M","R","T","E","M","R","M","M","R","BOSS","M","?","?","$","?","R","E"],"build_version":"2019-01-23","purchased_purges":1,"victory":false,"max_hp_per_floor":[66,66,66,66,66,66,66,66,66,66,66,66,66,66,66,66,66,66,66,66,66,66,66,66],"card_choices":[{"not_picked":["Dodge and Roll","Accuracy"],"picked":"Dagger Spray","floor":1},{"not_picked":["Deflect","Backflip"],"picked":"Skewer","floor":6},{"not_picked":["Reflex","Skewer"],"picked":"PiercingWail","floor":7},{"not_picked":["Venomology","Sucker Punch"],"picked":"Blade Dance","floor":7},{"not_picked":["Infinite Blades","Skewer+1"],"picked":"Outmaneuver","floor":10},{"not_picked":["Underhanded Strike+1","Masterful Stab+1"],"picked":"Dash+1","floor":11},{"not_picked":["Prepared+1","Escape Plan+1"],"picked":"Calculated Gamble+1","floor":11},{"not_picked":["Tactician+1","Catalyst+1"],"picked":"Terror+1","floor":13},{"not_picked":["Flechettes+1","Distraction+1"],"picked":"After Image","floor":13},{"not_picked":["Deflect+1","Dagger Throw+1"],"picked":"Cloak And Dagger+1","floor":14},{"not_picked":["Acrobatics+1","Flying Knee+1"],"picked":"PiercingWail+1","floor":14},{"not_picked":["A Thousand Cuts","Glass Knife+1"],"picked":"Malaise+1","floor":16},{"not_picked":["Riddle With Holes+1","Deflect+1"],"picked":"Noxious Fumes","floor":18},{"not_picked":["Acrobatics+1","Poisoned Stab+1"],"picked":"Dagger Spray+1","floor":18},{"not_picked":["Slice+1","Bane+1"],"picked":"Accuracy","floor":20},{"not_picked":["Distraction+1","Finisher+1","Deflect+1"],"picked":"SKIP","floor":20},{"not_picked":["Deflect+1","Poisoned Stab+1"],"picked":"Catalyst+1","floor":22},{"not_picked":["Poisoned Stab+1","PiercingWail+1","Eviscerate+1"],"picked":"SKIP","floor":22}],"player_experience":3043207,"relics_obtained":[{"floor":6,"key":"Prayer Wheel"},{"floor":9,"key":"Molten Egg 2"},{"floor":10,"key":"Toxic Egg 2"}],"event_choices":[{"cards_removed":["Strike_G"],"damage_healed":0,"gold_gain":0,"player_choice":"Card Removal","damage_taken":7,"max_hp_gain":0,"max_hp_loss":0,"event_name":"Golden Wing","floor":3,"gold_loss":0},{"damage_healed":0,"gold_gain":75,"player_choice":"Gather Gold","damage_taken":11,"max_hp_gain":0,"max_hp_loss":0,"event_name":"World of Goop","floor":4,"gold_loss":0},{"damage_healed":0,"gold_gain":0,"player_choice":"Got Potions","damage_taken":0,"max_hp_gain":0,"max_hp_loss":0,"event_name":"Lab","floor":19,"gold_loss":0}],"is_beta":false,"boss_relics":[{"not_picked":["HoveringKite","Lizard Tail"],"picked":"WristBlade"}],"items_purged_floors":[2],"is_endless":false,"potions_floor_spawned":[7,10,11,16,20,22],"killed_by":"Gremlin Leader","ascension_level":20}