{"gold_per_floor":[111,111,261,86,86,149,163,163,163,181,181,206,216,116,116,189,189,207,224,238,238,66,101,113,136,226,238,250,274,286,309,321,408,420,448,475,542,573,585,597,609,53,99,126,126,146,146,161,161,161],"floor_reached":50,"playtime":4911,"items_purged":["Regret","Doubt","Writhe"],"score":1150,"play_id":"d8966949-f07c-4847-91b5-0ab0590c951b","local_time":"20190313071205","is_ascension_mode":true,"campfire_choices":[{"data":"Neutralize","floor":8,"key":"SMITH"},{"data":"Crippling Poison","floor":11,"key":"SMITH"},{"floor":15,"key":"REST"},{"floor":24,"key":"REST"},{"floor":27,"key":"REST"},{"floor":30,"key":"REST"},{"floor":32,"key":"REST"},{"floor":40,"key":"REST"},{"data":"Wraith Form v2","floor":41,"key":"SMITH"},{"data":"Catalyst","floor":45,"key":"SMITH"},{"floor":47,"key":"RECALL"},{"floor":49,"key":"REST"}],"neow_cost":"NONE","seed_source_timestamp":583884030395554,"circlet_count":0,"master_deck":["AscendersBane","Defend_G","Defend_G","Defend_G","Defend_G","Defend_G","Strike_G","Strike_G","Strike_G","Survivor","Neutralize+1","PiercingWail","Deadly Poison","Well Laid Plans","Crippling Poison+1","Backflip","Accuracy","Skewer","Dagger Spray","Wraith Form v2+1","Backflip","Accuracy+1","Infinite Blades","Catalyst+1","Catalyst","Blade Dance","Doubt","Choke","Terror","Poisoned Stab","Tools of the Trade","Calculated Gamble","Flying Knee+1","Blade Dance","Accuracy","Bouncing Flask","Deadly Poison","Clumsy","Deadly Poison","Corpse Explosion","Infinite Blades"],"relics":["Ring of the Snake","NeowsBlessing","Lantern","Regal Pillow","Tiny Chest","Ninja Scroll","WingedGreaves","Cursed Key","MawBank","Bottled Tornado","Runic Pyramid","Toy Ornithopter","Snake Skull","Shuriken"],"potions_floor_usage":[12,16,23,33,38,38,44],"damage_taken":[{"damage":0,"enemies":"2 Louse","floor":1,"turns":1},{"damage":0,"enemies":"3 Sentries","floor":6,"turns":1},{"damage":0,"enemies":"Jaw Worm","floor":7,"turns":1},{"damage":0,"enemies":"Cultist","floor":10,"turns":3},{"damage":24,"enemies":"Lagavulin","floor":12,"turns":6},{"damage":0,"enemies":"Gremlin Gang","floor":13,"turns":3},{"damage":15,"enemies":"The Guardian","floor":16,"turns":13},{"damage":14,"enemies":"Spheric Guardian","floor":18,"turns":7},{"damage":0,"enemies":"3 Byrds","floor":19,"turns":3},{"damage":11,"enemies":"Snake Plant","floor":20,"turns":5},{"damage":35,"enemies":"Book of Stabbing","floor":23,"turns":7},{"damage":16,"enemies":"Snecko","floor":25,"turns":6},{"damage":48,"enemies":"Sentry and Sphere","floor":29,"turns":8},{"damage":13,"enemies":"Centurion and Healer","floor":31,"turns":6},{"damage":58,"enemies":"Automaton","floor":33,"turns":12},{"damage":23,"enemies":"3 Darklings","floor":35,"turns":7},{"damage":1,"enemies":"Orb Walker","floor":36,"turns":3},{"damage":21,"enemies":"Spire Growth","floor":38,"turns":5},{"damage":11,"enemies":"Reptomancer","floor":44,"turns":6},{"damage":0,"enemies":"Maw","floor":46,"turns":4},{"damage":6,"enemies":"Sphere and 2 Shapes","floor":48,"turns":3},{"damage":90,"enemies":"Time Eater","floor":50,"turns":7}],"seed_played":"5135370818406077585","potions_obtained":[{"floor":6,"key":"SkillPotion"},{"floor":12,"key":"Weak Potion"},{"floor":13,"key":"EssenceOfSteel"},{"floor":16,"key":"Energy Potion"},{"floor":23,"key":"LiquidBronze"},{"floor":33,"key":"EntropicBrew"},{"floor":44,"key":"FairyPotion"}],"is_trial":false,"path_per_floor":["M","?","?","$","?","E","M","R","T","M","R","E","M","$","R","B",null,"M","M","M","?","$","E","R","M","T","R","?","M","R","M","R","B",null,"M","M","T","M","?","R","R","$","T","E","R","M","R","M","R","B"],"character_chosen":"THE_SILENT","items_purchased":["Deadly Poison","Well Laid Plans","Infinite Blades","Catalyst","Accuracy","Bouncing Flask","Deadly Poison","Toy Ornithopter"],"campfire_rested":7,"item_purchase_floors":[4,4,22,22,42,42,42,42],"current_hp_per_floor":[59,59,59,59,54,54,54,54,54,54,54,30,30,30,64,49,62,48,48,37,37,37,2,36,20,20,54,54,6,40,27,61,3,50,27,26,26,5,5,39,39,39,39,33,33,33,33,27,61,0],"gold":161,"neow_bonus":"THREE_ENEMY_KILL","is_prod":false,"is_daily":false,"chose_seed":false,"campfire_upgraded":4,"win_rate":0,"timestamp":1552457525,"path_taken":["M","?","?","$","?","E","M","R","T","?","R","E","?","$","R","BOSS","M","?","M","?","$","E","R","?","T","R","?","M","R","M","R","BOSS","M","M","?","?","?","R","R","$","T","E","R","M","R","M","R","BOSS"],"build_version":"2019-01-23","purchased_purges":3,"victory":false,"max_hp_per_floor":[66,66,66,66,66,66,66,66,66,66,66,66,66,66,66,66,66,66,66,66,66,66,66,66,66,66,66,66,66,66,66,66,66,66,66,66,66,66,66,66,66,66,66,66,66,66,66,66,66,66],"card_choices":[{"not_picked":["Bane","Prepared"],"picked":"PiercingWail","floor":1},{"not_picked":["Well Laid Plans","Grand Finale"],"picked":"Crippling Poison","floor":6},{"not_picked":["Deflect","PiercingWail"],"picked":"Backflip","floor":7},{"not_picked":["Prepared","Eviscerate"],"picked":"Accuracy","floor":10},{"not_picked":["Caltrops","Backflip"],"picked":"Skewer","floor":12},{"not_picked":["Poisoned Stab","Sucker Punch"],"picked":"Dagger Spray","floor":13},{"not_picked":["Unload","Venomology"],"picked":"Wraith Form v2","floor":16},{"not_picked":["Dagger Spray","Skewer"],"picked":"Backflip","floor":18},{"not_picked":["Predator","Prepared"],"picked":"Accuracy+1","floor":19},{"not_picked":["Dagger Throw","Tactician","Prepared"],"picked":"SKIP","floor":20},{"not_picked":["Sucker Punch","Backflip"],"picked":"Catalyst","floor":23},{"not_picked":["Expertise","Dagger Spray"],"picked":"Blade Dance","floor":25},{"not_picked":["Sucker Punch","Bane"],"picked":"Terror","floor":29},{"not_picked":["Dagger Spray","Dodge and Roll"],"picked":"Poisoned Stab","floor":31},{"not_picked":["Envenom","Grand Finale"],"picked":"Tools of the Trade","floor":33},{"not_picked":["Masterful Stab+1","Bouncing Flask+1"],"picked":"Calculated Gamble","floor":35},{"not_picked":["Eviscerate","Underhanded Strike"],"picked":"Flying Knee+1","floor":36},{"not_picked":["Cloak And Dagger","Predator"],"picked":"Blade Dance","floor":38},{"not_picked":["Endless Agony+1","Bane+1"],"picked":"Deadly Poison","floor":44},{"not_picked":["Flying Knee+1","Sucker Punch"],"picked":"Corpse Explosion","floor":46},{"not_picked":["Prepared+1","Dagger Spray"],"picked":"Infinite Blades","floor":48}],"player_experience":2905252,"relics_obtained":[{"floor":6,"key":"Tiny Chest"},{"floor":9,"key":"Ninja Scroll"},{"floor":12,"key":"WingedGreaves"},{"floor":23,"key":"MawBank"},{"floor":26,"key":"Bottled Tornado"},{"floor":43,"key":"Snake Skull"},{"floor":44,"key":"Shuriken"}],"event_choices":[{"damage_healed":0,"gold_gain":0,"player_choice":"Box","damage_taken":0,"relics_obtained":["Lantern"],"max_hp_gain":0,"max_hp_loss":0,"event_name":"Big Fish","floor":2,"gold_loss":0,"cards_obtained":["Regret"]},{"damage_healed":0,"gold_gain":150,"player_choice":"AGREE","damage_taken":0,"max_hp_gain":0,"max_hp_loss":0,"event_name":"Liars Game","floor":3,"gold_loss":0,"cards_obtained":["Doubt"]},{"damage_healed":0,"gold_gain":0,"player_choice":"Success","damage_taken":5,"relics_obtained":["Regal Pillow"],"max_hp_gain":0,"max_hp_loss":0,"event_name":"Scrap Ooze","floor":5,"gold_loss":0},{"cards_removed":["Strike_G"],"damage_healed":0,"gold_gain":0,"player_choice":"Purged","damage_taken":0,"max_hp_gain":0,"max_hp_loss":0,"event_name":"Purifier","floor":21,"gold_loss":0},{"damage_healed":0,"gold_gain":0,"cards_transformed":["Strike_G"],"player_choice":"Transformed","damage_taken":0,"max_hp_gain":0,"max_hp_loss":0,"event_name":"Transmorgrifier","floor":28,"gold_loss":0,"cards_obtained":["Choke"]},{"damage_healed":0,"gold_gain":0,"player_choice":"Ignored","damage_taken":0,"max_hp_gain":0,"max_hp_loss":0,"event_name":"Tomb of Lord Red Mask","floor":39,"gold_loss":0}],"is_beta":false,"boss_relics":[{"not_picked":["Ectoplasm","White Beast Statue"],"picked":"Cursed Key"},{"not_picked":["Eternal Feather","Ring of the Serpent"],"picked":"Runic Pyramid"}],"items_purged_floors":[4,14,42],"is_endless":false,"potions_floor_spawned":[6,12,13,16,18,23,33,36,44,46],"killed_by":"Time Eater","ascension_level":20}