{"gold_per_floor":[13,26,36,46,66,66,95,95,119,119,135,151,151],"floor_reached":13,"playtime":1453,"items_purged":[],"score":178,"play_id":"3c25e209-03df-4db9-ba22-9191c611a5f1","local_time":"20190314041737","is_ascension_mode":true,"campfire_choices":[{"data":"Magnetism","floor":6,"key":"SMITH"},{"floor":8,"key":"REST"},{"data":"Well Laid Plans","floor":10,"key":"SMITH"}],"neow_cost":"NO_GOLD","seed_source_timestamp":13729945393616,"circlet_count":0,"master_deck":["AscendersBane","Defend_G","Defend_G","Defend_G","Defend_G","Defend_G","Strike_G","Strike_G","Strike_G","Strike_G","Strike_G","Survivor","Neutralize","Mind Blast","Magnetism+1","Deflect","Cloak And Dagger","Predator","Finisher","Well Laid Plans+1","Storm of Steel","PiercingWail","Crippling Poison"],"relics":["Ring of the Snake","Pocketwatch","Snake Skull"],"potions_floor_usage":[5,5,13],"damage_taken":[{"damage":7,"enemies":"Jaw Worm","floor":1,"turns":6},{"damage":4,"enemies":"Small Slimes","floor":2,"turns":4},{"damage":0,"enemies":"Cultist","floor":3,"turns":5},{"damage":4,"enemies":"Red Slaver","floor":4,"turns":5},{"damage":6,"enemies":"Exordium Wildlife","floor":5,"turns":5},{"damage":30,"enemies":"Lagavulin","floor":7,"turns":9},{"damage":8,"enemies":"3 Louse","floor":11,"turns":4},{"damage":6,"enemies":"Looter","floor":12,"turns":3},{"damage":21,"enemies":"3 Sentries","floor":13,"turns":6}],"seed_played":"-4719943140401835499","potions_obtained":[{"floor":3,"key":"Poison Potion"},{"floor":4,"key":"Block Potion"},{"floor":7,"key":"Swift Potion"}],"is_trial":false,"path_per_floor":["M","M","M","M","M","R","E","R","T","R","M","M","E"],"character_chosen":"THE_SILENT","items_purchased":[],"campfire_rested":1,"item_purchase_floors":[],"current_hp_per_floor":[52,48,48,44,38,38,8,27,27,27,19,13,0],"gold":151,"neow_bonus":"RANDOM_COLORLESS_2","is_prod":false,"is_daily":false,"chose_seed":false,"campfire_upgraded":2,"win_rate":0,"timestamp":1552533457,"path_taken":["M","M","M","M","M","R","E","R","T","R","M","M","E"],"build_version":"2019-01-23","purchased_purges":0,"victory":false,"max_hp_per_floor":[66,66,66,66,66,66,66,66,66,66,66,66,66],"card_choices":[{"not_picked":["Flechettes","Accuracy"],"picked":"Deflect","floor":1},{"not_picked":["Tactician","Bane"],"picked":"Cloak And Dagger","floor":2},{"not_picked":["Flechettes","Backstab"],"picked":"Predator","floor":3},{"not_picked":["Underhanded Strike","Outmaneuver"],"picked":"Finisher","floor":4},{"not_picked":["Sucker Punch","Bane"],"picked":"Well Laid Plans","floor":5},{"not_picked":["Blade Dance","All Out Attack"],"picked":"Storm of Steel","floor":7},{"not_picked":["Escape Plan","Sucker Punch"],"picked":"PiercingWail","floor":11},{"not_picked":["Caltrops","Flying Knee"],"picked":"Crippling Poison","floor":12}],"player_experience":2913270,"relics_obtained":[{"floor":7,"key":"Pocketwatch"},{"floor":9,"key":"Snake Skull"}],"event_choices":[],"is_beta":false,"boss_relics":[],"items_purged_floors":[],"is_endless":false,"potions_floor_spawned":[3,4,7],"killed_by":"3 Sentries","ascension_level":20}