{"gold_per_floor":[117,117,117,42,142,171,171,206,230,272,299,311,28,48,48,144,144,158,184,200,299,309,309,76,76,122,141,169,169],"floor_reached":29,"playtime":1033,"items_purged":["Strike_B"],"score":350,"play_id":"c2ade114-b6ed-4e78-92fd-5e597ee05e1d","local_time":"20190505134331","is_ascension_mode":true,"campfire_choices":[{"floor":7.0,"key":"REST"},{"floor":15.0,"key":"REST"},{"floor":23,"key":"REST"},{"data":"Zap","floor":25,"key":"SMITH"}],"neow_cost":"NONE","seed_source_timestamp":788916271905054,"circlet_count":0,"master_deck":["Strike_B","Strike_B+1","Strike_B+1","Defend_B","Defend_B","Defend_B","Zap+1","Dualcast","Leap","Coolheaded","Darkness","Redo","Conserve Battery","White Noise","Seek","Leap","Redo","Self Repair+1","Static Discharge+1","Static Discharge+1","Redo","Leap","Impatience","Coolheaded","Hello World+1"],"special_seed":0,"relics":["FrozenCore","Ancient Tea Set","Cables","MawBank","Frozen Egg 2","Meat on the Bone","Red Mask","Centennial Puzzle","Ornamental Fan"],"potions_floor_usage":[],"damage_taken":[{"damage":1.0,"enemies":"Cultist","floor":1.0,"turns":3.0},{"damage":26.0,"enemies":"Lagavulin","floor":6.0,"turns":6.0},{"damage":34.0,"enemies":"Gremlin Nob","floor":8.0,"turns":5.0},{"damage":14.0,"enemies":"3 Sentries","floor":10.0,"turns":7.0},{"damage":0.0,"enemies":"Jaw Worm","floor":11.0,"turns":3.0},{"damage":0.0,"enemies":"Small Slimes","floor":14.0,"turns":4.0},{"damage":13,"enemies":"Slime Boss","floor":16,"turns":7},{"damage":9,"enemies":"Shell Parasite","floor":18,"turns":7},{"damage":46,"enemies":"Masked Bandits","floor":19,"turns":7},{"damage":22,"enemies":"Spheric Guardian","floor":20,"turns":4},{"damage":12,"enemies":"Snake Plant","floor":22,"turns":3},{"damage":24,"enemies":"Shelled Parasite and Fungi","floor":27,"turns":3},{"damage":35,"enemies":"Slavers","floor":28,"turns":3},{"damage":42,"enemies":"Cultist and Chosen","floor":29,"turns":4}],"seed_played":"2275186510948524945","potions_obtained":[{"floor":1.0,"key":"SkillPotion"},{"floor":11.0,"key":"Swift Potion"},{"floor":22,"key":"Block Potion"},{"floor":27,"key":"Dexterity Potion"},{"floor":28,"key":"Energy Potion"}],"is_trial":false,"path_per_floor":["?","?","?","M","?","$","?","?"],"character_chosen":"DEFECT","items_purchased":["Meat on the Bone","White Noise","Static Discharge+1","Redo","Leap","Impatience"],"campfire_rested":3,"item_purchase_floors":[13,13,24,24,24,24],"current_hp_per_floor":[74,58,51,51,51,25,49,15,15,1,1,1,1,13,37,36,71,62,28,18,18,18,42,42,42,42,40,27,0],"gold":169,"neow_bonus":"TEN_PERCENT_HP_BONUS","is_prod":false,"is_daily":false,"chose_seed":false,"campfire_upgraded":1,"win_rate":0,"timestamp":1557056611,"path_taken":["M","?","?","$","?","E","R","E","T","E","?","?","?","M","R","BOSS","M","?","M","?","M","R","$","R","T","M","E","M"],"build_version":"2019-01-23","purchased_purges":1,"victory":false,"max_hp_per_floor":[82,82,82,82,82,82,82,82,82,82,82,82,82,82,82,82,82,82,82,82,82,82,82,82,82,82,82,82,82],"card_choices":[{"not_picked":["Consume","Skim"],"picked":"Leap","floor":1.0},{"not_picked":["Undo","Barrage"],"picked":"Coolheaded","floor":6.0},{"not_picked":["Cold Snap","Conserve Battery"],"picked":"Darkness","floor":8.0},{"not_picked":["Barrage","Lockon"],"picked":"Redo","floor":10.0},{"not_picked":["Hyperbeam","Gash"],"picked":"Conserve Battery","floor":11.0},{"not_picked":["Fusion","Beam Cell","Cold Snap"],"picked":"SKIP","floor":14.0},{"not_picked":["Core Surge","All For One"],"picked":"Seek","floor":16},{"not_picked":["Skim","Force Field+1"],"picked":"Leap","floor":18},{"not_picked":["Skim","Steam Power"],"picked":"Redo","floor":19},{"not_picked":["Aggregate+1","Lockon+1"],"picked":"Self Repair+1","floor":20},{"not_picked":["Beam Cell","Barrage"],"picked":"Static Discharge+1","floor":22},{"not_picked":["Stack+1","BootSequence"],"picked":"Coolheaded","floor":27},{"not_picked":["Genetic Algorithm+1","Sunder"],"picked":"Hello World+1","floor":28}],"player_experience":232123,"relics_obtained":[{"floor":6.0,"key":"Ancient Tea Set"},{"floor":8.0,"key":"Cables"},{"floor":9.0,"key":"MawBank"},{"floor":10.0,"key":"Frozen Egg 2"},{"floor":19,"key":"Red Mask"},{"floor":26,"key":"Centennial Puzzle"},{"floor":28,"key":"Ornamental Fan"}],"event_choices":[{"damage_healed":0.0,"max_hp_gain":0.0,"max_hp_loss":0.0,"gold_gain":0.0,"event_name":"Shining Light","player_choice":"Entered Light","floor":2.0,"gold_loss":0.0,"damage_taken":16.0,"cards_upgraded":["Strike_B","Strike_B"]},{"cards_removed":["Defend_B"],"damage_healed":0.0,"max_hp_gain":0.0,"max_hp_loss":0.0,"gold_gain":0.0,"event_name":"Golden Wing","player_choice":"Card Removal","floor":3.0,"gold_loss":0.0,"damage_taken":7.0},{"damage_healed":0.0,"max_hp_gain":0.0,"max_hp_loss":0.0,"gold_gain":100.0,"event_name":"Golden Shrine","player_choice":"Pray","floor":5.0,"gold_loss":0.0,"damage_taken":0.0},{"damage_healed":0.0,"max_hp_gain":0.0,"max_hp_loss":0.0,"gold_gain":0.0,"event_name":"Dead Adventurer","player_choice":"Searched \u00270\u0027 times","floor":12.0,"gold_loss":0.0,"damage_taken":0.0},{"damage_healed":0,"gold_gain":0,"player_choice":"Fought Bandits","damage_taken":0,"max_hp_gain":0,"max_hp_loss":0,"event_name":"Masked Bandits","floor":19,"gold_loss":0},{"damage_healed":0,"gold_gain":99,"player_choice":"Stole From Cult","damage_taken":0,"max_hp_gain":0,"max_hp_loss":0,"event_name":"Nest","floor":21,"gold_loss":0}],"is_beta":false,"boss_relics":[{"not_picked":["Sozu","Philosopher\u0027s Stone"],"picked":"FrozenCore"}],"items_purged_floors":[4],"is_endless":false,"potions_floor_spawned":[1,11,22,27,28],"killed_by":"Cultist and Chosen","ascension_level":7}