{"gold_per_floor":[117,133,152,72,90,90,104,104,153,168,20,20],"floor_reached":12,"playtime":1100,"items_purged":[],"score":72,"play_id":"85f0f69a-0acc-46dd-97e9-2e08fb89398b","local_time":"20190424022028","is_ascension_mode":false,"campfire_choices":[{"data":"Coolheaded","floor":6,"key":"SMITH"},{"data":"FTL","floor":8,"key":"SMITH"}],"neow_cost":"NONE","seed_source_timestamp":8142224454000,"circlet_count":0,"master_deck":["Strike_B","Strike_B","Strike_B","Strike_B","Defend_B","Defend_B","Defend_B","Defend_B","Zap","Dualcast","Coolheaded+1","Compile Driver","FTL+1","Genetic Algorithm","Conserve Battery","Conserve Battery","Capacitor"],"relics":["Cracked Core","Ancient Tea Set","Lantern"],"potions_floor_usage":[7,10],"damage_taken":[{"damage":5,"enemies":"Small Slimes","floor":1,"turns":4},{"damage":3,"enemies":"Jaw Worm","floor":2,"turns":4},{"damage":0,"enemies":"2 Louse","floor":3,"turns":3},{"damage":8,"enemies":"Blue Slaver","floor":5,"turns":4},{"damage":6,"enemies":"Large Slime","floor":7,"turns":6},{"damage":11,"enemies":"Gremlin Gang","floor":10,"turns":6},{"damage":56,"enemies":"Gremlin Nob","floor":12,"turns":5}],"seed_played":"-5021937621913355531","potions_obtained":[{"floor":1,"key":"GamblersBrew"},{"floor":7,"key":"EssenceOfSteel"}],"is_trial":false,"path_per_floor":[],"character_chosen":"DEFECT","items_purchased":["Genetic Algorithm","Lantern"],"campfire_rested":0,"item_purchase_floors":[4,11],"current_hp_per_floor":[77,74,74,74,66,66,60,60,60,49,49,0],"gold":20,"neow_bonus":"TEN_PERCENT_HP_BONUS","is_prod":false,"is_daily":false,"chose_seed":false,"campfire_upgraded":2,"win_rate":0.0,"timestamp":1556097628,"path_taken":["M","M","M","$","M","R","M","R","T","M","$","E"],"build_version":"2019-01-23","purchased_purges":0,"victory":false,"max_hp_per_floor":[82,82,82,82,82,82,82,82,82,82,82,82],"card_choices":[{"not_picked":["Aggregate","Barrage"],"picked":"Coolheaded","floor":1},{"not_picked":["Leap","Steam"],"picked":"Compile Driver","floor":2},{"not_picked":["Barrage","Go for the Eyes"],"picked":"FTL","floor":3},{"not_picked":["Aggregate","Sweeping Beam"],"picked":"Conserve Battery","floor":5},{"not_picked":["Turbo","Darkness"],"picked":"Conserve Battery","floor":7},{"not_picked":["Streamline","Turbo"],"picked":"Capacitor","floor":10}],"player_experience":53940,"relics_obtained":[{"floor":9,"key":"Ancient Tea Set"}],"event_choices":[],"is_beta":false,"boss_relics":[],"items_purged_floors":[],"is_endless":false,"potions_floor_spawned":[1,7],"killed_by":"Gremlin Nob","ascension_level":0}