{"gold_per_floor":[118,118,293,258,283,283,310,310,337,337,224,242,242,255,255,357,357,371,194,205,217,237,267,267,62,144,144,157,157,192,206,206,303,303,316,328,328,341,162,162,172,172],"floor_reached":42,"playtime":1605,"items_purged":["Defend_B","Doubt","Strike_B","Defend_B"],"score":484,"play_id":"2c81cadd-4dd4-4983-8a5b-007ced01f9bb","local_time":"20190416074104","is_ascension_mode":true,"campfire_choices":[{"data":"Zap","floor":6.0,"key":"SMITH"},{"data":"Redo","floor":8.0,"key":"SMITH"},{"data":"Dualcast","floor":10.0,"key":"SMITH"},{"data":"Genetic Algorithm","floor":13,"key":"SMITH"},{"data":"Self Repair","floor":15,"key":"SMITH"},{"data":"Electrodynamics","floor":24,"key":"SMITH"},{"data":"Streamline","floor":29,"key":"SMITH"},{"data":"Hologram","floor":32,"key":"SMITH"},{"data":"Fission","floor":40,"key":"SMITH"}],"neow_cost":"NONE","seed_source_timestamp":181692096025024,"circlet_count":0,"master_deck":["Strike_B","Strike_B","Defend_B+1","Zap+1","Dualcast+1","Redo+1","Auto Shields+1","Genetic Algorithm+1","Self Repair+1","Creative AI","Storm","Rebound+1","Electrodynamics+1","Hologram+1","Streamline+1","Hologram","Fission+1","Rebound+1","Defragment","Hologram","Self Repair"],"special_seed":0,"relics":["Cracked Core","NeowsBlessing","Bag of Preparation","Bronze Scales","DataDisk","Busted Crown","Vajra","Kunai","Boot","Smiling Mask","Empty Cage","War Paint"],"potions_floor_usage":[16,23,23,23,28],"damage_taken":[{"damage":0.0,"enemies":"Cultist","floor":1.0,"turns":1.0},{"damage":0.0,"enemies":"Gremlin Nob","floor":7.0,"turns":1.0},{"damage":0.0,"enemies":"2 Louse","floor":12.0,"turns":1.0},{"damage":1,"enemies":"Jaw Worm","floor":14,"turns":3},{"damage":28,"enemies":"Slime Boss","floor":16,"turns":13},{"damage":12,"enemies":"Spheric Guardian","floor":18,"turns":5},{"damage":10,"enemies":"2 Thieves","floor":20,"turns":4},{"damage":30,"enemies":"Centurion and Healer","floor":21,"turns":6},{"damage":17,"enemies":"Shelled Parasite and Fungi","floor":22,"turns":4},{"damage":8,"enemies":"Book of Stabbing","floor":23,"turns":5},{"damage":0,"enemies":"Sentry and Sphere","floor":28,"turns":3},{"damage":24,"enemies":"Slavers","floor":30,"turns":4},{"damage":10,"enemies":"Centurion and Healer","floor":31,"turns":4},{"damage":29,"enemies":"Champ","floor":33,"turns":8},{"damage":0,"enemies":"3 Shapes","floor":35,"turns":2},{"damage":2,"enemies":"3 Darklings","floor":36,"turns":3},{"damage":3,"enemies":"Sphere and 2 Shapes","floor":38,"turns":4},{"damage":37,"enemies":"4 Shapes","floor":41,"turns":4},{"damage":40,"enemies":"Maw","floor":42,"turns":5}],"seed_played":"-3835176817649469562","potions_obtained":[{"floor":1.0,"key":"SpeedPotion"},{"floor":12,"key":"SkillPotion"},{"floor":20,"key":"Dexterity Potion"},{"floor":22,"key":"LiquidBronze"},{"floor":23,"key":"PowerPotion"},{"floor":35,"key":"Strength Potion"},{"floor":38,"key":"Weak Potion"}],"is_trial":false,"path_per_floor":["?","?","?","T","?","?"],"character_chosen":"DEFECT","items_purchased":["Genetic Algorithm","Storm","Hologram","Streamline","Defragment","Hologram"],"campfire_rested":0,"item_purchase_floors":[11,19,25,25,39,39],"current_hp_per_floor":[75,50,50,68,68,68,68,68,68,68,68,68,68,74,74,56,75,73,73,73,53,46,48,48,48,48,48,58,58,44,44,44,25,75,75,75,75,75,75,75,38,0],"gold":172,"neow_bonus":"THREE_ENEMY_KILL","is_prod":false,"is_daily":false,"chose_seed":false,"campfire_upgraded":9,"win_rate":0,"timestamp":1555393264,"path_taken":["M","?","?","?","?","R","E","R","T","R","$","M","R","M","R","BOSS","M","$","M","M","M","E","R","$","T","?","M","R","E","M","R","BOSS","M","M","?","M","$","R","M","M"],"build_version":"2019-01-23","purchased_purges":4,"victory":false,"max_hp_per_floor":[75,75,75,75,75,75,75,75,75,75,75,75,75,75,75,75,75,75,75,75,75,75,75,75,75,75,75,75,75,75,75,75,75,75,75,75,75,75,75,75,75,75],"card_choices":[{"not_picked":["Recycle","Storm"],"picked":"Redo","floor":1.0},{"not_picked":["Sunder","Cold Snap"],"picked":"Auto Shields","floor":7.0},{"not_picked":["Gash","Streamline"],"picked":"Self Repair","floor":12},{"not_picked":["Compile Driver","Aggregate","Coolheaded"],"picked":"SKIP","floor":14},{"not_picked":["Amplify","Reboot"],"picked":"Creative AI","floor":16},{"not_picked":["Beam Cell"],"picked":"SKIP","floor":18},{"not_picked":["Steam"],"picked":"SKIP","floor":20},{"not_picked":[],"picked":"Rebound+1","floor":21},{"not_picked":["Steam"],"picked":"SKIP","floor":22},{"not_picked":[],"picked":"Electrodynamics","floor":23},{"not_picked":[],"picked":"Hologram","floor":28},{"not_picked":["Genetic Algorithm+1"],"picked":"SKIP","floor":30},{"not_picked":["Go for the Eyes"],"picked":"SKIP","floor":31},{"not_picked":[],"picked":"Fission","floor":33},{"not_picked":["Compile Driver+1"],"picked":"SKIP","floor":35},{"not_picked":["Loop"],"picked":"SKIP","floor":36},{"not_picked":[],"picked":"Rebound+1","floor":38},{"not_picked":[],"picked":"Self Repair","floor":41}],"player_experience":78642,"relics_obtained":[{"floor":5.0,"key":"Bronze Scales"},{"floor":7.0,"key":"DataDisk"},{"floor":23,"key":"Vajra"},{"floor":26,"key":"Kunai"},{"floor":30,"key":"Smiling Mask"}],"event_choices":[{"damage_healed":0.0,"max_hp_gain":0.0,"max_hp_loss":0.0,"gold_gain":0.0,"event_name":"Scrap Ooze","player_choice":"Success","floor":2.0,"gold_loss":0.0,"damage_taken":25.0,"relics_obtained":["Bag of Preparation"]},{"damage_healed":0.0,"max_hp_gain":0.0,"max_hp_loss":0.0,"gold_gain":175.0,"event_name":"Liars Game","player_choice":"AGREE","floor":3.0,"gold_loss":0.0,"damage_taken":0.0,"cards_obtained":["Doubt"]},{"damage_healed":18.0,"max_hp_gain":0.0,"max_hp_loss":0.0,"gold_gain":0.0,"event_name":"The Cleric","player_choice":"Healed","floor":4.0,"gold_loss":35.0,"damage_taken":0.0},{"damage_healed":0,"gold_gain":0,"player_choice":"Opened","damage_taken":0,"relics_obtained":["Boot"],"max_hp_gain":0,"max_hp_loss":0,"event_name":"The Mausoleum","floor":27,"gold_loss":0},{"damage_healed":0,"gold_gain":0,"player_choice":"Gave Potion","damage_taken":0,"relics_obtained":["War Paint"],"max_hp_gain":0,"max_hp_loss":0,"event_name":"WeMeetAgain","floor":37,"gold_loss":0}],"is_beta":false,"boss_relics":[{"not_picked":["Runic Dome","Fusion Hammer"],"picked":"Busted Crown"},{"not_picked":["Astrolabe","Tiny House"],"picked":"Empty Cage"}],"items_purged_floors":[11,19,25,39],"is_endless":false,"potions_floor_spawned":[1,12,20,22,23,35,38],"killed_by":"Maw","ascension_level":1}