{"gold_per_floor":[119,129,54,68,68,68,95,95,95,112,128,128,5,5],"floor_reached":14,"playtime":561,"items_purged":["Strike_R","Strike_R"],"score":97,"play_id":"ff619fae-e310-47e6-8383-13babe1557a3","local_time":"20190330102229","is_ascension_mode":true,"campfire_choices":[{"floor":6,"key":"RECALL"},{"floor":12,"key":"REST"}],"neow_cost":"NONE","seed_source_timestamp":871411431216464,"circlet_count":0,"master_deck":["Strike_R","Strike_R","Defend_R","Defend_R","Defend_R","Defend_R","Bash","Armaments","Clothesline","Pommel Strike","Clothesline","Ghostly Armor","Iron Wave","Iron Wave"],"relics":["Burning Blood","NeowsBlessing","Self Forming Clay","Pear"],"potions_floor_usage":[],"damage_taken":[{"damage":0,"enemies":"Cultist","floor":1,"turns":1},{"damage":0,"enemies":"Small Slimes","floor":2,"turns":1},{"damage":0,"enemies":"2 Louse","floor":4,"turns":1},{"damage":13,"enemies":"Blue Slaver","floor":5,"turns":5},{"damage":53,"enemies":"Lagavulin","floor":7,"turns":13},{"damage":20,"enemies":"Large Slime","floor":10,"turns":9},{"damage":8,"enemies":"2 Fungi Beasts","floor":11,"turns":4},{"damage":53,"enemies":"3 Sentries","floor":14,"turns":8}],"seed_played":"7719029711551504321","potions_obtained":[{"floor":4,"key":"LiquidBronze"},{"floor":7,"key":"Weak Potion"}],"is_trial":false,"path_per_floor":["M","?","$"],"character_chosen":"IRONCLAD","items_purchased":["Iron Wave"],"campfire_rested":1,"item_purchase_floors":[13],"current_hp_per_floor":[80,80,80,80,73,73,26,26,36,22,20,47,47,0],"gold":5,"neow_bonus":"THREE_ENEMY_KILL","is_prod":false,"is_daily":false,"chose_seed":false,"campfire_upgraded":0,"win_rate":0,"timestamp":1553937749,"path_taken":["M","?","$","M","M","R","E","?","T","M","M","R","?","E"],"build_version":"2019-01-23","purchased_purges":2,"victory":false,"max_hp_per_floor":[80,80,80,80,80,80,80,80,90,90,90,90,90,90],"card_choices":[{"not_picked":["Flex","Evolve","Havoc"],"picked":"SKIP","floor":1},{"not_picked":["Headbutt","True Grit"],"picked":"Armaments","floor":2},{"not_picked":["Offering","Twin Strike"],"picked":"Clothesline","floor":4},{"not_picked":["Dropkick","Cleave"],"picked":"Pommel Strike","floor":5},{"not_picked":["Armaments","Second Wind","Sentinel"],"picked":"SKIP","floor":7},{"not_picked":["Sword Boomerang","Whirlwind"],"picked":"Ghostly Armor","floor":10},{"not_picked":["Clash","Pommel Strike"],"picked":"Iron Wave","floor":11}],"player_experience":52511,"relics_obtained":[{"floor":7,"key":"Self Forming Clay"},{"floor":9,"key":"Pear"}],"event_choices":[{"damage_healed":0,"gold_gain":0,"cards_transformed":["Strike_R"],"player_choice":"Transformed","damage_taken":0,"max_hp_gain":0,"max_hp_loss":0,"event_name":"Transmorgrifier","floor":8,"gold_loss":0,"cards_obtained":["Clothesline"]}],"is_beta":false,"boss_relics":[],"items_purged_floors":[3,13],"is_endless":false,"potions_floor_spawned":[4,7],"killed_by":"3 Sentries","ascension_level":1}