{"gold_per_floor":[118,134,145,70,90,90,124,124,124,159,159,178,178,189,189,263,263,277,277,52,52,63,63,82,82,82,94,94,105,120,120,120,120],"floor_reached":33,"playtime":12241,"items_purged":["Strike_R"],"score":518,"play_id":"8bf7a47f-722e-4b73-b3c7-cc3d598e5fed","local_time":"20190415134302","is_ascension_mode":true,"campfire_choices":[{"data":"Armaments","floor":6,"key":"SMITH"},{"data":"Bash","floor":8,"key":"SMITH"},{"data":"Body Slam","floor":13,"key":"SMITH"},{"data":"Uppercut","floor":15,"key":"SMITH"},{"floor":23,"key":"REST"},{"floor":25,"key":"REST"},{"data":"Feed","floor":28,"key":"SMITH"},{"data":"Feel No Pain","floor":32,"key":"SMITH"}],"neow_cost":"NONE","seed_source_timestamp":278176673152795,"circlet_count":0,"master_deck":["AscendersBane","Strike_R","Strike_R","Strike_R","Defend_R","Defend_R","Defend_R","Defend_R","Bash+1","Armaments+1","Feel No Pain+1","Pommel Strike","Body Slam+1","Ghostly Armor","Reaper","Havoc+1","Uppercut+1","Exhume+1","Shrug It Off+1","Shrug It Off+1","Rage+1","Pommel Strike","Cleave","Flex+1","Feed+1","Headbutt","Shockwave+1"],"relics":["Burning Blood","Lantern","Paper Frog","Toxic Egg 2","The Courier","Mark of Pain","Nloth\u0027s Gift"],"potions_floor_usage":[7,10,16,19,24,33],"damage_taken":[{"damage":4,"enemies":"Small Slimes","floor":1,"turns":4},{"damage":8,"enemies":"2 Louse","floor":2,"turns":3},{"damage":2,"enemies":"Jaw Worm","floor":3,"turns":4},{"damage":1,"enemies":"2 Fungi Beasts","floor":5,"turns":4},{"damage":24,"enemies":"3 Sentries","floor":7,"turns":16},{"damage":22,"enemies":"Lagavulin","floor":10,"turns":5},{"damage":0,"enemies":"Looter","floor":12,"turns":2},{"damage":10,"enemies":"Lots of Slimes","floor":14,"turns":5},{"damage":72,"enemies":"Hexaghost","floor":16,"turns":12},{"damage":23,"enemies":"Shell Parasite","floor":18,"turns":7},{"damage":31,"enemies":"Colosseum Slavers","floor":19,"turns":4},{"damage":18,"enemies":"Chosen","floor":22,"turns":4},{"damage":22,"enemies":"Snake Plant","floor":24,"turns":4},{"damage":11,"enemies":"Chosen and Byrds","floor":27,"turns":8},{"damage":21,"enemies":"Shelled Parasite and Fungi","floor":29,"turns":5},{"damage":0,"enemies":"Centurion and Healer","floor":30,"turns":5},{"damage":74,"enemies":"Collector","floor":33,"turns":12}],"seed_played":"8541427068570441975","potions_obtained":[{"floor":2,"key":"SteroidPotion"},{"floor":7,"key":"Energy Potion"},{"floor":10,"key":"Dexterity Potion"},{"floor":14,"key":"SmokeBomb"},{"floor":16,"key":"SkillPotion"},{"floor":22,"key":"Poison Potion"},{"floor":24,"key":"Fire Potion"}],"is_trial":false,"path_per_floor":["M","M","M","?","M","R","E","R","T","E","?","M","R","M","R","B",null,"M","?","$","?","M","R","M","R","T","M","R","M","M","?","R","B"],"character_chosen":"IRONCLAD","items_purchased":["Shrug It Off+1","Rage+1","Pommel Strike","Cleave"],"campfire_rested":2,"item_purchase_floors":[20,20,20,20],"current_hp_per_floor":[70,68,72,72,75,75,57,57,57,41,66,72,72,71,71,9,59,42,17,17,32,20,42,26,48,48,50,50,39,57,57,57,0],"gold":120,"neow_bonus":"RANDOM_COMMON_RELIC","is_prod":false,"is_daily":false,"chose_seed":false,"campfire_upgraded":6,"win_rate":0,"timestamp":1555328582,"path_taken":["M","M","M","?","M","R","E","R","T","E","?","M","R","M","R","BOSS","M","?","$","?","M","R","M","R","T","M","R","M","M","?","R","BOSS"],"build_version":"2019-01-23","purchased_purges":1,"victory":false,"max_hp_per_floor":[75,75,75,75,75,75,75,75,75,75,75,75,75,75,75,75,75,75,75,75,75,75,75,75,75,75,75,75,79,83,83,83,83],"card_choices":[{"not_picked":["Twin Strike","Rage"],"picked":"Armaments","floor":1},{"not_picked":["Sentinel","Warcry"],"picked":"Feel No Pain","floor":2},{"not_picked":["Wild Strike","Armaments"],"picked":"Pommel Strike","floor":3},{"not_picked":["Clothesline","Intimidate"],"picked":"Body Slam","floor":5},{"not_picked":["Power Through","Fire Breathing"],"picked":"Ghostly Armor","floor":7},{"not_picked":["Pummel","Sever Soul"],"picked":"Reaper","floor":10},{"not_picked":["Shrug It Off+1","Dropkick"],"picked":"Havoc+1","floor":12},{"not_picked":["Thunderclap","Armaments+1"],"picked":"Uppercut","floor":14},{"not_picked":["Bludgeon","Reaper"],"picked":"Exhume+1","floor":16},{"not_picked":["Seeing Red+1","Twin Strike"],"picked":"Shrug It Off+1","floor":18},{"not_picked":["Cleave","Sever Soul"],"picked":"Flex+1","floor":22},{"not_picked":["Cleave","Uppercut","Twin Strike"],"picked":"SKIP","floor":24},{"not_picked":["Disarm+1","Clothesline"],"picked":"Feed","floor":27},{"not_picked":["Clothesline","Clash"],"picked":"Headbutt","floor":29},{"not_picked":["Blood for Blood","Heavy Blade"],"picked":"Shockwave+1","floor":30}],"player_experience":3101464,"relics_obtained":[{"floor":7,"key":"Paper Frog"},{"floor":9,"key":"Toxic Egg 2"},{"floor":10,"key":"The Courier"},{"floor":26,"key":"Frozen Egg 2"}],"event_choices":[{"cards_removed":["Strike_R"],"damage_healed":0,"gold_gain":0,"player_choice":"Card Removal","damage_taken":0,"max_hp_gain":0,"max_hp_loss":0,"event_name":"The Cleric","floor":4,"gold_loss":75},{"damage_healed":25,"gold_gain":0,"player_choice":"Banana","damage_taken":0,"max_hp_gain":0,"max_hp_loss":0,"event_name":"Big Fish","floor":11,"gold_loss":0},{"damage_healed":0,"gold_gain":0,"player_choice":"Fight","damage_taken":0,"max_hp_gain":0,"max_hp_loss":0,"event_name":"Colosseum","floor":19,"gold_loss":0},{"damage_healed":0,"gold_gain":0,"player_choice":"Fled From Nobs","damage_taken":0,"max_hp_gain":0,"max_hp_loss":0,"event_name":"Colosseum","floor":19,"gold_loss":0},{"damage_healed":15,"gold_gain":0,"player_choice":"Heal","damage_taken":0,"max_hp_gain":0,"max_hp_loss":0,"event_name":"The Library","floor":21,"gold_loss":0},{"damage_healed":0,"gold_gain":0,"player_choice":"Traded Relic","damage_taken":0,"relics_obtained":["Nloth\u0027s Gift"],"max_hp_gain":0,"max_hp_loss":0,"event_name":"N\u0027loth","floor":31,"relics_lost":["Frozen Egg 2"],"gold_loss":0}],"is_beta":false,"boss_relics":[{"not_picked":["Sozu","Fusion Hammer"],"picked":"Mark of Pain"}],"items_purged_floors":[20],"is_endless":false,"potions_floor_spawned":[2,7,10,14,16,22,24,30],"killed_by":"Collector","ascension_level":20}