{"gold_per_floor":[109,34,34,34,34,67,142,155,155,155,155,155,189,209,209,334,334,349,349,38,57,73,73,98,98],"floor_reached":25,"playtime":689,"items_purged":["Strike_G"],"score":316,"play_id":"ae24e1dc-53cb-40f2-8f96-7dd4b7f42867","local_time":"20190507173346","is_ascension_mode":true,"campfire_choices":[{"floor":11.0,"key":"REST"},{"floor":15.0,"key":"REST"},{"floor":23,"key":"REST"}],"neow_cost":"NONE","seed_source_timestamp":975889806012661,"circlet_count":0,"master_deck":["Defend_G","Defend_G","Defend_G","Defend_G+1","Strike_G","Strike_G","Strike_G","Strike_G","Survivor","Neutralize+1","Dagger Spray","Dagger Throw","Dash","Terror","Skewer","Slice+1","Noxious Fumes+1","Caltrops+1","Deadly Poison","Acrobatics+1","Bane+1"],"special_seed":0,"relics":["Ring of the Snake","NeowsBlessing","Ancient Tea Set","The Courier","Golden Idol","Gremlin Horn","Sozu","Frozen Egg 2"],"potions_floor_usage":[],"damage_taken":[{"damage":0.0,"enemies":"2 Louse","floor":1.0,"turns":1.0},{"damage":0.0,"enemies":"Gremlin Nob","floor":6.0,"turns":1.0},{"damage":0.0,"enemies":"Small Slimes","floor":8.0,"turns":1.0},{"damage":7.0,"enemies":"3 Sentries","floor":13.0,"turns":5.0},{"damage":0.0,"enemies":"Jaw Worm","floor":14.0,"turns":3.0},{"damage":15.0,"enemies":"The Guardian","floor":16.0,"turns":13.0},{"damage":0.0,"enemies":"3 Byrds","floor":18.0,"turns":6.0},{"damage":0,"enemies":"Chosen","floor":21,"turns":4},{"damage":33,"enemies":"3 Cultists","floor":22,"turns":5},{"damage":20,"enemies":"Chosen and Byrds","floor":24,"turns":5},{"damage":29,"enemies":"Book of Stabbing","floor":25,"turns":4}],"seed_played":"-1887392297592220322","potions_obtained":[{"floor":1.0,"key":"PowerPotion"}],"is_trial":false,"path_per_floor":["?","?","?","?","?","?"],"character_chosen":"THE_SILENT","items_purchased":["Frozen Egg 2","Noxious Fumes+1","Caltrops+1"],"campfire_rested":3,"item_purchase_floors":[20,20,20],"current_hp_per_floor":[63,63,68,68,53,53,42,42,42,24,46,39,32,32,54,39,66,66,59,59,59,26,48,28,0],"gold":98,"neow_bonus":"THREE_ENEMY_KILL","is_prod":false,"is_daily":false,"chose_seed":false,"campfire_upgraded":0,"win_rate":0,"timestamp":1557243226,"path_taken":["M","$","?","$","?","E","?","M","T","?","R","?","E","M","R","BOSS","M","?","$","M","M","R","M","E"],"build_version":"2019-01-23","purchased_purges":1,"victory":false,"max_hp_per_floor":[70,70,75,75,75,75,75,75,75,75,75,75,75,75,75,75,75,75,75,75,75,75,75,75,75],"card_choices":[{"not_picked":["Setup","Prepared"],"picked":"Dagger Spray","floor":1.0},{"not_picked":["Underhanded Strike","Bane"],"picked":"Dagger Throw","floor":6.0},{"not_picked":["Flying Knee","Prepared"],"picked":"Dash","floor":8.0},{"not_picked":["Tactician","Quick Slash"],"picked":"Terror","floor":13.0},{"not_picked":["Blur","Deflect"],"picked":"Skewer","floor":14.0},{"not_picked":["Reflex","Poisoned Stab+1"],"picked":"Slice+1","floor":18.0},{"not_picked":["Tactician","Backflip"],"picked":"Deadly Poison","floor":21},{"not_picked":["Backflip","Prepared"],"picked":"Acrobatics+1","floor":22},{"not_picked":["Bouncing Flask","Backflip"],"picked":"Bane+1","floor":24}],"player_experience":244661,"relics_obtained":[{"floor":6.0,"key":"Ancient Tea Set"},{"floor":9.0,"key":"The Courier"},{"floor":13.0,"key":"Gremlin Horn"}],"event_choices":[{"damage_healed":0.0,"max_hp_gain":5.0,"max_hp_loss":0.0,"gold_gain":0.0,"event_name":"Big Fish","player_choice":"Donut","floor":3.0,"gold_loss":0.0,"damage_taken":0.0},{"damage_healed":0.0,"max_hp_gain":0.0,"max_hp_loss":0.0,"gold_gain":0.0,"event_name":"Shining Light","player_choice":"Entered Light","floor":5.0,"gold_loss":0.0,"damage_taken":15.0,"cards_upgraded":["Defend_G","Neutralize"]},{"damage_healed":0.0,"max_hp_gain":0.0,"max_hp_loss":0.0,"gold_gain":75.0,"event_name":"World of Goop","player_choice":"Gather Gold","floor":7.0,"gold_loss":0.0,"damage_taken":11.0},{"damage_healed":0.0,"max_hp_gain":0.0,"max_hp_loss":0.0,"gold_gain":0.0,"event_name":"Golden Idol","player_choice":"Take Damage","floor":10.0,"gold_loss":0.0,"damage_taken":18.0,"relics_obtained":["Golden Idol"]},{"cards_removed":["Defend_G"],"damage_healed":0.0,"max_hp_gain":0.0,"max_hp_loss":0.0,"gold_gain":0.0,"event_name":"Golden Wing","player_choice":"Card Removal","floor":12.0,"gold_loss":0.0,"damage_taken":7.0},{"damage_healed":0.0,"max_hp_gain":0.0,"max_hp_loss":0.0,"gold_gain":0.0,"event_name":"Knowing Skull","player_choice":"","floor":19.0,"potions_obtained":[],"gold_loss":0.0,"damage_taken":7.0,"cards_obtained":[]}],"is_beta":false,"boss_relics":[{"not_picked":["Tiny House","Velvet Choker"],"picked":"Sozu"}],"items_purged_floors":[2],"is_endless":false,"potions_floor_spawned":[1,18,21,22],"killed_by":"Book of Stabbing","ascension_level":7}