{"gold_per_floor":[115,40,60,60,135,166,189,189,237,237,237,253,253,131,131,224,224,249,51,70,85,85,85,123,135,147,190,202],"floor_reached":28,"playtime":1280,"items_purged":["Decay","Pain","Injury"],"score":445,"play_id":"646f167f-66ee-4049-879c-146d7f406228","local_time":"20190430214750","is_ascension_mode":true,"campfire_choices":[{"floor":8.0,"key":"REST"},{"floor":10.0,"key":"REST"},{"data":"Defragment","floor":13.0,"key":"SMITH"},{"floor":15.0,"key":"REST"},{"floor":23.0,"key":"REST"},{"floor":25.0,"key":"REST"}],"neow_cost":"CURSE","seed_source_timestamp":0,"circlet_count":0,"master_deck":["AscendersBane","Strike_B","Strike_B","Strike_B","Strike_B","Defend_B","Defend_B","Defend_B","Defend_B","Zap","Dualcast","Electrodynamics","Defragment+1","Leap","Conserve Battery","Genetic Algorithm","Capacitor","Electrodynamics","Reboot","Static Discharge","Creative AI","Storm","Ball Lightning","Loop"],"special_seed":0,"relics":["Cracked Core","Golden Idol","Smiling Mask","Potion Belt","WarpedTongs","Black Star","Bronze Scales","MawBank","Pantograph","Blood Vial","Art of War","Dream Catcher"],"potions_floor_usage":[28,28],"damage_taken":[{"damage":1.0,"enemies":"2 Louse","floor":1.0,"turns":2.0},{"damage":0.0,"enemies":"Small Slimes","floor":3.0,"turns":3.0},{"damage":28.0,"enemies":"Lagavulin","floor":6.0,"turns":7.0},{"damage":1.0,"enemies":"Cultist","floor":7.0,"turns":4.0},{"damage":19.0,"enemies":"Exordium Thugs","floor":12.0,"turns":6.0},{"damage":31.0,"enemies":"Hexaghost","floor":16.0,"turns":10.0},{"damage":0.0,"enemies":"3 Byrds","floor":18.0,"turns":2.0},{"damage":11.0,"enemies":"Spheric Guardian","floor":20.0,"turns":5.0},{"damage":23.0,"enemies":"Shelled Parasite and Fungi","floor":21.0,"turns":8.0},{"damage":28.0,"enemies":"Slavers","floor":24.0,"turns":4.0},{"damage":39.0,"enemies":"Book of Stabbing","floor":27.0,"turns":6.0},{"damage":15,"enemies":"Centurion and Healer","floor":28,"turns":2}],"seed_played":"-8459974640127423780","potions_obtained":[{"floor":1.0,"key":"SkillPotion"},{"floor":7.0,"key":"Strength Potion"},{"floor":12.0,"key":"SpeedPotion"},{"floor":16.0,"key":"Weak Potion"},{"floor":20.0,"key":"SpeedPotion"},{"floor":24.0,"key":"SteroidPotion"}],"is_trial":false,"path_per_floor":["M","$","M","?","?","E","M","R","T","R","?","M","R","$","R","B",null,"M","$","M","M","?","R","E","R","T","E","M"],"character_chosen":"DEFECT","items_purchased":["Capacitor","Bronze Scales"],"campfire_rested":5,"item_purchase_floors":[14,19],"current_hp_per_floor":[63,63,63,63,52,24,23,44,44,65,65,46,46,46,67,36,62,62,62,51,28,28,49,21,42,42,5,0],"gold":202,"neow_bonus":"THREE_RARE_CARDS","is_prod":false,"is_daily":false,"chose_seed":false,"campfire_upgraded":1,"win_rate":0,"timestamp":1556686070,"path_taken":["M","$","M","?","?","E","M","R","T","R","?","M","R","$","R","BOSS","M","$","M","M","?","R","E","R","T","E","M"],"build_version":"2019-01-23","purchased_purges":3,"victory":false,"max_hp_per_floor":[71,71,71,71,71,71,71,71,71,71,71,71,71,71,71,71,71,71,71,71,71,71,71,71,71,71,71,71],"card_choices":[{"not_picked":["Rainbow","Biased Cognition"],"picked":"Electrodynamics","floor":0.0},{"not_picked":["Streamline","Fusion"],"picked":"Defragment","floor":1.0},{"not_picked":["Compile Driver","Coolheaded"],"picked":"Leap","floor":3.0},{"not_picked":["BootSequence","Darkness"],"picked":"Conserve Battery","floor":6.0},{"not_picked":["Blizzard","White Noise"],"picked":"Genetic Algorithm","floor":7.0},{"not_picked":["Stack","Scrape","Doom and Gloom"],"picked":"SKIP","floor":12.0},{"not_picked":["Reboot","Buffer"],"picked":"Electrodynamics","floor":16.0},{"not_picked":["Beam Cell","Redo","Go for the Eyes"],"picked":"SKIP","floor":18.0},{"not_picked":["Sweeping Beam","Steam Power"],"picked":"Reboot","floor":20.0},{"not_picked":["Redo","Coolheaded"],"picked":"Static Discharge","floor":21.0},{"not_picked":["Sunder","Go for the Eyes"],"picked":"Ball Lightning","floor":24.0},{"not_picked":["Gash","Coolheaded"],"picked":"Loop","floor":27.0}],"player_experience":619843,"relics_obtained":[{"floor":6.0,"key":"Smiling Mask"},{"floor":9.0,"key":"Potion Belt"},{"floor":24.0,"key":"MawBank"},{"floor":24.0,"key":"Pantograph"},{"floor":26.0,"key":"Blood Vial"},{"floor":27.0,"key":"Art of War"},{"floor":27.0,"key":"Dream Catcher"}],"event_choices":[{"damage_healed":0.0,"max_hp_gain":0.0,"max_hp_loss":0.0,"gold_gain":0.0,"event_name":"Golden Idol","player_choice":"Take Wound","floor":4.0,"gold_loss":0.0,"damage_taken":0.0,"relics_obtained":["Golden Idol"],"cards_obtained":["Injury"]},{"damage_healed":0.0,"max_hp_gain":0.0,"max_hp_loss":0.0,"gold_gain":75.0,"event_name":"World of Goop","player_choice":"Gather Gold","floor":5.0,"gold_loss":0.0,"damage_taken":11.0},{"damage_healed":0.0,"max_hp_gain":0.0,"max_hp_loss":0.0,"gold_gain":0.0,"event_name":"Accursed Blacksmith","player_choice":"Rummage","floor":11.0,"gold_loss":0.0,"damage_taken":0.0,"relics_obtained":["WarpedTongs"],"cards_obtained":["Pain"]},{"damage_healed":0.0,"max_hp_gain":0.0,"max_hp_loss":0.0,"gold_gain":0.0,"event_name":"Match and Keep!","player_choice":"2 cards matched","floor":22.0,"gold_loss":0.0,"damage_taken":0.0,"cards_obtained":["Creative AI","Storm"]}],"is_beta":false,"boss_relics":[{"not_picked":["White Beast Statue","Orrery"],"picked":"Black Star"}],"items_purged_floors":[2,14,19],"is_endless":false,"potions_floor_spawned":[1,7,12,16,20,24],"killed_by":"Centurion and Healer","ascension_level":15}