{"gold_per_floor":[115,126,56,70,70,95,95,109,109,109,120,154,154,170,170,272,272,288,303,303,228,246,246,263,279,349,366,64,114,126,146,146,242,242,257,257,132,132,152,152,170,170,170,180,180,30,40,51,51,51],"floor_reached":51,"playtime":4737,"items_purged":["Defend_B","Strike_B","Zap","Defend_B"],"score":715,"play_id":"e5a65363-ee46-4b1e-a5c7-519abc77ac89","local_time":"20190107190853","is_ascension_mode":false,"campfire_choices":[{"floor":7,"key":"REST"},{"data":"Loop","floor":10,"key":"SMITH"},{"floor":13,"key":"REST"},{"floor":15,"key":"REST"},{"data":"Streamline","floor":23,"key":"SMITH"},{"data":"Defragment","floor":32,"key":"SMITH"},{"data":"Machine Learning","floor":40,"key":"SMITH"},{"floor":45,"key":"REST"},{"floor":49,"key":"REST"}],"neow_cost":"NONE","seed_source_timestamp":2840077927655,"circlet_count":0,"master_deck":["Strike_B","Defend_B","Defend_B","Dualcast","Cold Snap","Fusion","Glacier","Chill","Melter","Loop+1","Self Repair","Streamline+1","Creative AI","Ball Lightning","Compile Driver","Beam Cell+1","Seek","Doom and Gloom+1","Defragment+1","Storm+1","Machine Learning+1","Redo+1","Leap+1","Rainbow"],"relics":["Cracked Core","Dodecahedron","Letter Opener","Kunai","Torii","Velvet Choker","Bottled Tornado","Lee\u0027s Waffle","Nuclear Battery","Pantograph"],"potions_floor_usage":[16,16,16,19,22,25,48,50],"damage_taken":[{"damage":0,"enemies":"Cultist","floor":1,"turns":3},{"damage":0,"enemies":"Jaw Worm","floor":2,"turns":4},{"damage":0,"enemies":"2 Louse","floor":4,"turns":4},{"damage":13,"enemies":"Lagavulin","floor":6,"turns":12},{"damage":9,"enemies":"Red Slaver","floor":8,"turns":6},{"damage":15,"enemies":"Large Slime","floor":11,"turns":7},{"damage":32,"enemies":"Gremlin Nob","floor":12,"turns":4},{"damage":0,"enemies":"Exordium Thugs","floor":14,"turns":4},{"damage":31,"enemies":"Slime Boss","floor":16,"turns":13},{"damage":8,"enemies":"Shell Parasite","floor":18,"turns":4},{"damage":0,"enemies":"Chosen","floor":19,"turns":5},{"damage":21,"enemies":"Centurion and Healer","floor":22,"turns":5},{"damage":8,"enemies":"Sentry and Sphere","floor":24,"turns":3},{"damage":0,"enemies":"Cultist and Chosen","floor":25,"turns":6},{"damage":13,"enemies":"Centurion and Healer","floor":27,"turns":11},{"damage":22,"enemies":"Snake Plant","floor":30,"turns":4},{"damage":9,"enemies":"3 Cultists","floor":31,"turns":5},{"damage":43,"enemies":"Champ","floor":33,"turns":8},{"damage":0,"enemies":"3 Darklings","floor":35,"turns":4},{"damage":1,"enemies":"3 Shapes","floor":39,"turns":4},{"damage":24,"enemies":"Spire Growth","floor":41,"turns":4},{"damage":27,"enemies":"Jaw Worm Horde","floor":44,"turns":3},{"damage":0,"enemies":"Sphere and 2 Shapes","floor":47,"turns":2},{"damage":8,"enemies":"Writhing Mass","floor":48,"turns":6},{"damage":43,"enemies":"Time Eater","floor":50,"turns":10}],"seed_played":"-1016323697140688806","potions_obtained":[{"floor":2,"key":"Poison Potion"},{"floor":4,"key":"Block Potion"},{"floor":6,"key":"LiquidBronze"},{"floor":16,"key":"Poison Potion"},{"floor":18,"key":"FocusPotion"},{"floor":19,"key":"Dexterity Potion"},{"floor":24,"key":"Dexterity Potion"},{"floor":31,"key":"GamblersBrew"},{"floor":39,"key":"Strength Potion"},{"floor":41,"key":"Energy Potion"},{"floor":47,"key":"Weak Potion"}],"is_trial":false,"path_per_floor":["M","M","$","M","?","E","R","M","T","R","M","E","R","M","R","B",null,"M","M","?","$","M","R","M","M","T","M","$","?","M","M","R","B",null,"M","T","$","?","M","R","M","?","T","M","R","$","M","M","R","B",null],"character_chosen":"DEFECT","items_purchased":["Glacier","Lee\u0027s Waffle"],"campfire_rested":5,"item_purchase_floors":[3,28],"current_hp_per_floor":[75,75,75,75,57,44,66,57,57,57,42,17,39,46,68,44,75,74,75,75,75,61,61,60,60,60,47,82,82,67,58,58,15,82,82,82,82,82,81,81,57,57,57,30,54,54,54,46,70,46],"gold":51,"neow_bonus":"REMOVE_CARD","is_prod":false,"is_daily":false,"chose_seed":false,"campfire_upgraded":4,"win_rate":0.0,"timestamp":1546848533,"path_taken":["M","?","$","M","?","E","R","M","T","R","M","E","R","M","R","BOSS","M","M","?","$","M","R","M","M","T","M","?","?","M","M","R","BOSS","M","?","$","?","M","R","?","?","T","M","R","$","M","M","R","BOSS"],"build_version":"2019-01-03v4","purchased_purges":4,"victory":true,"max_hp_per_floor":[75,75,75,75,75,75,75,75,75,75,75,75,75,75,75,75,75,75,75,75,75,75,75,75,75,75,75,82,82,82,82,82,82,82,82,82,82,82,82,82,82,82,82,82,82,82,82,82,82,82],"card_choices":[{"not_picked":["Redo","Streamline"],"picked":"Cold Snap","floor":1},{"not_picked":["Sweeping Beam","Skim"],"picked":"Fusion","floor":2},{"not_picked":["White Noise","Cold Snap"],"picked":"Chill","floor":4},{"not_picked":["BootSequence","Steam"],"picked":"Melter","floor":6},{"not_picked":["Melter","Conserve Battery"],"picked":"Loop","floor":8},{"not_picked":["Loop","Sweeping Beam"],"picked":"Self Repair","floor":11},{"not_picked":["Fission","Genetic Algorithm","Static Discharge"],"picked":"SKIP","floor":12},{"not_picked":["Go for the Eyes","Tempest"],"picked":"Streamline","floor":14},{"not_picked":["Rainbow","Multi-Cast"],"picked":"Creative AI","floor":16},{"not_picked":["Cold Snap","Static Discharge"],"picked":"Ball Lightning","floor":18},{"not_picked":["Cold Snap","Force Field"],"picked":"Compile Driver","floor":19},{"not_picked":["Hello World","Compile Driver"],"picked":"Beam Cell+1","floor":22},{"not_picked":["Reprogram+1","BootSequence"],"picked":"Seek","floor":24},{"not_picked":["Leap","Steam"],"picked":"Doom and Gloom+1","floor":25},{"not_picked":["Gash","Melter+1","Go for the Eyes+1"],"picked":"SKIP","floor":27},{"not_picked":["Skim","Chill+1"],"picked":"Defragment","floor":30},{"not_picked":["Compile Driver","Chaos"],"picked":"Storm+1","floor":31},{"not_picked":["Thunder Strike","Reboot"],"picked":"Machine Learning","floor":33},{"not_picked":["Coolheaded","Blizzard+1","Hologram+1"],"picked":"SKIP","floor":35},{"not_picked":["BootSequence+1","Leap","Gash+1"],"picked":"SKIP","floor":39},{"not_picked":["Fusion","Barrage","Stack"],"picked":"SKIP","floor":41},{"not_picked":["Ball Lightning","Streamline"],"picked":"Redo+1","floor":44},{"not_picked":["Doom and Gloom+1","Hello World+1"],"picked":"Leap+1","floor":47},{"not_picked":["Beam Cell+1","Gash+1"],"picked":"Rainbow","floor":48}],"player_experience":38029,"relics_obtained":[{"floor":6,"key":"Letter Opener"},{"floor":9,"key":"Kunai"},{"floor":12,"key":"Torii"},{"floor":26,"key":"Bottled Tornado"},{"floor":43,"key":"Pantograph"}],"event_choices":[{"damage_healed":0,"gold_gain":0,"player_choice":"Success","damage_taken":18,"relics_obtained":["Dodecahedron"],"max_hp_gain":0,"max_hp_loss":0,"event_name":"Scrap Ooze","floor":5,"gold_loss":0},{"damage_healed":0,"gold_gain":0,"player_choice":"Ignored","damage_taken":0,"max_hp_gain":0,"max_hp_loss":0,"event_name":"N\u0027loth","floor":20,"gold_loss":0},{"damage_healed":0,"gold_gain":100,"player_choice":"Bet on Murderer","damage_taken":0,"max_hp_gain":0,"max_hp_loss":0,"event_name":"The Joust","floor":29,"gold_loss":50},{"damage_healed":0,"gold_gain":0,"player_choice":"Relic","damage_taken":0,"max_hp_gain":0,"max_hp_loss":0,"event_name":"Wheel of Change","floor":38,"gold_loss":0},{"cards_removed":["Strike_B"],"damage_healed":0,"gold_gain":0,"player_choice":"Removed Attack","damage_taken":0,"max_hp_gain":0,"max_hp_loss":0,"event_name":"Falling","floor":42,"gold_loss":0}],"is_beta":false,"boss_relics":[{"not_picked":["Runic Dome","Calling Bell"],"picked":"Velvet Choker"},{"not_picked":["Tiny House","Empty Cage"],"picked":"Nuclear Battery"}],"items_purged_floors":[21,28,37,46],"is_endless":false,"potions_floor_spawned":[2,4,6,16,18,19,24,31,39,41,47],"ascension_level":0}