{"gold_per_floor":[10,10,20,37,54,54,54,66,66,94,94,108,108,121,121,199,199,199,199,199,199],"floor_reached":21,"playtime":2435,"items_purged":[],"score":370,"play_id":"d37a4322-9ebd-4501-ba0e-bf7b660756cd","local_time":"20190220163057","is_ascension_mode":true,"campfire_choices":[{"data":"Leg Sweep","floor":6,"key":"SMITH"},{"floor":11,"key":"REST"},{"data":"Caltrops","floor":13,"key":"SMITH"},{"data":"Dagger Spray","floor":15,"key":"SMITH"}],"neow_cost":"NO_GOLD","seed_source_timestamp":578560188335407,"circlet_count":0,"master_deck":["AscendersBane","Defend_G","Defend_G","Defend_G","Defend_G","Defend_G","Strike_G","Strike_G","Strike_G","Strike_G","Survivor","Neutralize","Dagger Spray+1","Cloak And Dagger","Caltrops+1","Leg Sweep+1","PiercingWail","Setup+1","Terror+1","Dodge and Roll+1","Adrenaline+1","Cloak And Dagger+1","Deadly Poison+1","Predator"],"relics":["Ring of the Snake","Bird Faced Urn","Toxic Egg 2","Bottled Lightning","Ectoplasm"],"potions_floor_usage":[10,12,14,16,20],"damage_taken":[{"damage":2,"enemies":"2 Louse","floor":1,"turns":5},{"damage":1,"enemies":"Cultist","floor":3,"turns":4},{"damage":0,"enemies":"Small Slimes","floor":4,"turns":3},{"damage":5,"enemies":"3 Louse","floor":5,"turns":4},{"damage":6,"enemies":"Gremlin Gang","floor":8,"turns":7},{"damage":41,"enemies":"Gremlin Nob","floor":10,"turns":6},{"damage":0,"enemies":"Looter","floor":12,"turns":4},{"damage":0,"enemies":"3 Louse","floor":14,"turns":4},{"damage":17,"enemies":"The Guardian","floor":16,"turns":14},{"damage":4,"enemies":"3 Byrds","floor":18,"turns":6},{"damage":21,"enemies":"Spheric Guardian","floor":19,"turns":8},{"damage":10,"enemies":"Centurion and Healer","floor":20,"turns":10},{"damage":32,"enemies":"Chosen and Byrds","floor":21,"turns":5}],"seed_played":"-1385213718368146925","potions_obtained":[{"floor":3,"key":"Energy Potion"},{"floor":5,"key":"Fire Potion"},{"floor":10,"key":"Poison Potion"},{"floor":14,"key":"GamblersBrew"},{"floor":18,"key":"Poison Potion"}],"is_trial":false,"path_per_floor":["M","?","M","M","M","R","?","M","T","E","R","M","R","M","R","B",null,"M","M","M","M"],"character_chosen":"THE_SILENT","items_purchased":[],"campfire_rested":1,"item_purchase_floors":[],"current_hp_per_floor":[57,57,56,56,53,53,53,49,49,10,29,31,31,33,33,18,54,52,33,25,0],"gold":199,"neow_bonus":"ONE_RARE_RELIC","is_prod":false,"is_daily":false,"chose_seed":false,"campfire_upgraded":3,"win_rate":0,"timestamp":1550676657,"path_taken":["M","?","M","M","M","R","?","?","T","E","R","M","R","M","R","BOSS","M","M","M","M"],"build_version":"2019-01-23","purchased_purges":0,"victory":false,"max_hp_per_floor":[66,66,66,66,66,66,66,66,66,66,66,66,66,66,66,66,66,66,66,66,66],"card_choices":[{"not_picked":["Dodge and Roll","Underhanded Strike"],"picked":"Dagger Spray","floor":1},{"not_picked":["Poisoned Stab","Escape Plan"],"picked":"Cloak And Dagger","floor":3},{"not_picked":["Bouncing Flask","After Image"],"picked":"Caltrops","floor":4},{"not_picked":["Prepared","Backflip"],"picked":"Leg Sweep","floor":5},{"not_picked":["Distraction","Prepared"],"picked":"PiercingWail","floor":8},{"not_picked":["Underhanded Strike","Eviscerate"],"picked":"Setup+1","floor":10},{"not_picked":["Bane","Sucker Punch"],"picked":"Terror+1","floor":12},{"not_picked":["Slice","PiercingWail+1"],"picked":"Dodge and Roll+1","floor":14},{"not_picked":["Unload","A Thousand Cuts"],"picked":"Adrenaline+1","floor":16},{"not_picked":["Eviscerate","Dagger Throw"],"picked":"Cloak And Dagger+1","floor":18},{"not_picked":["Heel Hook","Blur+1"],"picked":"Deadly Poison+1","floor":19},{"not_picked":["Endless Agony","Deflect+1"],"picked":"Predator","floor":20}],"player_experience":2797335,"relics_obtained":[{"floor":9,"key":"Toxic Egg 2"},{"floor":10,"key":"Bottled Lightning"}],"event_choices":[{"damage_healed":0,"gold_gain":0,"player_choice":"Ignored","damage_taken":0,"max_hp_gain":0,"max_hp_loss":0,"event_name":"Liars Game","floor":2,"gold_loss":0},{"cards_removed":["Strike_G"],"damage_healed":0,"gold_gain":0,"player_choice":"Offered Basic","damage_taken":0,"max_hp_gain":0,"max_hp_loss":0,"event_name":"Bonfire Elementals","floor":7,"gold_loss":0}],"is_beta":false,"boss_relics":[{"not_picked":["Pandora\u0027s Box","WristBlade"],"picked":"Ectoplasm"}],"items_purged_floors":[],"is_endless":false,"potions_floor_spawned":[3,5,8,10,14,18],"killed_by":"Chosen and Byrds","ascension_level":20}