{"gold_per_floor":[112,130,146,146,164,164,196,196,196,196,146,181,198,198,198,295,295,312,323,173,173,183,183,199,228,276,309,322,335,355,355,355,454,454,467,176,176,58,75,75,95,115,115,115,134,151,171,171,171,171],"floor_reached":51,"playtime":8269,"items_purged":["Defend_G","Strike_G"],"score":653,"play_id":"05284fd6-1d67-4ec5-bd99-20858671f5c6","local_time":"20190506195953","is_ascension_mode":false,"campfire_choices":[{"data":"Neutralize","floor":6,"key":"SMITH"},{"data":"Cloak And Dagger","floor":8,"key":"SMITH"},{"floor":10,"key":"REST"},{"floor":15,"key":"REST"},{"data":"Skewer","floor":23,"key":"SMITH"},{"floor":32,"key":"REST"},{"data":"Envenom","floor":40,"key":"SMITH"},{"data":"After Image","floor":44,"key":"SMITH"},{"floor":49,"key":"REST"}],"neow_cost":"NONE","seed_source_timestamp":404671159597120,"circlet_count":0,"master_deck":["Defend_G","Defend_G+1","Strike_G","Strike_G","Strike_G","Strike_G","Survivor+1","Neutralize+1","Deadly Poison","Flying Knee","Skewer+1","Backflip","Cloak And Dagger+1","Cloak And Dagger+1","Dodge and Roll","Die Die Die+1","Heel Hook+1","Sucker Punch+1","Heel Hook+1","PiercingWail+1","Endless Agony+1","Cloak And Dagger+1","Well Laid Plans","Envenom+1","After Image+1","Backstab+1","Choke+1","Infinite Blades","Calculated Gamble","Endless Agony+1","Acrobatics","Blade Dance+1","Parasite","Calculated Gamble+1"],"relics":["Ring of the Snake","Boot","Kunai","Ancient Tea Set","Molten Egg 2","WristBlade","Ornamental Fan","Dream Catcher","War Paint","Philosopher\u0027s Stone","Meat on the Bone"],"potions_floor_usage":[5,7,22,25,33,33,33,47,50,50],"damage_taken":[{"damage":3,"enemies":"2 Louse","floor":1,"turns":4},{"damage":2,"enemies":"Jaw Worm","floor":2,"turns":3},{"damage":0,"enemies":"Cultist","floor":3,"turns":3},{"damage":15,"enemies":"Lots of Slimes","floor":5,"turns":4},{"damage":14,"enemies":"3 Sentries","floor":7,"turns":7},{"damage":18,"enemies":"Lagavulin","floor":12,"turns":6},{"damage":8,"enemies":"3 Louse","floor":13,"turns":3},{"damage":13,"enemies":"The Guardian","floor":16,"turns":13},{"damage":0,"enemies":"Shell Parasite","floor":18,"turns":6},{"damage":0,"enemies":"Chosen","floor":19,"turns":4},{"damage":15,"enemies":"Shelled Parasite and Fungi","floor":22,"turns":4},{"damage":0,"enemies":"3 Cultists","floor":24,"turns":4},{"damage":20,"enemies":"Slavers","floor":25,"turns":3},{"damage":14,"enemies":"Gremlin Leader","floor":27,"turns":6},{"damage":5,"enemies":"Cultist and Chosen","floor":28,"turns":5},{"damage":1,"enemies":"Snake Plant","floor":29,"turns":4},{"damage":1,"enemies":"Shelled Parasite and Fungi","floor":30,"turns":5},{"damage":27,"enemies":"Collector","floor":33,"turns":7},{"damage":0,"enemies":"Orb Walker","floor":35,"turns":4},{"damage":16,"enemies":"3 Darklings","floor":39,"turns":4},{"damage":21,"enemies":"4 Shapes","floor":41,"turns":3},{"damage":4,"enemies":"Jaw Worm Horde","floor":42,"turns":3},{"damage":0,"enemies":"Writhing Mass","floor":45,"turns":4},{"damage":7,"enemies":"Spire Growth","floor":46,"turns":3},{"damage":12,"enemies":"4 Shapes","floor":47,"turns":3},{"damage":46,"enemies":"Time Eater","floor":50,"turns":12}],"seed_played":"7526117345477726509","potions_obtained":[{"floor":2,"key":"Fire Potion"},{"floor":3,"key":"Ancient Potion"},{"floor":7,"key":"Strength Potion"},{"floor":13,"key":"Strength Potion"},{"floor":18,"key":"SkillPotion"},{"floor":27,"key":"Energy Potion"},{"floor":28,"key":"Poison Potion"},{"floor":29,"key":"Regen Potion"},{"floor":30,"key":"Fire Potion"},{"floor":35,"key":"Swift Potion"},{"floor":41,"key":"Explosive Potion"},{"floor":45,"key":"SkillPotion"}],"is_trial":false,"path_per_floor":["M","M","M","?","M","R","E","R","T","R","?","E","M","?","R","B",null,"M","M","$","?","M","R","M","E","T","E","M","M","M","?","R","B",null,"M","$","?","$","M","R","M","M","T","R","M","M","M","?","R","B",null],"character_chosen":"THE_SILENT","items_purchased":["Heel Hook+1","Choke+1","Infinite Blades","Calculated Gamble","Endless Agony+1","Acrobatics"],"campfire_rested":4,"item_purchase_floors":[20,36,36,36,38,38],"current_hp_per_floor":[74,72,72,65,50,50,36,36,36,59,59,41,33,26,49,36,77,77,77,77,77,62,62,62,42,42,28,23,22,21,21,44,32,77,77,77,77,77,61,61,40,36,36,36,48,41,41,41,64,30],"gold":171,"neow_bonus":"TEN_PERCENT_HP_BONUS","is_prod":false,"is_daily":false,"chose_seed":false,"campfire_upgraded":5,"win_rate":0.0,"timestamp":1557187193,"path_taken":["M","M","M","?","M","R","E","R","T","R","?","E","M","?","R","BOSS","M","M","$","?","M","R","M","E","T","E","?","M","?","?","R","BOSS","M","$","?","$","M","R","M","M","T","R","?","M","M","?","R","BOSS"],"build_version":"2019-01-23","purchased_purges":2,"victory":true,"max_hp_per_floor":[77,77,77,77,77,77,77,77,77,77,77,77,77,77,77,77,77,77,77,77,77,77,77,77,77,77,77,77,77,77,77,77,77,77,77,77,77,77,77,77,77,77,77,77,77,77,77,77,77,77],"card_choices":[{"not_picked":["Cloak And Dagger","Expertise"],"picked":"Deadly Poison","floor":1},{"not_picked":["Infinite Blades","Dash"],"picked":"Flying Knee","floor":2},{"not_picked":["Acrobatics","Masterful Stab"],"picked":"Skewer","floor":3},{"not_picked":["Riddle With Holes","Caltrops"],"picked":"Backflip","floor":5},{"not_picked":["Bouncing Flask","Flying Knee"],"picked":"Cloak And Dagger","floor":7},{"not_picked":["Dagger Throw","Flying Knee"],"picked":"Cloak And Dagger","floor":12},{"not_picked":["Bullet Time","Outmaneuver"],"picked":"Dodge and Roll","floor":13},{"not_picked":["Malaise","Unload+1"],"picked":"Die Die Die+1","floor":16},{"not_picked":["Slice+1","Catalyst"],"picked":"Heel Hook+1","floor":18},{"not_picked":["Catalyst","Dodge and Roll"],"picked":"Sucker Punch+1","floor":19},{"not_picked":["Backflip","All Out Attack+1","Outmaneuver+1"],"picked":"SKIP","floor":22},{"not_picked":["Prepared","Underhanded Strike+1","Outmaneuver"],"picked":"SKIP","floor":24},{"not_picked":["Underhanded Strike+1","Poisoned Stab+1"],"picked":"PiercingWail+1","floor":25},{"not_picked":["Choke+1","Bouncing Flask+1"],"picked":"Endless Agony+1","floor":27},{"not_picked":["Blade Dance","Quick Slash+1"],"picked":"Cloak And Dagger+1","floor":28},{"not_picked":["Flying Knee+1","Leg Sweep"],"picked":"Well Laid Plans","floor":29},{"not_picked":["Expertise","Distraction","Choke+1"],"picked":"SKIP","floor":30},{"not_picked":["Infinite Blades","Slice+1"],"picked":"Envenom","floor":32},{"not_picked":["Wraith Form v2","Venomology"],"picked":"After Image","floor":33},{"not_picked":["Caltrops","Riddle With Holes+1"],"picked":"Backstab+1","floor":35},{"not_picked":["Cloak And Dagger","Caltrops+1","Reflex"],"picked":"SKIP","floor":39},{"not_picked":["Cloak And Dagger","Caltrops+1","Reflex"],"picked":"SKIP","floor":39},{"not_picked":["Dodge and Roll+1","Leg Sweep"],"picked":"Blade Dance+1","floor":41},{"not_picked":["Poisoned Stab+1","Underhanded Strike+1","Dagger Throw+1"],"picked":"SKIP","floor":42},{"not_picked":["Storm of Steel","Sucker Punch+1","Predator+1"],"picked":"SKIP","floor":45},{"not_picked":["Dagger Throw+1","Bane+1","Reflex"],"picked":"SKIP","floor":46},{"not_picked":["Slice+1","Heel Hook+1","Underhanded Strike+1"],"picked":"SKIP","floor":47},{"not_picked":["Quick Slash+1","Slice+1"],"picked":"Calculated Gamble+1","floor":49}],"player_experience":97582,"relics_obtained":[{"floor":7,"key":"Kunai"},{"floor":9,"key":"Ancient Tea Set"},{"floor":12,"key":"Molten Egg 2"},{"floor":25,"key":"Ornamental Fan"},{"floor":26,"key":"Dream Catcher"},{"floor":27,"key":"War Paint"},{"floor":43,"key":"Meat on the Bone"}],"event_choices":[{"damage_healed":0,"gold_gain":0,"player_choice":"Success","damage_taken":7,"relics_obtained":["Boot"],"max_hp_gain":0,"max_hp_loss":0,"event_name":"Scrap Ooze","floor":4,"gold_loss":0},{"cards_removed":["Defend_G"],"damage_healed":0,"gold_gain":0,"player_choice":"Card Removal","damage_taken":0,"max_hp_gain":0,"max_hp_loss":0,"event_name":"The Cleric","floor":11,"gold_loss":50},{"cards_removed":["Defend_G"],"damage_healed":0,"gold_gain":0,"player_choice":"Card Removal","damage_taken":7,"max_hp_gain":0,"max_hp_loss":0,"event_name":"Golden Wing","floor":14,"gold_loss":0},{"damage_healed":0,"gold_gain":0,"player_choice":"Upgraded","damage_taken":0,"max_hp_gain":0,"max_hp_loss":0,"event_name":"Upgrade Shrine","floor":21,"gold_loss":0,"cards_upgraded":["Cloak And Dagger"]},{"damage_healed":0,"gold_gain":0,"player_choice":"Ignored","damage_taken":0,"max_hp_gain":0,"max_hp_loss":0,"event_name":"Ghosts","floor":31,"gold_loss":0},{"damage_healed":0,"gold_gain":0,"player_choice":"Ignored","damage_taken":0,"max_hp_gain":0,"max_hp_loss":0,"event_name":"SecretPortal","floor":37,"gold_loss":0},{"damage_healed":0,"gold_gain":0,"player_choice":"Memory 1","damage_taken":0,"max_hp_gain":0,"max_hp_loss":0,"event_name":"SensoryStone","floor":48,"gold_loss":0}],"is_beta":false,"boss_relics":[{"not_picked":["Sozu","Orrery"],"picked":"WristBlade"},{"not_picked":["Runic Dome","White Beast Statue"],"picked":"Philosopher\u0027s Stone"}],"items_purged_floors":[20,36],"is_endless":false,"potions_floor_spawned":[2,3,7,13,18,27,28,29,30,35,41,45],"ascension_level":0}