{"gold_per_floor":[112,62,62,82,97,125,125,143,168,178,178,192,210,210,210,210],"floor_reached":16,"playtime":631,"items_purged":[],"score":125,"play_id":"6fd46b5d-f629-4213-b055-de558be45ec1","local_time":"20190424152212","is_ascension_mode":true,"campfire_choices":[{"floor":7,"key":"REST"},{"floor":15,"key":"REST"}],"neow_cost":"NONE","seed_source_timestamp":901436937805105,"circlet_count":0,"master_deck":["Defend_G","Defend_G","Defend_G","Defend_G","Defend_G","Strike_G","Strike_G","Strike_G","Strike_G","Survivor","Neutralize","Skewer","PiercingWail","Dagger Spray","Dagger Throw","Noxious Fumes","Cloak And Dagger"],"special_seed":0,"relics":["Ring of the Snake","Lantern","Centennial Puzzle","Pen Nib"],"potions_floor_usage":[6,16,16],"damage_taken":[{"damage":0,"enemies":"Jaw Worm","floor":1,"turns":5},{"damage":0,"enemies":"Cultist","floor":4,"turns":5},{"damage":0,"enemies":"2 Louse","floor":5,"turns":2},{"damage":44,"enemies":"Gremlin Nob","floor":6,"turns":6},{"damage":22,"enemies":"Large Slime","floor":8,"turns":8},{"damage":12,"enemies":"Blue Slaver","floor":10,"turns":4},{"damage":1,"enemies":"3 Louse","floor":12,"turns":4},{"damage":4,"enemies":"Lots of Slimes","floor":13,"turns":3},{"damage":30,"enemies":"Slime Boss","floor":16,"turns":7}],"seed_played":"6126721119871017524","potions_obtained":[{"floor":4,"key":"Ancient Potion"},{"floor":5,"key":"Block Potion"},{"floor":6,"key":"GamblersBrew"},{"floor":10,"key":"Weak Potion"}],"is_trial":false,"path_per_floor":["?","?","M","T","?"],"character_chosen":"THE_SILENT","items_purchased":[],"campfire_rested":2,"item_purchase_floors":[],"current_hp_per_floor":[70,70,70,70,70,26,47,25,25,13,13,12,8,8,29,0],"gold":210,"neow_bonus":"RANDOM_COMMON_RELIC","is_prod":false,"is_daily":false,"chose_seed":false,"campfire_upgraded":0,"win_rate":0,"timestamp":1556112132,"path_taken":["M","?","?","M","M","E","R","?","T","M","?","M","M","?","R","BOSS"],"build_version":"2019-01-23","purchased_purges":0,"victory":false,"max_hp_per_floor":[70,70,70,70,70,70,70,70,70,70,70,70,70,70,70,70],"card_choices":[{"not_picked":["PiercingWail","Flying Knee"],"picked":"Skewer","floor":1},{"not_picked":["Blade Dance","Distraction"],"picked":"PiercingWail","floor":4},{"not_picked":["Acrobatics","Blade Dance"],"picked":"Dagger Spray","floor":5},{"not_picked":["Concentrate","Outmaneuver","Underhanded Strike"],"picked":"SKIP","floor":6},{"not_picked":["Backflip","Predator"],"picked":"Dagger Throw","floor":8},{"not_picked":["Bouncing Flask","Outmaneuver"],"picked":"Noxious Fumes","floor":10},{"not_picked":["Acrobatics","Concentrate","Underhanded Strike"],"picked":"SKIP","floor":12},{"not_picked":["Expertise","Flying Knee"],"picked":"Cloak And Dagger","floor":13}],"player_experience":153758,"relics_obtained":[{"floor":6,"key":"Centennial Puzzle"},{"floor":9,"key":"Pen Nib"}],"event_choices":[{"cards_removed":["Strike_G"],"damage_healed":0,"gold_gain":0,"player_choice":"Card Removal","damage_taken":0,"max_hp_gain":0,"max_hp_loss":0,"event_name":"The Cleric","floor":2,"gold_loss":50},{"damage_healed":0,"gold_gain":0,"player_choice":"Full Heal","damage_taken":0,"max_hp_gain":0,"max_hp_loss":0,"event_name":"Wheel of Change","floor":3,"gold_loss":0},{"damage_healed":0,"gold_gain":0,"player_choice":"Ignored","damage_taken":0,"max_hp_gain":0,"max_hp_loss":0,"event_name":"Liars Game","floor":14,"gold_loss":0}],"is_beta":false,"boss_relics":[],"items_purged_floors":[],"is_endless":false,"potions_floor_spawned":[4,5,6,10],"killed_by":"Slime Boss","ascension_level":4}