{"gold_per_floor":[113,25,43,60,60,60,94,94,94,94,94,127,127,142,142,216,216,236,236,251,264,60,60,60,60,60,60,71,106,106,123,123,202,202,220,70,90,90],"floor_reached":38,"playtime":10883,"items_purged":["Strike_G","Strike_G"],"score":804,"play_id":"542473b8-afed-4ff3-ad0f-cce48963ca2f","local_time":"20190211200005","is_ascension_mode":true,"campfire_choices":[{"data":"Bouncing Flask","floor":6,"key":"SMITH"},{"floor":10,"key":"REST"},{"floor":13,"key":"REST"},{"data":"Caltrops","floor":15,"key":"SMITH"},{"floor":23,"key":"REST"},{"data":"Crippling Poison","floor":25,"key":"SMITH"},{"floor":30,"key":"REST"},{"floor":32,"key":"REST"}],"neow_cost":"NONE","seed_source_timestamp":1120888034431399,"circlet_count":0,"master_deck":["AscendersBane","Defend_G","Defend_G","Defend_G","Defend_G","Defend_G","Survivor","Neutralize+1","Impatience","PiercingWail","Caltrops+1","All Out Attack","Bouncing Flask+1","Predator","Skewer","Dodge and Roll","Malaise","Footwork","Madness","Jack Of All Trades","Bouncing Flask","Footwork","Crippling Poison+1","Underhanded Strike","Footwork","Tools of the Trade","PiercingWail+1","Acrobatics","Terror"],"relics":["Ring of the Snake","Bottled Tornado","Paper Crane","Bottled Lightning","Orichalcum","Sozu","Boot","Anchor","Empty Cage"],"potions_floor_usage":[12,16],"damage_taken":[{"damage":7,"enemies":"Jaw Worm","floor":1,"turns":5},{"damage":1,"enemies":"Small Slimes","floor":3,"turns":4},{"damage":1,"enemies":"Cultist","floor":4,"turns":4},{"damage":46,"enemies":"3 Sentries","floor":7,"turns":9},{"damage":28,"enemies":"Gremlin Nob","floor":12,"turns":4},{"damage":8,"enemies":"Looter","floor":14,"turns":3},{"damage":9,"enemies":"Hexaghost","floor":16,"turns":8},{"damage":12,"enemies":"Spheric Guardian","floor":18,"turns":6},{"damage":0,"enemies":"Chosen","floor":20,"turns":5},{"damage":0,"enemies":"Snecko","floor":21,"turns":7},{"damage":13,"enemies":"Centurion and Healer","floor":28,"turns":9},{"damage":43,"enemies":"Gremlin Leader","floor":29,"turns":7},{"damage":2,"enemies":"Sentry and Sphere","floor":31,"turns":4},{"damage":12,"enemies":"Automaton","floor":33,"turns":11},{"damage":14,"enemies":"Orb Walker","floor":35,"turns":4},{"damage":4,"enemies":"3 Darklings","floor":37,"turns":5},{"damage":57,"enemies":"Transient","floor":38,"turns":5}],"seed_played":"-8981280456189129934","potions_obtained":[{"floor":3,"key":"Poison Potion"},{"floor":14,"key":"FearPotion"}],"is_trial":false,"path_per_floor":["M","$","M","M","?","R","E","?","T","R","?","E","R","M","R","B",null,"M","?","M","M","$","R","?","R","T","?","M","E","R","M","R","B",null,"M","$","M","M"],"character_chosen":"THE_SILENT","items_purchased":["Caltrops","Footwork","Crippling Poison","Acrobatics"],"campfire_rested":5,"item_purchase_floors":[2,22,22,36],"current_hp_per_floor":[52,52,51,50,55,55,9,9,9,30,30,2,23,15,15,6,55,43,22,22,22,22,43,57,57,57,57,44,1,22,20,41,29,61,47,47,43,0],"gold":90,"neow_bonus":"RANDOM_COLORLESS","is_prod":false,"is_daily":false,"chose_seed":false,"campfire_upgraded":3,"win_rate":0,"timestamp":1549911605,"path_taken":["M","$","M","M","?","R","E","?","T","R","?","E","R","?","R","BOSS","M","?","?","M","$","R","?","R","T","?","M","E","R","M","R","BOSS","M","$","M","M"],"build_version":"2019-01-23","purchased_purges":2,"victory":false,"max_hp_per_floor":[66,66,66,66,71,71,71,71,71,71,71,71,71,71,71,71,71,71,71,71,71,71,71,71,71,71,71,71,71,71,71,71,71,71,71,71,71,71],"card_choices":[{"not_picked":["Underhanded Strike","Sucker Punch"],"picked":"PiercingWail","floor":1},{"not_picked":["Poisoned Stab","Acrobatics"],"picked":"All Out Attack","floor":3},{"not_picked":["Cloak And Dagger","Deadly Poison"],"picked":"Bouncing Flask","floor":4},{"not_picked":["Poisoned Stab","Deflect"],"picked":"Predator","floor":7},{"not_picked":["Predator","Heel Hook"],"picked":"Skewer","floor":12},{"not_picked":["Finisher","Slice"],"picked":"Dodge and Roll","floor":14},{"not_picked":["Night Terror","A Thousand Cuts"],"picked":"Malaise","floor":16},{"not_picked":["Slice","Deadly Poison"],"picked":"Footwork","floor":18},{"not_picked":["Escape Plan","Concentrate","Slice"],"picked":"SKIP","floor":20},{"not_picked":["Poisoned Stab","Masterful Stab"],"picked":"Bouncing Flask","floor":21},{"not_picked":["Bane","Dodge and Roll","Outmaneuver"],"picked":"SKIP","floor":28},{"not_picked":["Quick Slash+1","PiercingWail"],"picked":"Footwork","floor":29},{"not_picked":["Tactician","Underhanded Strike","Blade Dance"],"picked":"SKIP","floor":31},{"not_picked":["Doppelganger","Venomology"],"picked":"Tools of the Trade","floor":33},{"not_picked":["Predator+1","Outmaneuver"],"picked":"PiercingWail+1","floor":35},{"not_picked":["Underhanded Strike","Bane"],"picked":"Terror","floor":37}],"player_experience":2756460,"relics_obtained":[{"floor":7,"key":"Bottled Tornado"},{"floor":9,"key":"Bottled Lightning"},{"floor":12,"key":"Orichalcum"},{"floor":26,"key":"Boot"},{"floor":29,"key":"Anchor"}],"event_choices":[{"damage_healed":0,"gold_gain":0,"player_choice":"Donut","damage_taken":0,"max_hp_gain":5,"max_hp_loss":0,"event_name":"Big Fish","floor":5,"gold_loss":0},{"damage_healed":0,"gold_gain":0,"player_choice":"Searched \u00271\u0027 times","damage_taken":0,"relics_obtained":["Paper Crane"],"max_hp_gain":0,"max_hp_loss":0,"event_name":"Dead Adventurer","floor":8,"gold_loss":0},{"damage_healed":0,"gold_gain":0,"player_choice":"Grow","damage_taken":0,"max_hp_gain":0,"max_hp_loss":0,"event_name":"Living Wall","floor":11,"gold_loss":0,"cards_upgraded":["Neutralize"]},{"damage_healed":0,"gold_gain":0,"player_choice":"CARD CARD ","damage_taken":21,"max_hp_gain":0,"max_hp_loss":0,"event_name":"Knowing Skull","floor":19,"potions_obtained":[],"gold_loss":0,"cards_obtained":["Madness","Jack Of All Trades"]},{"damage_healed":14,"gold_gain":0,"player_choice":"Heal","damage_taken":0,"max_hp_gain":0,"max_hp_loss":0,"event_name":"The Library","floor":24,"gold_loss":0},{"damage_healed":0,"gold_gain":0,"cards_transformed":["Strike_G"],"player_choice":"Transformed","damage_taken":0,"max_hp_gain":0,"max_hp_loss":0,"event_name":"Transmorgrifier","floor":27,"gold_loss":0,"cards_obtained":["Underhanded Strike"]}],"is_beta":false,"boss_relics":[{"not_picked":["WristBlade","Orrery"],"picked":"Sozu"},{"not_picked":["HoveringKite","Pandora\u0027s Box"],"picked":"Empty Cage"}],"items_purged_floors":[22,36],"is_endless":false,"potions_floor_spawned":[3,14,21,29,31,33,35,37],"killed_by":"Transient","ascension_level":20}