{"gold_per_floor":[116,131,141,94,94,123,123,123,123,123,185,185,235,252,252,356,356,371,381,125,175,237,237,314,328,397,397,413,413,54,81,81,184,184,201,161,226,149,169,196,49,99,167,186,236,236,302,330,330,330],"floor_reached":51,"playtime":2830,"items_purged":[],"score":884,"play_id":"d9c52580-89a2-43ee-a83c-a5b052758062","local_time":"20190421093422","is_ascension_mode":true,"campfire_choices":[{"data":"Intimidate","floor":7.0,"key":"SMITH"},{"data":"Pommel Strike","floor":10.0,"key":"SMITH"},{"data":"Bash","floor":12.0,"key":"SMITH"},{"data":"Twin Strike","floor":15.0,"key":"SMITH"},{"data":"Offering","floor":23.0,"key":"SMITH"},{"data":"Offering","floor":27.0,"key":"SMITH"},{"data":"Pommel Strike","floor":29.0,"key":"SMITH"},{"data":"Reaper","floor":32.0,"key":"SMITH"},{"floor":46.0,"key":"REST"},{"floor":49.0,"key":"REST"}],"neow_cost":"NONE","seed_source_timestamp":618398693905018,"circlet_count":0,"master_deck":["Strike_R","Strike_R","Strike_R","Strike_R","Strike_R","Defend_R","Defend_R+1","Defend_R+1","Bash+1","Perfected Strike+1","Pommel Strike+1","Intimidate+1","Twin Strike","Twin Strike+1","Double Tap+1","Offering+1","Wild Strike","Evolve+1","Offering+1","Pommel Strike+1","Perfected Strike+1","Reaper+1","Metallicize+1","Impervious","Headbutt","Shockwave+1","Ghostly Armor","Enlightenment+1","Shrug It Off","Feel No Pain+1","Shrug It Off"],"special_seed":0,"relics":["Burning Blood","NeowsBlessing","Ornamental Fan","SsserpentHead","Anchor","Sozu","Red Mask","Question Card","DollysMirror","Orichalcum","Lizard Tail","Bag of Marbles","Letter Opener","Art of War"],"potions_floor_usage":[],"damage_taken":[{"damage":0.0,"enemies":"Jaw Worm","floor":1.0,"turns":1.0},{"damage":0.0,"enemies":"2 Louse","floor":2.0,"turns":1.0},{"damage":0.0,"enemies":"Cultist","floor":3.0,"turns":1.0},{"damage":20.0,"enemies":"3 Sentries","floor":6.0,"turns":6.0},{"damage":0.0,"enemies":"Looter","floor":11.0,"turns":2.0},{"damage":0.0,"enemies":"2 Fungi Beasts","floor":14.0,"turns":2.0},{"damage":35.0,"enemies":"The Guardian","floor":16.0,"turns":9.0},{"damage":0.0,"enemies":"2 Thieves","floor":18.0,"turns":3.0},{"damage":3.0,"enemies":"3 Byrds","floor":19.0,"turns":5.0},{"damage":18.0,"enemies":"Centurion and Healer","floor":22.0,"turns":5.0},{"damage":7.0,"enemies":"Masked Bandits","floor":24.0,"turns":3.0},{"damage":4.0,"enemies":"Cultist and Chosen","floor":25.0,"turns":4.0},{"damage":0.0,"enemies":"Chosen and Byrds","floor":28.0,"turns":4.0},{"damage":0.0,"enemies":"Slavers","floor":31.0,"turns":3.0},{"damage":73.0,"enemies":"Automaton","floor":33.0,"turns":8.0},{"damage":6.0,"enemies":"Orb Walker","floor":35.0,"turns":3.0},{"damage":38.0,"enemies":"3 Shapes","floor":37.0,"turns":4.0},{"damage":20.0,"enemies":"Writhing Mass","floor":39.0,"turns":5.0},{"damage":7.0,"enemies":"Nemesis","floor":40.0,"turns":5.0},{"damage":31.0,"enemies":"Maw","floor":44.0,"turns":8.0},{"damage":6.0,"enemies":"3 Darklings","floor":47.0,"turns":6.0},{"damage":0.0,"enemies":"Reptomancer","floor":48.0,"turns":2.0},{"damage":106,"enemies":"Awakened One","floor":50,"turns":16}],"seed_played":"1897238772195925613","potions_obtained":[{"floor":2.0,"key":"Energy Potion"},{"floor":11.0,"key":"SteroidPotion"},{"floor":16.0,"key":"Ancient Potion"}],"is_trial":false,"path_per_floor":["?","?","M","?","?","M","?","?","M","?","?","M"],"character_chosen":"IRONCLAD","items_purchased":["Pommel Strike","Offering","Wild Strike","Evolve","DollysMirror","Reaper","Ghostly Armor","Enlightenment","Shrug It Off"],"campfire_rested":2,"item_purchase_floors":[4,20,20,20,30,30,38,41,41],"current_hp_per_floor":[80,80,80,80,80,66,66,66,66,66,72,72,56,62,62,33,80,80,80,80,80,68,68,67,69,69,69,75,75,75,80,80,13,80,80,80,48,48,34,33,33,33,33,14,14,38,45,51,75,24],"gold":330,"neow_bonus":"THREE_ENEMY_KILL","is_prod":false,"is_daily":false,"chose_seed":false,"campfire_upgraded":8,"win_rate":0,"timestamp":1555832062,"path_taken":["M","M","M","$","?","E","R","?","T","R","?","R","?","M","R","BOSS","M","M","$","?","?","R","?","M","T","R","M","R","$","E","R","BOSS","M","?","?","$","M","E","$","?","T","M","?","R","?","E","R","BOSS"],"build_version":"2019-01-23","purchased_purges":0,"victory":true,"max_hp_per_floor":[80,80,80,80,80,80,80,80,80,80,80,80,80,80,80,80,80,80,80,80,80,80,80,80,80,80,80,80,80,80,80,80,80,80,80,80,80,80,80,80,80,80,80,80,80,80,80,80,80,80],"card_choices":[{"not_picked":["Fire Breathing","Sever Soul"],"picked":"Perfected Strike","floor":1.0},{"not_picked":["Sentinel","Thunderclap","Searing Blow"],"picked":"SKIP","floor":2.0},{"not_picked":["Havoc","Impervious","Anger"],"picked":"SKIP","floor":3.0},{"not_picked":["Clothesline","Body Slam"],"picked":"Intimidate","floor":6.0},{"not_picked":["Dual Wield","Thunderclap"],"picked":"Twin Strike","floor":11.0},{"not_picked":["Sword Boomerang","Warcry"],"picked":"Twin Strike","floor":14.0},{"not_picked":["Demon Form","Juggernaut"],"picked":"Double Tap","floor":16.0},{"not_picked":["Anger","Sever Soul","Clash"],"picked":"SKIP","floor":18.0},{"not_picked":["Dropkick+1","Cleave","Sword Boomerang"],"picked":"SKIP","floor":19.0},{"not_picked":["Sword Boomerang","Dual Wield","Inflame"],"picked":"SKIP","floor":22.0},{"not_picked":["True Grit","Heavy Blade"],"picked":"Offering","floor":24.0},{"not_picked":["Thunderclap","Dual Wield","Havoc"],"picked":"SKIP","floor":25.0},{"not_picked":["Clash","Flame Barrier","Thunderclap+1"],"picked":"Pommel Strike","floor":28.0},{"not_picked":["Thunderclap","Body Slam","Spot Weakness"],"picked":"Metallicize+1","floor":31.0},{"not_picked":["Brutality","Dark Embrace","Juggernaut"],"picked":"Impervious","floor":33.0},{"not_picked":["Blood for Blood","Warcry+1","Reckless Charge+1"],"picked":"Headbutt","floor":35.0},{"not_picked":["Entrench+1","Armaments+1","Impervious"],"picked":"Shockwave+1","floor":37.0},{"not_picked":["Warcry","Sword Boomerang+1","Anger","Clothesline"],"picked":"SKIP","floor":39.0},{"not_picked":["Reckless Charge+1","Second Wind","Sword Boomerang+1"],"picked":"Seeing Red+1","floor":40.0},{"not_picked":["Pommel Strike+1","Bloodletting+1","Havoc"],"picked":"Feel No Pain+1","floor":44.0},{"not_picked":["Flex","Seeing Red","Thunderclap","Iron Wave"],"picked":"SKIP","floor":47.0},{"not_picked":["Heavy Blade","Power Through","Fire Breathing+1"],"picked":"Shrug It Off","floor":48.0}],"player_experience":132832,"relics_obtained":[{"floor":6.0,"key":"Ornamental Fan"},{"floor":9.0,"key":"Anchor"},{"floor":24.0,"key":"Red Mask"},{"floor":26.0,"key":"Question Card"},{"floor":31.0,"key":"Orichalcum"},{"floor":40.0,"key":"Bag of Marbles"},{"floor":43.0,"key":"Letter Opener"},{"floor":48.0,"key":"Art of War"}],"event_choices":[{"damage_healed":0.0,"max_hp_gain":0.0,"max_hp_loss":0.0,"gold_gain":0.0,"event_name":"Living Wall","player_choice":"Grow","floor":5.0,"gold_loss":0.0,"damage_taken":0.0,"cards_upgraded":["Perfected Strike"]},{"damage_healed":0.0,"max_hp_gain":0.0,"max_hp_loss":0.0,"gold_gain":0.0,"event_name":"FaceTrader","player_choice":"Trade","floor":8.0,"gold_loss":0.0,"damage_taken":0.0,"relics_obtained":["SsserpentHead"]},{"damage_healed":0.0,"max_hp_gain":0.0,"max_hp_loss":0.0,"gold_gain":0.0,"event_name":"Shining Light","player_choice":"Entered Light","floor":13.0,"gold_loss":0.0,"damage_taken":16.0,"cards_upgraded":["Defend_R","Defend_R"]},{"damage_healed":0.0,"max_hp_gain":0.0,"max_hp_loss":0.0,"gold_gain":0.0,"event_name":"Upgrade Shrine","player_choice":"Upgraded","floor":21.0,"gold_loss":0.0,"damage_taken":0.0,"cards_upgraded":["Double Tap"]},{"damage_healed":0.0,"max_hp_gain":0.0,"max_hp_loss":0.0,"gold_gain":0.0,"event_name":"Masked Bandits","player_choice":"Fought Bandits","floor":24.0,"gold_loss":0.0,"damage_taken":0.0},{"cards_removed":["Defend_R"],"damage_healed":0.0,"max_hp_gain":0.0,"max_hp_loss":0.0,"gold_gain":0.0,"event_name":"Designer","player_choice":"Upgrade and Remove","floor":36.0,"gold_loss":90.0,"damage_taken":0.0,"cards_upgraded":["Evolve"]},{"cards_removed":["Seeing Red"],"damage_healed":0.0,"max_hp_gain":0.0,"max_hp_loss":0.0,"gold_gain":0.0,"event_name":"Falling","player_choice":"Removed Skill","floor":42.0,"gold_loss":0.0,"damage_taken":0.0},{"damage_healed":0.0,"max_hp_gain":0.0,"max_hp_loss":0.0,"gold_gain":0.0,"event_name":"Upgrade Shrine","player_choice":"Upgraded","floor":45.0,"gold_loss":0.0,"damage_taken":0.0,"cards_upgraded":["Enlightenment"]}],"is_beta":false,"boss_relics":[{"not_picked":["Busted Crown","Black Star"],"picked":"Sozu"},{"not_picked":["Astrolabe","Snecko Eye"],"picked":"Lizard Tail"}],"items_purged_floors":[],"is_endless":false,"potions_floor_spawned":[2,11,16,19,24,25,40,44,48],"ascension_level":3}