{"gold_per_floor":[10,24,37,51,62,62,62,62,62,62,62,62,87,102,102,197,197,211,64,64,79,79,106,106,141,186,200,200,0,0,25,25,127,127,140,140,155,155,171,171,205,225,225,260,22,41,0,10,10,10],"floor_reached":50,"playtime":2110,"items_purged":["Defend_B"],"score":732,"play_id":"62016d14-8f54-4912-bca0-6a2e0a296a3b","local_time":"20190423175928","is_ascension_mode":true,"campfire_choices":[{"floor":6,"key":"DIG"},{"floor":8,"key":"DIG"},{"floor":12,"key":"DIG"},{"floor":15,"key":"DIG"},{"floor":24,"key":"DIG"},{"floor":28,"key":"REST"},{"floor":32,"key":"REST"},{"data":"Buffer","floor":40,"key":"SMITH"},{"floor":49,"key":"REST"}],"neow_cost":"NO_GOLD","seed_source_timestamp":823050971688397,"circlet_count":0,"master_deck":["Strike_B","Strike_B","Strike_B","Strike_B","Defend_B","Defend_B","Zap","Dualcast","Doom and Gloom+1","Conserve Battery","Leap","Leap+1","Conserve Battery","Electrodynamics","Buffer+1","Capacitor","Steam+1","Ball Lightning","Skim+1","Buffer+1","Sweeping Beam+1","Shame","Undo","Sweeping Beam+1","Parasite","Reinforced Body+1","Darkness","Ball Lightning+1"],"relics":["Cracked Core","Shovel","Nunchaku","Letter Opener","Cables","PreservedInsect","Juzu Bracelet","Girya","Busted Crown","Happy Flower","Dream Catcher","Thread and Needle","Bag of Preparation","Bottled Flame","Cursed Key","Pen Nib","Frozen Egg 2","Pear","Red Mask"],"potions_floor_usage":[13,13,23,23,23,25,44,44,44,50],"damage_taken":[{"damage":5,"enemies":"Cultist","floor":1,"turns":4},{"damage":9,"enemies":"2 Louse","floor":2,"turns":2},{"damage":0,"enemies":"Small Slimes","floor":3,"turns":3},{"damage":0,"enemies":"2 Fungi Beasts","floor":4,"turns":3},{"damage":12,"enemies":"Exordium Wildlife","floor":5,"turns":4},{"damage":0,"enemies":"Gremlin Nob","floor":13,"turns":3},{"damage":0,"enemies":"Lots of Slimes","floor":14,"turns":1},{"damage":10,"enemies":"The Guardian","floor":16,"turns":9},{"damage":4,"enemies":"Chosen","floor":18,"turns":5},{"damage":0,"enemies":"Spheric Guardian","floor":21,"turns":4},{"damage":21,"enemies":"Gremlin Leader","floor":23,"turns":5},{"damage":33,"enemies":"Book of Stabbing","floor":25,"turns":6},{"damage":0,"enemies":"Centurion and Healer","floor":27,"turns":7},{"damage":0,"enemies":"Gremlin Leader","floor":31,"turns":3},{"damage":14,"enemies":"Collector","floor":33,"turns":10},{"damage":0,"enemies":"3 Shapes","floor":35,"turns":2},{"damage":0,"enemies":"Orb Walker","floor":37,"turns":4},{"damage":23,"enemies":"Maw","floor":39,"turns":9},{"damage":21,"enemies":"Reptomancer","floor":41,"turns":6},{"damage":0,"enemies":"Writhing Mass","floor":42,"turns":9},{"damage":17,"enemies":"Giant Head","floor":44,"turns":11},{"damage":0,"enemies":"Spire Growth","floor":46,"turns":5},{"damage":0,"enemies":"Jaw Worm Horde","floor":48,"turns":3},{"damage":49,"enemies":"Time Eater","floor":50,"turns":7}],"seed_played":"-2856576700266089841","potions_obtained":[{"floor":1,"key":"Block Potion"},{"floor":2,"key":"Poison Potion"},{"floor":3,"key":"EntropicBrew"},{"floor":14,"key":"Fire Potion"},{"floor":18,"key":"SteroidPotion"},{"floor":33,"key":"FearPotion"},{"floor":39,"key":"EssenceOfSteel"},{"floor":48,"key":"Fire Potion"}],"is_trial":false,"path_per_floor":["M","?","?","?","?","?","?","?","T","?"],"character_chosen":"DEFECT","items_purchased":["Capacitor","Pear"],"campfire_rested":3,"item_purchase_floors":[19,45],"current_hp_per_floor":[70,61,61,61,49,49,42,42,42,67,52,52,52,52,52,42,75,71,71,71,71,71,50,50,17,17,17,39,39,39,39,61,47,75,75,75,75,75,52,52,31,31,31,14,24,24,24,24,49,0],"gold":10,"neow_bonus":"ONE_RARE_RELIC","is_prod":false,"is_daily":false,"chose_seed":false,"campfire_upgraded":1,"win_rate":0,"timestamp":1556035168,"path_taken":["M","M","?","M","M","R","?","R","T","?","?","R","E","M","R","BOSS","M","$","?","M","$","E","R","E","T","M","R","?","?","E","R","BOSS","M","?","M","?","M","R","E","M","T","E","$","M","?","M","R","BOSS"],"build_version":"2019-01-23","purchased_purges":1,"victory":false,"max_hp_per_floor":[75,75,75,75,75,75,75,75,75,75,75,75,75,75,75,75,75,75,75,75,75,75,75,75,75,75,75,75,75,75,75,75,75,75,75,75,75,75,75,75,75,75,75,75,85,85,85,85,85,85],"card_choices":[{"not_picked":["Skim","Gash"],"picked":"Doom and Gloom","floor":1},{"not_picked":["Barrage","Rebound"],"picked":"Conserve Battery","floor":2},{"not_picked":["Reprogram","Rebound"],"picked":"Leap","floor":3},{"not_picked":["Tempest","Compile Driver"],"picked":"Leap","floor":4},{"not_picked":["Turbo","Cold Snap"],"picked":"Conserve Battery","floor":5},{"not_picked":["Chill","Rip and Tear"],"picked":"Electrodynamics","floor":13},{"not_picked":["Chaos","Turbo","Rip and Tear"],"picked":"SKIP","floor":14},{"not_picked":["Creative AI","Meteor Strike"],"picked":"Buffer","floor":16},{"not_picked":["Go for the Eyes+1"],"picked":"SKIP","floor":18},{"not_picked":["Rebound"],"picked":"SKIP","floor":21},{"not_picked":["Gash+1"],"picked":"SKIP","floor":23},{"not_picked":[],"picked":"Steam+1","floor":25},{"not_picked":[],"picked":"Ball Lightning","floor":27},{"not_picked":[],"picked":"Skim+1","floor":31},{"not_picked":[],"picked":"Buffer","floor":33},{"not_picked":[],"picked":"Sweeping Beam+1","floor":35},{"not_picked":["Rebound"],"picked":"SKIP","floor":37},{"not_picked":[],"picked":"Undo","floor":39},{"not_picked":[],"picked":"Sweeping Beam+1","floor":41},{"not_picked":[],"picked":"Reinforced Body+1","floor":42},{"not_picked":[],"picked":"Darkness","floor":44},{"not_picked":["Barrage"],"picked":"SKIP","floor":46},{"not_picked":[],"picked":"Ball Lightning+1","floor":48}],"player_experience":140746,"relics_obtained":[{"floor":6,"key":"Nunchaku"},{"floor":8,"key":"Letter Opener"},{"floor":9,"key":"Cables"},{"floor":12,"key":"PreservedInsect"},{"floor":13,"key":"Juzu Bracelet"},{"floor":15,"key":"Girya"},{"floor":23,"key":"Happy Flower"},{"floor":24,"key":"Dream Catcher"},{"floor":25,"key":"Thread and Needle"},{"floor":26,"key":"Bag of Preparation"},{"floor":31,"key":"Bottled Flame"},{"floor":41,"key":"Pen Nib"},{"floor":44,"key":"Frozen Egg 2"}],"event_choices":[{"cards_removed":["Defend_B"],"damage_healed":0,"gold_gain":0,"player_choice":"Card Removal","damage_taken":7,"max_hp_gain":0,"max_hp_loss":0,"event_name":"Golden Wing","floor":7,"gold_loss":0},{"damage_healed":25,"gold_gain":0,"player_choice":"Banana","damage_taken":0,"max_hp_gain":0,"max_hp_loss":0,"event_name":"Big Fish","floor":10,"gold_loss":0},{"damage_healed":0,"gold_gain":0,"player_choice":"Entered Light","damage_taken":15,"max_hp_gain":0,"max_hp_loss":0,"event_name":"Shining Light","floor":11,"gold_loss":0,"cards_upgraded":["Doom and Gloom","Leap"]},{"damage_healed":0,"gold_gain":0,"player_choice":"Upgraded","damage_taken":0,"max_hp_gain":0,"max_hp_loss":0,"event_name":"Upgrade Shrine","floor":20,"gold_loss":0,"cards_upgraded":["Buffer"]},{"damage_healed":0,"gold_gain":0,"player_choice":"Paid Fearfully","damage_taken":0,"max_hp_gain":0,"max_hp_loss":0,"event_name":"Masked Bandits","floor":29,"gold_loss":200},{"damage_healed":0,"gold_gain":0,"player_choice":"Memory 1","damage_taken":0,"max_hp_gain":0,"max_hp_loss":0,"event_name":"SensoryStone","floor":36,"gold_loss":0},{"damage_healed":0,"gold_gain":0,"player_choice":"Paid","damage_taken":0,"relics_obtained":["Red Mask"],"max_hp_gain":0,"max_hp_loss":0,"event_name":"Tomb of Lord Red Mask","floor":47,"gold_loss":41}],"is_beta":false,"boss_relics":[{"not_picked":["Tiny House","Astrolabe"],"picked":"Busted Crown"},{"not_picked":["Eternal Feather","Runic Pyramid"],"picked":"Cursed Key"}],"items_purged_floors":[19],"is_endless":false,"potions_floor_spawned":[1,2,3,5,14,18,21,23,33,35,39,41,48],"killed_by":"Time Eater","ascension_level":4}