{"gold_per_floor":[113,133,31,44,44,44,72,72,72,87,118,118,193,39,39,141,141,157,33,33,33,47,75,75,94,141,141,160,35,35,50,50,146,146,165,265,265,115,128,128,128,142,142,158,173,185,185,10,10,10],"floor_reached":51,"playtime":2363,"items_purged":["Strike_R","Defend_R","Strike_R","Shame","Strike_R"],"score":968,"play_id":"2e4ef497-ae35-4cff-a371-8885d47faef2","local_time":"20190505154940","is_ascension_mode":true,"campfire_choices":[{"data":"Double Tap","floor":6.0,"key":"SMITH"},{"data":"Shockwave","floor":8.0,"key":"SMITH"},{"data":"Immolate","floor":12.0,"key":"SMITH"},{"floor":15.0,"key":"REST"},{"floor":24.0,"key":"REST"},{"data":"Demon Form","floor":27.0,"key":"SMITH"},{"floor":32.0,"key":"REST"},{"data":"Armaments","floor":41.0,"key":"SMITH"},{"data":"Madness","floor":49.0,"key":"SMITH"}],"neow_cost":"TEN_PERCENT_HP_LOSS","seed_source_timestamp":795115210579187,"circlet_count":0,"master_deck":["Strike_R","Strike_R","Defend_R","Defend_R","Defend_R","Bash","Double Tap+1","Flex","Armaments+1","Thunderclap","Immolate+1","Shockwave+1","Warcry","Pummel","Whirlwind+1","Burning Pact","Fiend Fire","Shrug It Off","Shrug It Off","Flex","Inflame+1","Demon Form+1","Intimidate","Spot Weakness+1","Reaper","Seeing Red+1","Madness+1","Madness","Bloodletting+1","Heavy Blade","Burning Pact+1"],"special_seed":0,"relics":["Burning Blood","Calipers","Charon\u0027s Ashes","Bird Faced Urn","Cursed Key","Centennial Puzzle","Bag of Marbles","Happy Flower","Runic Pyramid","Unceasing Top"],"potions_floor_usage":[50,50,50],"damage_taken":[{"damage":2.0,"enemies":"Jaw Worm","floor":1.0,"turns":3.0},{"damage":7.0,"enemies":"Small Slimes","floor":2.0,"turns":4.0},{"damage":0.0,"enemies":"2 Louse","floor":4.0,"turns":2.0},{"damage":20.0,"enemies":"3 Sentries","floor":7.0,"turns":4.0},{"damage":0.0,"enemies":"2 Fungi Beasts","floor":10.0,"turns":2.0},{"damage":22.0,"enemies":"Lagavulin","floor":11.0,"turns":5.0},{"damage":64.0,"enemies":"Hexaghost","floor":16.0,"turns":9.0},{"damage":19.0,"enemies":"Chosen","floor":18.0,"turns":4.0},{"damage":0.0,"enemies":"3 Byrds","floor":22.0,"turns":3.0},{"damage":46.0,"enemies":"Book of Stabbing","floor":23.0,"turns":4.0},{"damage":14.0,"enemies":"Centurion and Healer","floor":25.0,"turns":2.0},{"damage":22.0,"enemies":"Shelled Parasite and Fungi","floor":28.0,"turns":3.0},{"damage":0.0,"enemies":"Cultist and Chosen","floor":31.0,"turns":2.0},{"damage":12.0,"enemies":"Champ","floor":33.0,"turns":6.0},{"damage":44.0,"enemies":"3 Shapes","floor":35.0,"turns":4.0},{"damage":48.0,"enemies":"Mind Bloom Boss Battle","floor":36.0,"turns":6.0},{"damage":22.0,"enemies":"3 Darklings","floor":39.0,"turns":5.0},{"damage":17.0,"enemies":"Giant Head","floor":40.0,"turns":5.0},{"damage":22.0,"enemies":"Jaw Worm Horde","floor":42.0,"turns":3.0},{"damage":42.0,"enemies":"Maw","floor":44.0,"turns":6.0},{"damage":48.0,"enemies":"4 Shapes","floor":45.0,"turns":4.0},{"damage":10.0,"enemies":"3 Darklings","floor":46.0,"turns":3.0},{"damage":95,"enemies":"Awakened One","floor":50,"turns":7}],"seed_played":"-6332916156589651571","potions_obtained":[{"floor":1.0,"key":"Dexterity Potion"},{"floor":2.0,"key":"Regen Potion"},{"floor":16.0,"key":"Energy Potion"},{"floor":18.0,"key":"BloodPotion"},{"floor":31.0,"key":"Energy Potion"},{"floor":33.0,"key":"Dexterity Potion"},{"floor":35.0,"key":"SmokeBomb"},{"floor":46.0,"key":"AttackPotion"}],"is_trial":false,"path_per_floor":["?","?","?","?","M","$","?","?","?","$","M","?"],"character_chosen":"IRONCLAD","items_purchased":["Thunderclap","Whirlwind","Burning Pact","Shrug It Off"],"campfire_rested":3,"item_purchase_floors":[3,14,14,19],"current_hp_per_floor":[72,71,71,72,77,77,63,63,63,69,53,53,42,42,65,22,63,50,50,50,50,63,25,48,40,40,40,24,24,24,32,55,53,71,75,69,59,59,77,68,68,54,54,53,77,73,73,73,73,32],"gold":10,"neow_bonus":"THREE_RARE_CARDS","is_prod":false,"is_daily":false,"chose_seed":false,"campfire_upgraded":6,"win_rate":0,"timestamp":1557064180,"path_taken":["M","M","$","M","?","R","E","R","T","M","E","R","?","$","R","BOSS","M","$","?","?","?","E","R","M","T","R","M","?","?","M","R","BOSS","M","?","?","?","?","E","R","M","T","M","M","M","?","$","R","BOSS"],"build_version":"2019-01-23","purchased_purges":5,"victory":true,"max_hp_per_floor":[72,72,72,72,77,77,77,77,77,77,77,77,77,77,77,77,77,77,77,77,77,77,77,77,77,77,77,77,77,77,77,77,77,77,77,77,77,77,77,77,77,77,77,77,77,77,77,77,77,77],"card_choices":[{"not_picked":["Reaper","Exhume"],"picked":"Double Tap","floor":0.0},{"not_picked":["Havoc","Sword Boomerang"],"picked":"Flex","floor":1.0},{"not_picked":["Pommel Strike","Feel No Pain"],"picked":"Armaments","floor":2.0},{"not_picked":["Shrug It Off","Twin Strike"],"picked":"Immolate","floor":4.0},{"not_picked":["Clothesline","True Grit"],"picked":"Shockwave","floor":7.0},{"not_picked":["Anger","Wild Strike"],"picked":"Warcry","floor":10.0},{"not_picked":["Feel No Pain","Reckless Charge"],"picked":"Pummel","floor":11.0},{"not_picked":["Brutality","Barricade"],"picked":"Fiend Fire","floor":16.0},{"not_picked":["Burning Pact+1","Power Through"],"picked":"Shrug It Off","floor":18.0},{"not_picked":["Twin Strike","Cleave"],"picked":"Inflame+1","floor":22.0},{"not_picked":["Sever Soul+1","Flex"],"picked":"Demon Form","floor":23.0},{"not_picked":["Shockwave","Dual Wield+1","Perfected Strike"],"picked":"SKIP","floor":25.0},{"not_picked":["Twin Strike","True Grit"],"picked":"Intimidate","floor":28.0},{"not_picked":["Cleave","Headbutt+1"],"picked":"Spot Weakness+1","floor":31.0},{"not_picked":["Impervious","Bludgeon"],"picked":"Reaper","floor":33.0},{"not_picked":["Searing Blow","Bloodletting"],"picked":"Seeing Red+1","floor":35.0},{"not_picked":["Warcry","Power Through+1"],"picked":"Bloodletting+1","floor":39.0},{"not_picked":["Bloodletting","Anger+1"],"picked":"Heavy Blade","floor":42.0},{"not_picked":["Blood for Blood","Twin Strike+1","Searing Blow+1"],"picked":"SKIP","floor":44.0},{"not_picked":["Shrug It Off","Flex"],"picked":"Burning Pact+1","floor":45.0},{"not_picked":["Entrench","Wild Strike+1","Dropkick+1"],"picked":"SKIP","floor":46.0}],"player_experience":233156,"relics_obtained":[{"floor":7.0,"key":"Calipers"},{"floor":9.0,"key":"Charon\u0027s Ashes"},{"floor":11.0,"key":"Bird Faced Urn"},{"floor":23.0,"key":"Centennial Puzzle"},{"floor":26.0,"key":"Bag of Marbles"},{"floor":36.0,"key":"Unceasing Top"}],"event_choices":[{"damage_healed":0.0,"max_hp_gain":5.0,"max_hp_loss":0.0,"gold_gain":0.0,"event_name":"Big Fish","player_choice":"Donut","floor":5.0,"gold_loss":0.0,"damage_taken":0.0},{"damage_healed":0.0,"max_hp_gain":0.0,"max_hp_loss":0.0,"gold_gain":75.0,"event_name":"World of Goop","player_choice":"Gather Gold","floor":13.0,"gold_loss":0.0,"damage_taken":11.0},{"damage_healed":0.0,"max_hp_gain":0.0,"max_hp_loss":0.0,"gold_gain":0.0,"event_name":"The Library","player_choice":"Read","floor":20.0,"gold_loss":0.0,"damage_taken":0.0,"cards_obtained":["Flex"]},{"damage_healed":0.0,"max_hp_gain":0.0,"max_hp_loss":0.0,"gold_gain":0.0,"event_name":"Upgrade Shrine","player_choice":"Upgraded","floor":21.0,"gold_loss":0.0,"damage_taken":0.0,"cards_upgraded":["Whirlwind"]},{"damage_healed":0.0,"max_hp_gain":0.0,"max_hp_loss":0.0,"gold_gain":0.0,"event_name":"The Mausoleum","player_choice":"Opened","floor":30.0,"gold_loss":0.0,"damage_taken":0.0,"relics_obtained":["Happy Flower"]},{"damage_healed":0.0,"max_hp_gain":0.0,"max_hp_loss":0.0,"gold_gain":0.0,"event_name":"MindBloom","player_choice":"Fight","floor":36.0,"gold_loss":0.0,"damage_taken":0.0},{"damage_healed":0.0,"max_hp_gain":0.0,"max_hp_loss":0.0,"gold_gain":0.0,"event_name":"Winding Halls","player_choice":"Embrace Madness","floor":37.0,"gold_loss":0.0,"damage_taken":10.0,"cards_obtained":["Madness","Madness"]},{"damage_healed":0.0,"max_hp_gain":0.0,"max_hp_loss":0.0,"gold_gain":0.0,"event_name":"Mysterious Sphere","player_choice":"Ignored","floor":47.0,"gold_loss":0.0,"damage_taken":0.0}],"is_beta":false,"boss_relics":[{"not_picked":["White Beast Statue","Black Blood"],"picked":"Cursed Key"},{"not_picked":["Runic Cube","Empty Cage"],"picked":"Runic Pyramid"}],"items_purged_floors":[3,19,29,38,48],"is_endless":false,"potions_floor_spawned":[1,2,16,18,31,33,35,36,39,46],"ascension_level":7}