{"gold_per_floor":[116,129,38,58,58,58,91,109,109,126,145,176,19,34,34,130,130,145,163,63,79,3,3,3,23,23,23,23,33,33,51,51,148,148,161,161,0,0,16,16,16],"floor_reached":41,"playtime":1759,"items_purged":["Strike_B","Strike_B"],"score":506,"play_id":"fec00115-2dd9-472f-b541-b4cd065f0e2d","local_time":"20190430173946","is_ascension_mode":true,"campfire_choices":[{"data":"Darkness","floor":6.0,"key":"SMITH"},{"floor":15.0,"key":"REST"},{"data":"Redo","floor":23.0,"key":"SMITH"},{"floor":27.0,"key":"REST"},{"floor":32,"key":"REST"},{"floor":40,"key":"REST"}],"neow_cost":"NONE","seed_source_timestamp":370132230599396,"circlet_count":0,"master_deck":["Strike_B","Strike_B","Defend_B","Defend_B","Defend_B","Defend_B","Zap","Dualcast","Darkness+1","Redo+1","Capacitor","Hologram","Echo Form","BootSequence","Self Repair","Chaos+1","Leap+1","Seek+1","Redo+1","Fission+1","Leap+1","Conserve Battery+1","Doom and Gloom","Self Repair","Reboot+1","Reinforced Body+1","Rainbow+1","Barrage+1","Sweeping Beam+1"],"special_seed":0,"relics":["Cracked Core","NeowsBlessing","Centennial Puzzle","Toxic Egg 2","Ginger","Philosopher\u0027s Stone","Nuclear Battery","Red Mask"],"potions_floor_usage":[28,33],"damage_taken":[{"damage":0.0,"enemies":"Cultist","floor":1.0,"turns":1.0},{"damage":0.0,"enemies":"2 Louse","floor":2.0,"turns":1.0},{"damage":0.0,"enemies":"Small Slimes","floor":4.0,"turns":1.0},{"damage":17.0,"enemies":"Lagavulin","floor":7.0,"turns":7.0},{"damage":6.0,"enemies":"Blue Slaver","floor":8.0,"turns":3.0},{"damage":26.0,"enemies":"Large Slime","floor":10.0,"turns":4.0},{"damage":11.0,"enemies":"Exordium Wildlife","floor":11.0,"turns":5.0},{"damage":16.0,"enemies":"Gremlin Nob","floor":12.0,"turns":3.0},{"damage":1.0,"enemies":"Exordium Thugs","floor":14.0,"turns":3.0},{"damage":14.0,"enemies":"Hexaghost","floor":16.0,"turns":7.0},{"damage":10.0,"enemies":"Shell Parasite","floor":18.0,"turns":5.0},{"damage":7.0,"enemies":"Spheric Guardian","floor":19.0,"turns":4.0},{"damage":53.0,"enemies":"3 Cultists","floor":21.0,"turns":7.0},{"damage":24.0,"enemies":"Centurion and Healer","floor":25.0,"turns":8.0},{"damage":19,"enemies":"Colosseum Slavers","floor":28,"turns":4},{"damage":4,"enemies":"Snake Plant","floor":29,"turns":4},{"damage":0,"enemies":"Snecko","floor":31,"turns":4},{"damage":54,"enemies":"Collector","floor":33,"turns":8},{"damage":12,"enemies":"Orb Walker","floor":35,"turns":4},{"damage":35,"enemies":"3 Darklings","floor":39,"turns":4},{"damage":55,"enemies":"Transient","floor":41,"turns":5}],"seed_played":"-4977611149842084769","potions_obtained":[{"floor":2.0,"key":"Strength Potion"},{"floor":4.0,"key":"AttackPotion"},{"floor":7.0,"key":"Ancient Potion"},{"floor":16.0,"key":"Fire Potion"},{"floor":18.0,"key":"SpeedPotion"},{"floor":29,"key":"Swift Potion"}],"is_trial":false,"path_per_floor":["M","?","M","M","$","?","?","?","M","?","?"],"character_chosen":"DEFECT","items_purchased":["Redo","Capacitor","Seek+1","Self Repair"],"campfire_rested":4,"item_purchase_floors":[3,3,13,22],"current_hp_per_floor":[75,75,75,75,75,75,58,52,52,33,29,13,13,19,41,41,67,71,71,71,25,25,25,25,15,15,37,32,42,42,49,71,31,64,59,59,59,59,24,46,0],"gold":16,"neow_bonus":"THREE_ENEMY_KILL","is_prod":false,"is_daily":false,"chose_seed":false,"campfire_upgraded":2,"win_rate":0,"timestamp":1556638786,"path_taken":["M","?","$","M","?","R","E","M","T","?","M","E","$","M","R","BOSS","M","?","$","M","?","R","?","M","T","R","?","M","?","?","R","BOSS","M","?","?","$","M","R","M"],"build_version":"2019-01-23","purchased_purges":2,"victory":false,"max_hp_per_floor":[75,75,75,75,75,75,75,75,75,75,75,75,75,75,75,75,75,75,75,75,75,75,75,75,75,75,75,75,75,75,75,75,75,75,75,75,75,75,75,75,75],"card_choices":[{"not_picked":["Sweeping Beam","Go for the Eyes"],"picked":"Darkness","floor":1.0},{"not_picked":["Rebound","Steam","Force Field"],"picked":"SKIP","floor":2.0},{"not_picked":["Static Discharge","Melter"],"picked":"Hologram","floor":4.0},{"not_picked":["Coolheaded","Steam"],"picked":"BootSequence","floor":7.0},{"not_picked":["Rebound","Conserve Battery"],"picked":"Self Repair","floor":8.0},{"not_picked":["Blizzard","Steam Power+1"],"picked":"Capacitor","floor":10.0},{"not_picked":["Go for the Eyes","Rip and Tear"],"picked":"Chaos+1","floor":11.0},{"not_picked":["Beam Cell","Hello World"],"picked":"Leap+1","floor":12.0},{"not_picked":["FTL","Blizzard"],"picked":"Redo+1","floor":14.0},{"not_picked":["Hyperbeam","Meteor Strike"],"picked":"Fission+1","floor":16.0},{"not_picked":["Static Discharge","Coolheaded+1"],"picked":"Leap+1","floor":18.0},{"not_picked":["Stack+1","Sweeping Beam+1"],"picked":"Conserve Battery+1","floor":19.0},{"not_picked":["Loop+1","Ball Lightning"],"picked":"Doom and Gloom","floor":21.0},{"not_picked":["Steam+1","Sweeping Beam+1"],"picked":"Reboot+1","floor":25.0},{"not_picked":["Genetic Algorithm+1","Go for the Eyes"],"picked":"Reinforced Body+1","floor":29},{"not_picked":["Rebound","Turbo+1","Melter"],"picked":"SKIP","floor":31},{"not_picked":["Electrodynamics","Core Surge"],"picked":"Rainbow+1","floor":33},{"not_picked":["Self Repair","Go for the Eyes"],"picked":"Barrage+1","floor":35},{"not_picked":["FTL+1","Go for the Eyes+1"],"picked":"Sweeping Beam+1","floor":39}],"player_experience":195126,"relics_obtained":[{"floor":7.0,"key":"Centennial Puzzle"},{"floor":9.0,"key":"Toxic Egg 2"},{"floor":12.0,"key":"Ginger"}],"event_choices":[{"damage_healed":0.0,"max_hp_gain":0.0,"max_hp_loss":0.0,"gold_gain":0.0,"event_name":"Match and Keep!","player_choice":"1 cards matched","floor":5.0,"gold_loss":0.0,"damage_taken":0.0,"cards_obtained":["Echo Form"]},{"damage_healed":0.0,"max_hp_gain":0.0,"max_hp_loss":0.0,"gold_gain":0.0,"event_name":"Vampires","player_choice":"Ignored","floor":24.0,"gold_loss":0.0,"damage_taken":0.0},{"damage_healed":0,"gold_gain":0,"player_choice":"Fight","damage_taken":0,"max_hp_gain":0,"max_hp_loss":0,"event_name":"Colosseum","floor":28,"gold_loss":0},{"damage_healed":0,"gold_gain":0,"player_choice":"Fled From Nobs","damage_taken":0,"max_hp_gain":0,"max_hp_loss":0,"event_name":"Colosseum","floor":28,"gold_loss":0},{"damage_healed":0,"gold_gain":0,"player_choice":"Ignored","damage_taken":0,"max_hp_gain":0,"max_hp_loss":0,"event_name":"Ghosts","floor":30,"gold_loss":0},{"cards_removed":["Capacitor"],"damage_healed":0,"gold_gain":0,"player_choice":"Removed Power","damage_taken":0,"max_hp_gain":0,"max_hp_loss":0,"event_name":"Falling","floor":36,"gold_loss":0},{"damage_healed":0,"gold_gain":0,"player_choice":"Paid","damage_taken":0,"relics_obtained":["Red Mask"],"max_hp_gain":0,"max_hp_loss":0,"event_name":"Tomb of Lord Red Mask","floor":37,"gold_loss":161}],"is_beta":false,"boss_relics":[{"not_picked":["Calling Bell","Runic Dome"],"picked":"Philosopher\u0027s Stone"},{"not_picked":["Snecko Eye","Empty Cage"],"picked":"Nuclear Battery"}],"items_purged_floors":[13,20],"is_endless":false,"potions_floor_spawned":[2,4,7,8,16,18,19,28,29],"killed_by":"Transient","ascension_level":5}