{"gold_per_floor":[112,262,282,0,0,31,31,49,98,173,198,198,198,232,232,232],"floor_reached":16,"playtime":813,"items_purged":[],"score":282,"play_id":"b94111be-0177-47b0-b6fd-97842b63cd50","local_time":"20190504234059","is_ascension_mode":true,"campfire_choices":[{"data":"Fission","floor":7,"key":"SMITH"},{"data":"Zap","floor":12,"key":"SMITH"},{"data":"Coolheaded","floor":15,"key":"SMITH"}],"neow_cost":"NONE","seed_source_timestamp":294068555040413,"circlet_count":0,"master_deck":["AscendersBane","Strike_B","Strike_B","Strike_B","Strike_B","Defend_B","Defend_B","Defend_B","Defend_B","Zap+1","Dualcast","Sweeping Beam","Doubt","Darkness","Fission+1","Coolheaded+1","Leap","Cold Snap"],"relics":["Cracked Core","NeowsBlessing","Cables","Omamori","Orichalcum","Smiling Mask","Dead Branch","Question Card"],"potions_floor_usage":[],"damage_taken":[{"damage":0,"enemies":"Jaw Worm","floor":1,"turns":1},{"damage":0,"enemies":"2 Louse","floor":3,"turns":1},{"damage":0,"enemies":"3 Sentries","floor":6,"turns":1},{"damage":1,"enemies":"Cultist","floor":8,"turns":3},{"damage":6,"enemies":"Gremlin Nob","floor":11,"turns":3},{"damage":27,"enemies":"3 Sentries","floor":14,"turns":5},{"damage":33,"enemies":"Hexaghost","floor":16,"turns":9}],"seed_played":"-4270564387744121329","potions_obtained":[{"floor":3,"key":"Weak Potion"},{"floor":6,"key":"FairyPotion"}],"is_trial":false,"path_per_floor":["M","?","M","$","?","E","R","M","T","?","E","R","?","E","R","B"],"character_chosen":"DEFECT","items_purchased":["Cables"],"campfire_rested":0,"item_purchase_floors":[4],"current_hp_per_floor":[64,64,64,64,64,64,64,63,63,52,46,46,46,19,19,0],"gold":232,"neow_bonus":"THREE_ENEMY_KILL","is_prod":false,"is_daily":false,"chose_seed":false,"campfire_upgraded":3,"win_rate":0,"timestamp":1557006059,"path_taken":["M","?","M","$","?","E","R","?","T","?","E","R","?","E","R","BOSS"],"build_version":"2019-01-23","purchased_purges":0,"victory":false,"max_hp_per_floor":[71,71,71,71,71,71,71,71,71,71,71,71,71,71,71,71],"card_choices":[{"not_picked":["Ball Lightning","Stack"],"picked":"Sweeping Beam","floor":1},{"not_picked":["Rebound","Scrape"],"picked":"Darkness","floor":3},{"not_picked":["Stack","Sweeping Beam"],"picked":"Fission","floor":6},{"not_picked":["Steam","Turbo"],"picked":"Coolheaded","floor":8},{"not_picked":["Stack","Reprogram"],"picked":"Leap","floor":11},{"not_picked":["Undo","Streamline"],"picked":"Cold Snap","floor":14}],"player_experience":3197850,"relics_obtained":[{"floor":6,"key":"Orichalcum"},{"floor":9,"key":"Smiling Mask"},{"floor":11,"key":"Dead Branch"},{"floor":14,"key":"Question Card"}],"event_choices":[{"damage_healed":0,"gold_gain":150,"player_choice":"AGREE","damage_taken":0,"max_hp_gain":0,"max_hp_loss":0,"event_name":"Liars Game","floor":2,"gold_loss":0,"cards_obtained":["Doubt"]},{"damage_healed":0,"gold_gain":0,"player_choice":"Gave Potion","damage_taken":0,"relics_obtained":["Omamori"],"max_hp_gain":0,"max_hp_loss":0,"event_name":"WeMeetAgain","floor":5,"gold_loss":0},{"damage_healed":0,"gold_gain":75,"player_choice":"Gather Gold","damage_taken":11,"max_hp_gain":0,"max_hp_loss":0,"event_name":"World of Goop","floor":10,"gold_loss":0},{"damage_healed":0,"gold_gain":0,"player_choice":"Searched \u00271\u0027 times","damage_taken":0,"max_hp_gain":0,"max_hp_loss":0,"event_name":"Dead Adventurer","floor":13,"gold_loss":0}],"is_beta":false,"boss_relics":[],"items_purged_floors":[],"is_endless":false,"potions_floor_spawned":[3,6],"killed_by":"Hexaghost","ascension_level":20}