{"gold_per_floor":[117,117,130,305,305,305,348,372,427,427,448,484,484,519,519,644,644,662,349,370,323,323,323,285,316,343,343,356,356],"floor_reached":29,"playtime":1480,"items_purged":[],"score":284,"play_id":"67f440f3-865b-4c80-84bf-ea796aeb22ce","local_time":"20190325115542","is_ascension_mode":false,"campfire_choices":[{"data":"Zap","floor":6,"key":"SMITH"},{"data":"Capacitor","floor":10,"key":"SMITH"},{"floor":13,"key":"REST"},{"floor":15,"key":"REST"},{"data":"Chill","floor":23,"key":"SMITH"},{"data":"Coolheaded","floor":27,"key":"SMITH"}],"neow_cost":"NONE","seed_source_timestamp":444081432362554,"circlet_count":0,"master_deck":["Strike_B","Strike_B","Strike_B","Strike_B","Defend_B","Defend_B","Defend_B","Defend_B","Zap+1","Dualcast","Hologram","Conserve Battery","Doubt","Capacitor+1","Sweeping Beam","Chill+1","Ball Lightning","Thunder Strike","Buffer","Rebound","Coolheaded+1","Cold Snap","Cold Snap","Hologram","Self Repair","Cold Snap+1","Double Energy+1"],"relics":["Cracked Core","NeowsBlessing","Golden Idol","Bronze Scales","Potion Belt","Vajra","Question Card","Nuclear Battery","Pear","Molten Egg 2","Bottled Lightning","Smiling Mask"],"potions_floor_usage":[12,16,25,25,29],"damage_taken":[{"damage":0,"enemies":"Cultist","floor":1,"turns":1},{"damage":0,"enemies":"Jaw Worm","floor":3,"turns":1},{"damage":0,"enemies":"3 Sentries","floor":7,"turns":1},{"damage":2,"enemies":"2 Louse","floor":8,"turns":3},{"damage":18,"enemies":"Gremlin Gang","floor":11,"turns":4},{"damage":53,"enemies":"Gremlin Nob","floor":12,"turns":6},{"damage":17,"enemies":"3 Sentries","floor":14,"turns":6},{"damage":14,"enemies":"Hexaghost","floor":16,"turns":9},{"damage":16,"enemies":"2 Thieves","floor":18,"turns":4},{"damage":7,"enemies":"Shell Parasite","floor":20,"turns":5},{"damage":17,"enemies":"Book of Stabbing","floor":25,"turns":6},{"damage":38,"enemies":"Sentry and Sphere","floor":28,"turns":9},{"damage":26,"enemies":"Centurion and Healer","floor":29,"turns":6}],"seed_played":"3525352900311677322","potions_obtained":[{"floor":3,"key":"Weak Potion"},{"floor":5,"key":"Ancient Potion"},{"floor":5,"key":"FairyPotion"},{"floor":14,"key":"SkillPotion"},{"floor":16,"key":"Poison Potion"},{"floor":18,"key":"Weak Potion"},{"floor":28,"key":"EssenceOfSteel"}],"is_trial":false,"path_per_floor":["?","?","?","M","?"],"character_chosen":"DEFECT","items_purchased":["Coolheaded","Cold Snap","Pear","Hologram","Self Repair"],"campfire_rested":2,"item_purchase_floors":[19,19,19,21,24],"current_hp_per_floor":[75,57,57,57,57,57,57,55,55,55,37,7,29,12,34,20,75,59,69,62,62,62,62,62,52,52,52,21,0],"gold":356,"neow_bonus":"THREE_ENEMY_KILL","is_prod":false,"is_daily":false,"chose_seed":false,"campfire_upgraded":4,"win_rate":0.0,"timestamp":1553511342,"path_taken":["M","?","M","?","?","R","E","M","T","R","?","E","R","E","R","BOSS","M","$","M","$","?","R","$","E","T","R","M","M"],"build_version":"2019-01-23","purchased_purges":0,"victory":false,"max_hp_per_floor":[75,75,75,75,75,75,75,75,75,75,75,75,75,75,75,75,75,75,85,85,85,85,85,85,85,85,85,85,85],"card_choices":[{"not_picked":["Aggregate","Leap"],"picked":"Hologram","floor":1},{"not_picked":["Hologram","Auto Shields"],"picked":"Conserve Battery","floor":3},{"not_picked":["Sweeping Beam","Heatsinks"],"picked":"Capacitor","floor":7},{"not_picked":["Streamline","Compile Driver"],"picked":"Sweeping Beam","floor":8},{"not_picked":["Steam","Rainbow"],"picked":"Chill","floor":11},{"not_picked":["Sweeping Beam","Conserve Battery"],"picked":"Ball Lightning","floor":12},{"not_picked":["Steam","Storm"],"picked":"Thunder Strike","floor":14},{"not_picked":["Thunder Strike","Seek","Meteor Strike"],"picked":"Buffer","floor":16},{"not_picked":["Aggregate","Loop","Gash"],"picked":"Rebound","floor":18},{"not_picked":["Turbo+1","Streamline+1","Hologram"],"picked":"Cold Snap","floor":20},{"not_picked":["Rebound+1","Streamline+1","Lockon+1"],"picked":"Cold Snap+1","floor":25},{"not_picked":["Hologram","Redo","Aggregate+1"],"picked":"Double Energy+1","floor":28}],"player_experience":24059,"relics_obtained":[{"floor":7,"key":"Bronze Scales"},{"floor":9,"key":"Potion Belt"},{"floor":12,"key":"Vajra"},{"floor":14,"key":"Question Card"},{"floor":25,"key":"Bottled Lightning"},{"floor":26,"key":"Smiling Mask"}],"event_choices":[{"damage_healed":0,"gold_gain":0,"player_choice":"Take Damage","damage_taken":18,"relics_obtained":["Golden Idol"],"max_hp_gain":0,"max_hp_loss":0,"event_name":"Golden Idol","floor":2,"gold_loss":0},{"damage_healed":0,"gold_gain":175,"player_choice":"AGREE","damage_taken":0,"max_hp_gain":0,"max_hp_loss":0,"event_name":"Liars Game","floor":4,"gold_loss":0,"cards_obtained":["Doubt"]},{"damage_healed":0,"gold_gain":0,"player_choice":"Got Potions","damage_taken":0,"max_hp_gain":0,"max_hp_loss":0,"event_name":"Lab","floor":5,"gold_loss":0},{"damage_healed":0,"gold_gain":0,"player_choice":"Opened","damage_taken":0,"relics_obtained":["Molten Egg 2"],"max_hp_gain":0,"max_hp_loss":0,"event_name":"The Mausoleum","floor":22,"gold_loss":0}],"is_beta":false,"boss_relics":[{"not_picked":["Cursed Key","Astrolabe"],"picked":"Nuclear Battery"}],"items_purged_floors":[],"is_endless":false,"potions_floor_spawned":[3,14,16,18,28],"killed_by":"Centurion and Healer","ascension_level":0}