{"gold_per_floor":[116,116,41,59,76,94,94,107,107,34,34,53,79,79,79,79],"floor_reached":16,"playtime":695,"items_purged":["Defend_G"],"score":143,"play_id":"fbd712ca-f00b-40bd-8097-1522af2fb0c4","local_time":"20190510162440","is_ascension_mode":true,"campfire_choices":[{"data":"Neutralize","floor":7,"key":"SMITH"},{"data":"Tactician","floor":11,"key":"SMITH"},{"floor":15,"key":"REST"}],"neow_cost":"TEN_PERCENT_HP_LOSS","seed_source_timestamp":1230959231453644,"circlet_count":0,"master_deck":["Defend_G","Defend_G","Defend_G","Strike_G","Strike_G","Strike_G","Survivor","Neutralize+1","Tactician+1","Acrobatics"],"relics":["Ring of the Snake","Sundial","Shuriken","Blue Candle"],"potions_floor_usage":[13,13,16],"damage_taken":[{"damage":0,"enemies":"Jaw Worm","floor":1,"turns":5},{"damage":3,"enemies":"2 Louse","floor":4,"turns":5},{"damage":0,"enemies":"Small Slimes","floor":5,"turns":4},{"damage":9,"enemies":"2 Fungi Beasts","floor":6,"turns":7},{"damage":0,"enemies":"Large Slime","floor":8,"turns":9},{"damage":5,"enemies":"Looter","floor":12,"turns":4},{"damage":30,"enemies":"Lagavulin","floor":13,"turns":9},{"damage":33,"enemies":"Slime Boss","floor":16,"turns":8}],"seed_played":"7677219381317773244","potions_obtained":[{"floor":5,"key":"Regen Potion"},{"floor":8,"key":"LiquidBronze"},{"floor":12,"key":"GamblersBrew"},{"floor":13,"key":"LiquidBronze"}],"is_trial":false,"path_per_floor":["?","?"],"character_chosen":"THE_SILENT","items_purchased":["Tactician"],"campfire_rested":1,"item_purchase_floors":[10],"current_hp_per_floor":[63,56,56,53,53,44,44,44,44,44,44,39,24,12,30,0],"gold":79,"neow_bonus":"REMOVE_TWO","is_prod":false,"is_daily":false,"chose_seed":false,"campfire_upgraded":2,"win_rate":0,"timestamp":1557498280,"path_taken":["M","?","$","M","M","M","R","M","T","$","R","M","E","?","R","BOSS"],"build_version":"2019-01-23","purchased_purges":1,"victory":false,"max_hp_per_floor":[63,63,63,63,63,63,63,63,63,63,63,63,63,63,63,63],"card_choices":[{"not_picked":["Outmaneuver","Distraction","Slice"],"picked":"SKIP","floor":1},{"not_picked":["Dodge and Roll","Sucker Punch","Masterful Stab"],"picked":"SKIP","floor":4},{"not_picked":["Bouncing Flask","Finisher","Flying Knee"],"picked":"SKIP","floor":5},{"not_picked":["Cloak And Dagger","Prepared","Backflip"],"picked":"SKIP","floor":6},{"not_picked":["Dagger Throw","Tools of the Trade","Slice"],"picked":"SKIP","floor":8},{"not_picked":["Underhanded Strike","All Out Attack"],"picked":"Acrobatics","floor":12},{"not_picked":["Underhanded Strike","Reflex","Poisoned Stab"],"picked":"SKIP","floor":13}],"player_experience":265525,"relics_obtained":[{"floor":9,"key":"Sundial"},{"floor":13,"key":"Shuriken"}],"event_choices":[{"cards_removed":["Strike_G"],"damage_healed":0,"gold_gain":0,"player_choice":"Card Removal","damage_taken":7,"max_hp_gain":0,"max_hp_loss":0,"event_name":"Golden Wing","floor":2,"gold_loss":0},{"damage_healed":0,"gold_gain":0,"player_choice":"Success","damage_taken":12,"relics_obtained":["Blue Candle"],"max_hp_gain":0,"max_hp_loss":0,"event_name":"Scrap Ooze","floor":14,"gold_loss":0}],"is_beta":false,"boss_relics":[],"items_purged_floors":[3],"is_endless":false,"potions_floor_spawned":[5,8,12,13],"killed_by":"Slime Boss","ascension_level":8}