{"gold_per_floor":[10,185,185,12,22,53,53,68,68,85,85,85,95,125,125,125],"floor_reached":16,"playtime":618,"items_purged":["Doubt"],"score":154,"play_id":"e0d0371e-1d3c-4787-875c-721c6f4f20af","local_time":"20190510071259","is_ascension_mode":true,"campfire_choices":[{"data":"Rampage","floor":7,"key":"SMITH"},{"floor":11,"key":"REST"},{"data":"Hemokinesis","floor":15,"key":"SMITH"}],"neow_cost":"NO_GOLD","seed_source_timestamp":1197932800406152,"circlet_count":0,"master_deck":["Strike_R","Strike_R","Strike_R","Defend_R","Defend_R","Defend_R","Defend_R","Bash","Flame Barrier","Hemokinesis+1","Pommel Strike","Good Instincts","Rampage+1","Warcry","Reaper","Shrug It Off"],"relics":["Burning Blood","Letter Opener","Lantern","The Courier","Pocketwatch","Regal Pillow"],"potions_floor_usage":[],"damage_taken":[{"damage":3,"enemies":"2 Louse","floor":1,"turns":2},{"damage":10,"enemies":"Jaw Worm","floor":5,"turns":3},{"damage":52,"enemies":"Gremlin Nob","floor":6,"turns":5},{"damage":3,"enemies":"Cultist","floor":8,"turns":2},{"damage":10,"enemies":"2 Fungi Beasts","floor":10,"turns":3},{"damage":8,"enemies":"3 Louse","floor":13,"turns":3},{"damage":11,"enemies":"3 Sentries","floor":14,"turns":8},{"damage":49,"enemies":"The Guardian","floor":16,"turns":9}],"seed_played":"-8945598095321420140","potions_obtained":[{"floor":5,"key":"SkillPotion"},{"floor":6,"key":"LiquidBronze"}],"is_trial":false,"path_per_floor":["?","?","M","?"],"character_chosen":"IRONCLAD","items_purchased":["Good Instincts"],"campfire_rested":1,"item_purchase_floors":[4],"current_hp_per_floor":[75,75,72,72,68,22,22,25,25,21,45,45,43,46,46,0],"gold":125,"neow_bonus":"TRANSFORM_TWO_CARDS","is_prod":false,"is_daily":false,"chose_seed":false,"campfire_upgraded":2,"win_rate":0,"timestamp":1557465179,"path_taken":["M","?","?","$","M","E","R","M","T","?","R","?","M","E","R","BOSS"],"build_version":"2019-01-23","purchased_purges":1,"victory":false,"max_hp_per_floor":[80,80,80,80,80,80,80,80,80,80,80,80,80,80,80,80],"card_choices":[{"not_picked":["Rage","Perfected Strike"],"picked":"Pommel Strike","floor":1},{"not_picked":["Twin Strike","Disarm"],"picked":"Rampage","floor":5},{"not_picked":["Armaments","Headbutt"],"picked":"Warcry","floor":6},{"not_picked":["Inflame","Metallicize","Sentinel"],"picked":"SKIP","floor":8},{"not_picked":["Rampage","Metallicize","Sword Boomerang"],"picked":"SKIP","floor":10},{"not_picked":["Rage","Flex"],"picked":"Reaper","floor":13},{"not_picked":["Clash","Seeing Red"],"picked":"Shrug It Off","floor":14}],"player_experience":259743,"relics_obtained":[{"floor":6,"key":"Lantern"},{"floor":9,"key":"The Courier"},{"floor":14,"key":"Regal Pillow"}],"event_choices":[{"damage_healed":0,"gold_gain":175,"player_choice":"AGREE","damage_taken":0,"max_hp_gain":0,"max_hp_loss":0,"event_name":"Liars Game","floor":2,"gold_loss":0,"cards_obtained":["Doubt"]},{"damage_healed":0,"gold_gain":0,"player_choice":"Success","damage_taken":3,"relics_obtained":["Letter Opener"],"max_hp_gain":0,"max_hp_loss":0,"event_name":"Scrap Ooze","floor":3,"gold_loss":0},{"damage_healed":0,"gold_gain":0,"player_choice":"Gave Potion","damage_taken":0,"relics_obtained":["Pocketwatch"],"max_hp_gain":0,"max_hp_loss":0,"event_name":"WeMeetAgain","floor":12,"gold_loss":0}],"is_beta":false,"boss_relics":[],"items_purged_floors":[4],"is_endless":false,"potions_floor_spawned":[5,6],"killed_by":"The Guardian","ascension_level":8}