{"gold_per_floor":[115,115,7,21,34,34,48,48,48,68,102,102,113,144,144,241,241,251,266,266,315,315,315],"floor_reached":23,"playtime":657,"items_purged":[],"score":241,"play_id":"9c8bffd0-eb98-476d-84e2-0b41506c6bb6","local_time":"20190424153940","is_ascension_mode":true,"campfire_choices":[{"data":"Noxious Fumes","floor":6.0,"key":"SMITH"},{"data":"Catalyst","floor":8.0,"key":"SMITH"},{"data":"Dodge and Roll","floor":12.0,"key":"SMITH"},{"floor":15.0,"key":"REST"}],"neow_cost":"NONE","seed_source_timestamp":902384693564418,"circlet_count":0,"master_deck":["Defend_G","Defend_G","Defend_G","Defend_G","Defend_G","Strike_G+1","Strike_G+1","Strike_G","Strike_G","Strike_G","Survivor","Neutralize","Catalyst+1","Noxious Fumes+1","Flying Knee","Dodge and Roll+1","Slice","Corpse Explosion","Flying Knee","Quick Slash","Malaise","Backflip","Crippling Poison"],"special_seed":0,"relics":["Ring of the Snake","NeowsBlessing","Mercury Hourglass","Ancient Tea Set","Bottled Tornado","Pen Nib","Black Star","Whetstone","Nilry\u0027s Codex"],"potions_floor_usage":[23,23],"damage_taken":[{"damage":0.0,"enemies":"2 Louse","floor":1.0,"turns":1.0},{"damage":0.0,"enemies":"Cultist","floor":4.0,"turns":1.0},{"damage":0.0,"enemies":"Jaw Worm","floor":5.0,"turns":1.0},{"damage":1.0,"enemies":"Blue Slaver","floor":7.0,"turns":4.0},{"damage":0.0,"enemies":"Exordium Thugs","floor":10.0,"turns":4.0},{"damage":29.0,"enemies":"Gremlin Nob","floor":11.0,"turns":5.0},{"damage":1.0,"enemies":"Looter","floor":13.0,"turns":2.0},{"damage":22.0,"enemies":"Lagavulin","floor":14.0,"turns":5.0},{"damage":14.0,"enemies":"Hexaghost","floor":16.0,"turns":6.0},{"damage":34.0,"enemies":"2 Thieves","floor":18.0,"turns":3.0},{"damage":18.0,"enemies":"Spheric Guardian","floor":19.0,"turns":4.0},{"damage":26,"enemies":"Gremlin Leader","floor":23,"turns":4}],"seed_played":"-4753637394276211862","potions_obtained":[{"floor":4.0,"key":"Energy Potion"},{"floor":5.0,"key":"SpeedPotion"},{"floor":7.0,"key":"Dexterity Potion"},{"floor":13.0,"key":"EntropicBrew"},{"floor":18.0,"key":"GhostInAJar"},{"floor":19.0,"key":"AttackPotion"}],"is_trial":false,"path_per_floor":["?","$","M","?","T","?"],"character_chosen":"THE_SILENT","items_purchased":["Catalyst","Noxious Fumes"],"campfire_rested":1,"item_purchase_floors":[3,3],"current_hp_per_floor":[70,70,70,70,70,70,69,69,69,69,40,40,39,17,38,24,70,36,18,41,41,25,0],"gold":315,"neow_bonus":"THREE_ENEMY_KILL","is_prod":false,"is_daily":false,"chose_seed":false,"campfire_upgraded":3,"win_rate":0,"timestamp":1556113180,"path_taken":["M","?","?","?","M","R","M","R","T","M","E","R","M","E","R","BOSS","M","M","?","?","?","E"],"build_version":"2019-01-23","purchased_purges":0,"victory":false,"max_hp_per_floor":[70,70,70,70,70,70,70,70,70,70,70,70,70,70,70,70,70,70,70,70,70,70,70],"card_choices":[{"not_picked":["Underhanded Strike","Bane"],"picked":"Blade Dance","floor":1.0},{"not_picked":["Finisher","Underhanded Strike"],"picked":"Flying Knee","floor":4.0},{"not_picked":["Blade Dance","All Out Attack"],"picked":"Dodge and Roll","floor":5.0},{"not_picked":["Glass Knife","Outmaneuver"],"picked":"Slice","floor":7.0},{"not_picked":["Accuracy","Distraction","Outmaneuver"],"picked":"SKIP","floor":10.0},{"not_picked":["Masterful Stab","Acrobatics"],"picked":"Corpse Explosion","floor":11.0},{"not_picked":["Infinite Blades","Acrobatics"],"picked":"Flying Knee","floor":13.0},{"not_picked":["Backflip","Phantasmal Killer"],"picked":"Quick Slash","floor":14.0},{"not_picked":["Venomology","Phantasmal Killer"],"picked":"Malaise","floor":16.0},{"not_picked":["Catalyst","Cloak And Dagger"],"picked":"Backflip","floor":18.0},{"not_picked":["Expertise","Endless Agony"],"picked":"Crippling Poison","floor":19.0}],"player_experience":154609,"relics_obtained":[{"floor":9.0,"key":"Ancient Tea Set"},{"floor":11.0,"key":"Bottled Tornado"},{"floor":14.0,"key":"Pen Nib"},{"floor":21.0,"key":"Whetstone"},{"floor":22.0,"key":"Nilry\u0027s Codex"}],"event_choices":[{"cards_removed":["Blade Dance"],"damage_healed":0.0,"max_hp_gain":0.0,"max_hp_loss":0.0,"gold_gain":0.0,"event_name":"WeMeetAgain","player_choice":"Gave Card","floor":2.0,"gold_loss":0.0,"damage_taken":0.0,"relics_obtained":["Mercury Hourglass"]},{"damage_healed":23.0,"max_hp_gain":0.0,"max_hp_loss":0.0,"gold_gain":0.0,"event_name":"The Library","player_choice":"Heal","floor":20.0,"gold_loss":0.0,"damage_taken":0.0},{"damage_healed":0.0,"max_hp_gain":0.0,"max_hp_loss":0.0,"gold_gain":0.0,"event_name":"Cursed Tome","player_choice":"Obtained Book","floor":22.0,"gold_loss":0.0,"damage_taken":16.0}],"is_beta":false,"boss_relics":[{"not_picked":["Fusion Hammer","Lizard Tail"],"picked":"Black Star"}],"items_purged_floors":[],"is_endless":false,"potions_floor_spawned":[4,5,7,13,18,19],"killed_by":"Gremlin Leader","ascension_level":4}