{"gold_per_floor":[110,110,10,85,102,102,82,82,82,113,2,15,15,32,32,110,110,126,142,0,0,0,0,0],"floor_reached":24,"playtime":2192,"items_purged":[],"score":384,"play_id":"79796b21-ead0-4b67-82d5-e276a10f4a4e","local_time":"20190407024438","is_ascension_mode":true,"campfire_choices":[{"data":"Envenom","floor":6,"key":"SMITH"},{"data":"Noxious Fumes","floor":8,"key":"SMITH"},{"data":"Cloak And Dagger","floor":15,"key":"SMITH"},{"floor":23,"key":"REST"}],"neow_cost":"NONE","seed_source_timestamp":880572184042358,"circlet_count":0,"master_deck":["AscendersBane","Defend_G","Defend_G","Defend_G","Defend_G","Defend_G","Strike_G","Strike_G","Strike_G","Strike_G","Survivor","Neutralize","Envenom+1","Backflip","Poisoned Stab","Accuracy","Noxious Fumes+1","Dagger Spray","Infinite Blades","Cloak And Dagger+1","Tools of the Trade","Cloak And Dagger","Glass Knife","PiercingWail","Choke","Writhe","Necronomicurse"],"relics":["Ring of the Snake","Tough Bandages","Gremlin Horn","WristBlade","Happy Flower","Necronomicon"],"potions_floor_usage":[10,10,10,14,16],"damage_taken":[{"damage":1,"enemies":"Small Slimes","floor":1,"turns":7},{"damage":2,"enemies":"Jaw Worm","floor":5,"turns":8},{"damage":24,"enemies":"Gremlin Nob","floor":10,"turns":4},{"damage":1,"enemies":"Cultist","floor":12,"turns":4},{"damage":0,"enemies":"Looter","floor":14,"turns":3},{"damage":27,"enemies":"Slime Boss","floor":16,"turns":7},{"damage":20,"enemies":"Shell Parasite","floor":18,"turns":5},{"damage":10,"enemies":"3 Byrds","floor":19,"turns":4},{"damage":28,"enemies":"Gremlin Leader","floor":24,"turns":2}],"seed_played":"1361254983411403808","potions_obtained":[{"floor":5,"key":"PowerPotion"},{"floor":7,"key":"EntropicBrew"},{"floor":12,"key":"Block Potion"},{"floor":14,"key":"Regen Potion"}],"is_trial":false,"path_per_floor":["M","?","$","?","M","R","?","R","T","E","$","M","?","M","R","B",null,"M","M","?","?","?","R","E"],"character_chosen":"THE_SILENT","items_purchased":["Poisoned Stab","Accuracy","Infinite Blades","Cloak And Dagger"],"campfire_rested":1,"item_purchase_floors":[3,3,11,11],"current_hp_per_floor":[58,51,51,40,38,38,38,38,38,14,14,13,35,35,35,23,55,35,25,25,25,4,23,0],"gold":0,"neow_bonus":"ONE_RANDOM_RARE_CARD","is_prod":false,"is_daily":false,"chose_seed":false,"campfire_upgraded":3,"win_rate":0,"timestamp":1554597878,"path_taken":["M","?","$","?","M","R","?","R","T","E","$","?","?","M","R","BOSS","M","M","?","?","?","R","E"],"build_version":"2019-01-23","purchased_purges":0,"victory":false,"max_hp_per_floor":[66,66,66,66,66,66,66,66,66,66,66,66,66,66,66,66,66,66,66,66,66,66,66,66],"card_choices":[{"not_picked":["Poisoned Stab","Prepared"],"picked":"Backflip","floor":1},{"not_picked":["Slice","PiercingWail"],"picked":"Noxious Fumes","floor":5},{"not_picked":["Quick Slash","Deadly Poison"],"picked":"Dagger Spray","floor":10},{"not_picked":["Slice","Well Laid Plans"],"picked":"Tools of the Trade","floor":12},{"not_picked":["Dodge and Roll","Prepared"],"picked":"Cloak And Dagger","floor":14},{"not_picked":["Die Die Die","Venomology"],"picked":"Glass Knife","floor":16},{"not_picked":["Poisoned Stab","Masterful Stab"],"picked":"PiercingWail","floor":18},{"not_picked":["Dash","Dagger Spray"],"picked":"Choke","floor":19}],"player_experience":3040266,"relics_obtained":[{"floor":9,"key":"Tough Bandages"},{"floor":10,"key":"Gremlin Horn"},{"floor":22,"key":"Necronomicon"}],"event_choices":[{"cards_removed":["Strike_G"],"damage_healed":0,"gold_gain":0,"player_choice":"Card Removal","damage_taken":7,"max_hp_gain":0,"max_hp_loss":0,"event_name":"Golden Wing","floor":2,"gold_loss":0},{"damage_healed":0,"gold_gain":75,"player_choice":"Gather Gold","damage_taken":11,"max_hp_gain":0,"max_hp_loss":0,"event_name":"World of Goop","floor":4,"gold_loss":0},{"damage_healed":0,"gold_gain":0,"player_choice":"Bought 1 Potion","damage_taken":0,"max_hp_gain":0,"max_hp_loss":0,"event_name":"The Woman in Blue","floor":7,"gold_loss":0},{"damage_healed":22,"gold_gain":0,"player_choice":"Banana","damage_taken":0,"max_hp_gain":0,"max_hp_loss":0,"event_name":"Big Fish","floor":13,"gold_loss":0},{"damage_healed":0,"gold_gain":0,"player_choice":"Paid Fearfully","damage_taken":0,"max_hp_gain":0,"max_hp_loss":0,"event_name":"Masked Bandits","floor":20,"gold_loss":142},{"damage_healed":0,"gold_gain":0,"player_choice":"Opened","damage_taken":0,"relics_obtained":["Happy Flower"],"max_hp_gain":0,"max_hp_loss":0,"event_name":"The Mausoleum","floor":21,"gold_loss":0,"cards_obtained":["Writhe"]},{"damage_healed":0,"gold_gain":0,"player_choice":"Obtained Book","damage_taken":21,"max_hp_gain":0,"max_hp_loss":0,"event_name":"Cursed Tome","floor":22,"gold_loss":0}],"is_beta":false,"boss_relics":[{"not_picked":["Astrolabe","Sozu"],"picked":"WristBlade"}],"items_purged_floors":[],"is_endless":false,"potions_floor_spawned":[5,12,14],"killed_by":"Gremlin Leader","ascension_level":20}