{"gold_per_floor":[115,128,148,167,167,167,177,177,177,177,187,187,200,212,212,309,309,325,343,362,322,338,338,369,381,404,84,97,109,109],"floor_reached":30,"playtime":5383,"items_purged":["Strike_R"],"score":250,"play_id":"d5f37f59-d1aa-4f07-94a8-66cfe39b70a8","local_time":"20190106171339","is_ascension_mode":false,"campfire_choices":[{"data":"Iron Wave","floor":6,"key":"SMITH"},{"data":"Rampage","floor":8,"key":"SMITH"},{"data":"Cleave","floor":12,"key":"SMITH"},{"data":"Seeing Red","floor":15,"key":"SMITH"},{"floor":23,"key":"REST"}],"neow_cost":"NONE","seed_source_timestamp":642293171746,"circlet_count":0,"master_deck":["Strike_R","Strike_R","Strike_R+1","Strike_R+1","Defend_R","Defend_R","Defend_R","Defend_R","Bash+1","Iron Wave+1","Cleave+1","True Grit","Rampage+1","Armaments","Seeing Red+1","Demon Form","Thunderclap+1","Thunderclap+1","Shrug It Off","Shrug It Off","Cleave+1"],"relics":["Burning Blood","Blood Vial","Paper Frog","Fusion Hammer","Red Skull","Orichalcum","Whetstone"],"potions_floor_usage":[16,22,24,24,29],"damage_taken":[{"damage":6,"enemies":"Jaw Worm","floor":1,"turns":3},{"damage":2,"enemies":"2 Louse","floor":2,"turns":2},{"damage":1,"enemies":"Cultist","floor":3,"turns":3},{"damage":3,"enemies":"Looter","floor":4,"turns":3},{"damage":29,"enemies":"Exordium Thugs","floor":7,"turns":6},{"damage":6,"enemies":"3 Louse","floor":11,"turns":4},{"damage":3,"enemies":"Lots of Slimes","floor":13,"turns":4},{"damage":3,"enemies":"Looter","floor":14,"turns":3},{"damage":28,"enemies":"The Guardian","floor":16,"turns":12},{"damage":29,"enemies":"Shell Parasite","floor":18,"turns":7},{"damage":11,"enemies":"3 Byrds","floor":19,"turns":4},{"damage":41,"enemies":"Centurion and Healer","floor":20,"turns":8},{"damage":20,"enemies":"Cultist and Chosen","floor":22,"turns":5},{"damage":31,"enemies":"Book of Stabbing","floor":24,"turns":5},{"damage":9,"enemies":"Snake Plant","floor":25,"turns":3},{"damage":0,"enemies":"3 Cultists","floor":28,"turns":3},{"damage":17,"enemies":"Centurion and Healer","floor":29,"turns":5},{"damage":13,"enemies":"Snake Plant","floor":30,"turns":3}],"seed_played":"-4593026306559506010","potions_obtained":[{"floor":2,"key":"SpeedPotion"},{"floor":11,"key":"Block Potion"},{"floor":16,"key":"Fire Potion"},{"floor":18,"key":"FearPotion"},{"floor":20,"key":"SkillPotion"},{"floor":22,"key":"Energy Potion"},{"floor":29,"key":"Swift Potion"}],"is_trial":false,"path_per_floor":["M","M","M","M","?","R","M","R","T","?","M","R","M","M","R","B",null,"M","M","M","?","M","R","E","M","T","$","M","M","M"],"character_chosen":"IRONCLAD","items_purchased":["Whetstone","Block Potion","SpeedPotion"],"campfire_rested":1,"item_purchase_floors":[27,27,27],"current_hp_per_floor":[80,80,80,80,80,80,57,57,57,80,80,80,80,80,80,58,80,57,54,21,21,9,33,10,9,9,9,17,8,0],"gold":109,"neow_bonus":"RANDOM_COMMON_RELIC","is_prod":false,"is_daily":false,"chose_seed":false,"campfire_upgraded":4,"win_rate":0,"timestamp":1546755219,"path_taken":["M","M","M","M","?","R","M","R","T","?","M","R","M","M","R","BOSS","M","M","M","?","M","R","E","?","T","$","M","M","M"],"build_version":"2019-01-03v4","purchased_purges":1,"victory":false,"max_hp_per_floor":[80,80,80,80,80,80,80,80,80,80,80,80,80,80,80,80,80,80,80,80,80,80,80,80,80,80,80,80,80,80],"card_choices":[{"not_picked":["Sword Boomerang","Clash"],"picked":"Iron Wave","floor":1},{"not_picked":["Infernal Blade","Perfected Strike"],"picked":"Cleave","floor":2},{"not_picked":["Ghostly Armor","Blood for Blood"],"picked":"True Grit","floor":3},{"not_picked":["Fire Breathing","Wild Strike","Spot Weakness"],"picked":"SKIP","floor":4},{"not_picked":["Cleave","Wild Strike"],"picked":"Rampage","floor":7},{"not_picked":["Flex","Limit Break"],"picked":"Armaments","floor":11},{"not_picked":["Combust","Wild Strike","Clash"],"picked":"SKIP","floor":13},{"not_picked":["Clothesline","True Grit"],"picked":"Seeing Red","floor":14},{"not_picked":["Barricade","Reaper"],"picked":"Demon Form","floor":16},{"not_picked":["Rampage","Inflame"],"picked":"Thunderclap","floor":18},{"not_picked":["Warcry","Armaments"],"picked":"Thunderclap+1","floor":19},{"not_picked":["Feel No Pain","Combust","Dropkick"],"picked":"SKIP","floor":20},{"not_picked":["Pommel Strike","True Grit"],"picked":"Shrug It Off","floor":22},{"not_picked":["Flex","Thunderclap","Juggernaut"],"picked":"SKIP","floor":24},{"not_picked":["Flex+1","Sword Boomerang"],"picked":"Shrug It Off","floor":25},{"not_picked":["Heavy Blade","Perfected Strike"],"picked":"Cleave+1","floor":28},{"not_picked":["Entrench","Pommel Strike","Cleave"],"picked":"SKIP","floor":29}],"player_experience":22220,"relics_obtained":[{"floor":9,"key":"Paper Frog"},{"floor":24,"key":"Red Skull"},{"floor":26,"key":"Orichalcum"}],"event_choices":[{"damage_healed":0,"gold_gain":0,"player_choice":"Ignored","damage_taken":0,"max_hp_gain":0,"max_hp_loss":0,"event_name":"Liars Game","floor":5,"gold_loss":0},{"damage_healed":26,"gold_gain":0,"player_choice":"Banana","damage_taken":0,"max_hp_gain":0,"max_hp_loss":0,"event_name":"Big Fish","floor":10,"gold_loss":0},{"damage_healed":0,"gold_gain":0,"player_choice":"Upgraded Two","damage_taken":0,"max_hp_gain":0,"max_hp_loss":0,"event_name":"Designer","floor":21,"gold_loss":40,"cards_upgraded":["Strike_R","Thunderclap"]}],"is_beta":false,"boss_relics":[{"not_picked":["Runic Pyramid","Runic Cube"],"picked":"Fusion Hammer"}],"items_purged_floors":[27],"is_endless":false,"potions_floor_spawned":[2,11,16,18,20,22,29],"killed_by":"Snake Plant","ascension_level":0}