{"gold_per_floor":[115,126,11,29,29,57,7,37,37,37,37,70,87,87,87,183,183,196,207,219,236,236,251,262,273,352,352,371,391,37,37],"floor_reached":31,"playtime":2857,"items_purged":[],"score":261,"play_id":"04ee5029-e022-4242-940d-8547c4d0ec44","local_time":"20180719010725","is_ascension_mode":false,"campfire_choices":[{"data":"Limit Break","floor":10.0,"key":"SMITH"},{"floor":15.0,"key":"REST"},{"floor":27.0,"key":"REST"}],"neow_cost":"NONE","seed_source_timestamp":0,"circlet_count":0,"master_deck":["Strike_R","Strike_R","Strike_R","Defend_R","Defend_R","Bash+1","Spot Weakness","Dropkick","Burning Pact","Inflame","Flex","Flex","Limit Break+1","Thunderclap","Limit Break","Armaments+1","Flame Barrier+1","Carnage+1","Anger","Thunderclap+1"],"special_seed":0,"relics":["Burning Blood","Letter Opener","Ginger","Charon\u0027s Ashes","Nunchaku","Astrolabe","Paper Frog","Ancient Tea Set","ClockworkSouvenir"],"potions_floor_usage":[],"damage_taken":[{"damage":10.0,"enemies":"Small Slimes","floor":1.0,"turns":4.0},{"damage":1.0,"enemies":"2 Louse","floor":2.0,"turns":2.0},{"damage":0.0,"enemies":"Cultist","floor":4.0,"turns":2.0},{"damage":22.0,"enemies":"Lagavulin","floor":6.0,"turns":5.0},{"damage":8.0,"enemies":"Gremlin Nob","floor":8.0,"turns":3.0},{"damage":13.0,"enemies":"3 Sentries","floor":12.0,"turns":7.0},{"damage":12.0,"enemies":"Looter","floor":13.0,"turns":4.0},{"damage":53.0,"enemies":"The Guardian","floor":16.0,"turns":7.0},{"damage":16.0,"enemies":"Shell Parasite","floor":18.0,"turns":4.0},{"damage":10.0,"enemies":"2 Thieves","floor":19.0,"turns":4.0},{"damage":8.0,"enemies":"Centurion and Healer","floor":20.0,"turns":3.0},{"damage":16.0,"enemies":"Snake Plant","floor":21.0,"turns":3.0},{"damage":28.0,"enemies":"Sentry and Sphere","floor":23.0,"turns":6.0},{"damage":22.0,"enemies":"Cultist and Chosen","floor":24.0,"turns":5.0},{"damage":2.0,"enemies":"3 Cultists","floor":25.0,"turns":3.0},{"damage":42.0,"enemies":"Snake Plant","floor":28.0,"turns":3.0},{"damage":10.0,"enemies":"Chosen and Byrds","floor":29.0,"turns":4.0},{"damage":20,"enemies":"Cultist and Chosen","floor":31,"turns":3}],"seed_played":"7382136843630591292","potions_obtained":[{"floor":4.0,"key":"Dexterity Potion"},{"floor":6.0,"key":"EntropicBrew"},{"floor":8.0,"key":"Poison Potion"},{"floor":13.0,"key":"Fire Potion"},{"floor":18.0,"key":"Explosive Potion"},{"floor":20.0,"key":"SpeedPotion"},{"floor":24.0,"key":"BloodPotion"}],"is_trial":false,"path_per_floor":["M","M","$","M","?","E","?","E","T","R","$","E","M","?","R","B",null,"M","M","M","M","?","M","M","M","T","R","M","M","$"],"character_chosen":"IRONCLAD","items_purchased":["Burning Pact","Inflame","Ancient Tea Set","ClockworkSouvenir"],"campfire_rested":2,"item_purchase_floors":[3,3,30,30],"current_hp_per_floor":[76,80,80,80,80,64,64,62,62,62,62,55,49,49,73,26,80,70,66,64,54,54,32,16,20,20,44,16,12,12,0],"gold":37,"neow_bonus":"UPGRADE_CARD","is_prod":false,"is_daily":false,"chose_seed":false,"campfire_upgraded":1,"win_rate":0.0,"timestamp":1531976845,"path_taken":["M","M","$","M","?","E","?","E","T","R","?","E","?","?","R","BOSS","M","M","M","M","?","M","?","?","T","R","M","M","$","M"],"build_version":"2018-07-17","purchased_purges":0,"victory":false,"max_hp_per_floor":[80,80,80,80,80,80,80,80,80,80,80,80,80,80,80,80,80,80,80,80,80,80,80,80,80,80,80,80,80,80,80],"card_choices":[{"not_picked":["Anger","Uppercut"],"picked":"Spot Weakness","floor":1.0},{"not_picked":["Combust","Power Through"],"picked":"Dropkick","floor":2.0},{"not_picked":["Pommel Strike","Sword Boomerang"],"picked":"Flex","floor":4.0},{"not_picked":["Blood for Blood","Demon Form"],"picked":"Flex","floor":6.0},{"not_picked":["Spot Weakness","Flame Barrier"],"picked":"Limit Break","floor":8.0},{"not_picked":["Carnage","Armaments","Dropkick"],"picked":"SKIP","floor":12.0},{"not_picked":["Feel No Pain","Rampage"],"picked":"Thunderclap","floor":13.0},{"not_picked":["Feed","Dark Embrace"],"picked":"Limit Break","floor":16.0},{"not_picked":["Rampage","Clothesline+1"],"picked":"Anger","floor":18.0},{"not_picked":["Twin Strike","Clothesline","Carnage"],"picked":"SKIP","floor":19.0},{"not_picked":["Body Slam","Flex","Shrug It Off"],"picked":"SKIP","floor":20.0},{"not_picked":["Warcry","Armaments","Rage+1"],"picked":"SKIP","floor":21.0},{"not_picked":["Bludgeon","Clothesline","Combust"],"picked":"SKIP","floor":23.0},{"not_picked":["Second Wind","Warcry","Perfected Strike"],"picked":"SKIP","floor":24.0},{"not_picked":["Dropkick","Clothesline","True Grit"],"picked":"SKIP","floor":25.0},{"not_picked":["Armaments","Body Slam"],"picked":"Thunderclap+1","floor":28.0},{"not_picked":["Thunderclap","Anger+1","Clash"],"picked":"SKIP","floor":29.0}],"player_experience":16327,"relics_obtained":[{"floor":6.0,"key":"Letter Opener"},{"floor":8.0,"key":"Ginger"},{"floor":9.0,"key":"Charon\u0027s Ashes"},{"floor":12.0,"key":"Nunchaku"},{"floor":26.0,"key":"Paper Frog"}],"event_choices":[{"event_name":"Liars Game","player_choice":"disagreed","floor":5.0,"damage_taken":0.0},{"event_name":"The Cleric","player_choice":"Card Removal","floor":7.0,"damage_taken":0.0},{"event_name":"The Woman in Blue","player_choice":"Bought 0 Potions","floor":14.0,"damage_taken":0.0},{"event_name":"Cursed Tome","player_choice":"Ignored","floor":22.0,"damage_taken":0.0}],"is_beta":true,"boss_relics":[{"not_picked":["Runic Dome","Mark of Pain"],"picked":"Astrolabe"}],"items_purged_floors":[],"is_endless":false,"potions_floor_spawned":[4,6,8,13,18,20,24],"killed_by":"Cultist and Chosen","ascension_level":0}