{"gold_per_floor":[112,287,362,209,222,254,254,268,268,298,318,318],"floor_reached":12,"playtime":548,"items_purged":["Doubt"],"score":119,"play_id":"a887df9d-b61a-4c23-9172-58cbd1897844","local_time":"20190326184411","is_ascension_mode":true,"campfire_choices":[{"floor":7,"key":"RECALL"}],"neow_cost":"NONE","seed_source_timestamp":555927639002249,"circlet_count":0,"master_deck":["Strike_R","Strike_R","Strike_R","Strike_R","Strike_R","Defend_R","Defend_R","Defend_R","Defend_R","Bash","Thunderclap","Iron Wave","Cleave","Iron Wave","Battle Trance","Shrug It Off","Double Tap"],"relics":["Burning Blood","NeowsBlessing","Ornamental Fan","Pantograph"],"potions_floor_usage":[],"damage_taken":[{"damage":0,"enemies":"Small Slimes","floor":1,"turns":1},{"damage":0,"enemies":"Jaw Worm","floor":5,"turns":1},{"damage":0,"enemies":"3 Sentries","floor":6,"turns":1},{"damage":0,"enemies":"2 Louse","floor":8,"turns":3},{"damage":26,"enemies":"Gremlin Nob","floor":10,"turns":5},{"damage":4,"enemies":"Lots of Slimes","floor":11,"turns":2},{"damage":66,"enemies":"Lagavulin","floor":12,"turns":11}],"seed_played":"2450894582900808556","potions_obtained":[{"floor":5,"key":"AttackPotion"},{"floor":6,"key":"SpeedPotion"},{"floor":10,"key":"SkillPotion"}],"is_trial":false,"path_per_floor":["?","?"],"character_chosen":"IRONCLAD","items_purchased":["Iron Wave","Cleave"],"campfire_rested":0,"item_purchase_floors":[4,4],"current_hp_per_floor":[80,80,69,69,75,80,80,80,80,60,62,0],"gold":318,"neow_bonus":"THREE_ENEMY_KILL","is_prod":false,"is_daily":false,"chose_seed":false,"campfire_upgraded":0,"win_rate":0,"timestamp":1553622251,"path_taken":["M","?","?","$","M","E","R","M","T","E","M","E"],"build_version":"2019-01-23","purchased_purges":1,"victory":false,"max_hp_per_floor":[80,80,80,80,80,80,80,80,80,80,80,80],"card_choices":[{"not_picked":["Flex","Anger"],"picked":"Thunderclap","floor":1},{"not_picked":["Rupture","Twin Strike","Dropkick"],"picked":"SKIP","floor":5},{"not_picked":["Sword Boomerang","Wild Strike"],"picked":"Iron Wave","floor":6},{"not_picked":["Clash","Headbutt"],"picked":"Battle Trance","floor":8},{"not_picked":["Feel No Pain","Blood for Blood"],"picked":"Shrug It Off","floor":10},{"not_picked":["Inflame","Feel No Pain"],"picked":"Double Tap","floor":11}],"player_experience":46370,"relics_obtained":[{"floor":6,"key":"Ornamental Fan"},{"floor":10,"key":"Pantograph"}],"event_choices":[{"damage_healed":0,"gold_gain":175,"player_choice":"AGREE","damage_taken":0,"max_hp_gain":0,"max_hp_loss":0,"event_name":"Liars Game","floor":2,"gold_loss":0,"cards_obtained":["Doubt"]},{"damage_healed":0,"gold_gain":75,"player_choice":"Gather Gold","damage_taken":11,"max_hp_gain":0,"max_hp_loss":0,"event_name":"World of Goop","floor":3,"gold_loss":0}],"is_beta":false,"boss_relics":[],"items_purged_floors":[4],"is_endless":false,"potions_floor_spawned":[5,6,10,11],"killed_by":"Lagavulin","ascension_level":1}