{"gold_per_floor":[119,134,154,154,29,29,60,79,79,89,40,40,12,12,12,114,114,133,168,267,267,267,267,267],"floor_reached":24,"playtime":783,"items_purged":["Strike_B"],"score":278,"play_id":"4608a295-e7fe-4624-a17a-d7c9f2e4b806","local_time":"20190420163733","is_ascension_mode":true,"campfire_choices":[{"data":"Redo","floor":6.0,"key":"SMITH"},{"floor":15.0,"key":"REST"},{"floor":23,"key":"REST"}],"neow_cost":"NONE","seed_source_timestamp":560306839055280,"circlet_count":0,"master_deck":["Zap","Dualcast","Darkness+1","Conserve Battery","Rebound","Redo+1","Hologram","Ball Lightning","Double Energy","Hologram","Fission","Turbo","Reinforced Body","Reboot","Stack","Reboot","Leap","Barrage","Hologram"],"special_seed":0,"relics":["Cracked Core","Bronze Scales","Incense Burner","Pantograph","Pandora\u0027s Box","Red Mask","Pen Nib"],"potions_floor_usage":[16],"damage_taken":[{"damage":1.0,"enemies":"Jaw Worm","floor":1.0,"turns":4.0},{"damage":0.0,"enemies":"Cultist","floor":2.0,"turns":3.0},{"damage":9.0,"enemies":"2 Louse","floor":3.0,"turns":3.0},{"damage":18.0,"enemies":"Lagavulin","floor":7.0,"turns":5.0},{"damage":6.0,"enemies":"Large Slime","floor":8.0,"turns":3.0},{"damage":10.0,"enemies":"Exordium Wildlife","floor":10.0,"turns":3.0},{"damage":0,"enemies":"Slime Boss","floor":16,"turns":7},{"damage":0,"enemies":"Chosen","floor":18,"turns":3},{"damage":42,"enemies":"Masked Bandits","floor":19,"turns":5},{"damage":13,"enemies":"Colosseum Slavers","floor":22,"turns":2},{"damage":52,"enemies":"Slavers","floor":24,"turns":3}],"seed_played":"-8544447444800170367","potions_obtained":[{"floor":3.0,"key":"FocusPotion"},{"floor":8.0,"key":"SkillPotion"},{"floor":10.0,"key":"Strength Potion"}],"is_trial":false,"path_per_floor":["?","$","?","?","?","?","?","?"],"character_chosen":"DEFECT","items_purchased":["Redo","Hologram"],"campfire_rested":2,"item_purchase_floors":[5,11],"current_hp_per_floor":[74,74,65,65,65,65,47,41,41,31,31,6,6,6,28,53,75,75,33,33,33,20,42,0],"gold":267,"neow_bonus":"RANDOM_COMMON_RELIC","is_prod":false,"is_daily":false,"chose_seed":false,"campfire_upgraded":1,"win_rate":0,"timestamp":1555771053,"path_taken":["M","M","M","?","?","R","E","M","T","M","$","?","?","$","R","BOSS","M","?","?","?","?","R","E"],"build_version":"2019-01-23","purchased_purges":1,"victory":false,"max_hp_per_floor":[75,75,75,75,75,75,75,75,75,75,75,75,75,75,75,75,75,75,75,75,75,75,75,75],"card_choices":[{"not_picked":["Coolheaded","Leap"],"picked":"Darkness","floor":1.0},{"not_picked":["Cold Snap","Undo"],"picked":"Conserve Battery","floor":2.0},{"not_picked":["Rip and Tear","Compile Driver"],"picked":"Rebound","floor":3.0},{"not_picked":["Reboot","Rebound"],"picked":"Hologram","floor":7.0},{"not_picked":["Gash","Static Discharge"],"picked":"Ball Lightning","floor":8.0},{"not_picked":["Steam","Steam Power"],"picked":"Double Energy","floor":10.0},{"not_picked":["Machine Learning","Echo Form"],"picked":"Fission","floor":16},{"not_picked":["Beam Cell","Scrape","Stack"],"picked":"SKIP","floor":18},{"not_picked":["Redo","Capacitor"],"picked":"Hologram","floor":19}],"player_experience":129818,"relics_obtained":[{"floor":7.0,"key":"Incense Burner"},{"floor":19,"key":"Red Mask"}],"event_choices":[{"damage_healed":0.0,"max_hp_gain":0.0,"max_hp_loss":0.0,"gold_gain":0.0,"event_name":"Upgrade Shrine","player_choice":"Upgraded","floor":4.0,"gold_loss":0.0,"damage_taken":0.0,"cards_upgraded":["Darkness"]},{"damage_healed":0.0,"max_hp_gain":0.0,"max_hp_loss":0.0,"gold_gain":0.0,"event_name":"Scrap Ooze","player_choice":"Success","floor":12.0,"gold_loss":0.0,"damage_taken":25.0,"relics_obtained":["Pantograph"]},{"damage_healed":0.0,"max_hp_gain":0.0,"max_hp_loss":0.0,"gold_gain":0.0,"event_name":"World of Goop","player_choice":"Left Gold","floor":13.0,"gold_loss":28.0,"damage_taken":0.0},{"damage_healed":0,"gold_gain":0,"player_choice":"Fought Bandits","damage_taken":0,"max_hp_gain":0,"max_hp_loss":0,"event_name":"Masked Bandits","floor":19,"gold_loss":0},{"damage_healed":0,"gold_gain":99,"player_choice":"Stole From Cult","damage_taken":0,"max_hp_gain":0,"max_hp_loss":0,"event_name":"Nest","floor":20,"gold_loss":0},{"damage_healed":0,"gold_gain":0,"player_choice":"Opened","damage_taken":0,"relics_obtained":["Pen Nib"],"max_hp_gain":0,"max_hp_loss":0,"event_name":"The Mausoleum","floor":21,"gold_loss":0},{"damage_healed":0,"gold_gain":0,"player_choice":"Fight","damage_taken":0,"max_hp_gain":0,"max_hp_loss":0,"event_name":"Colosseum","floor":22,"gold_loss":0},{"damage_healed":0,"gold_gain":0,"player_choice":"Fled From Nobs","damage_taken":0,"max_hp_gain":0,"max_hp_loss":0,"event_name":"Colosseum","floor":22,"gold_loss":0}],"is_beta":false,"boss_relics":[{"not_picked":["Lizard Tail","Runic Pyramid"],"picked":"Pandora\u0027s Box"}],"items_purged_floors":[5],"is_endless":false,"potions_floor_spawned":[3,8,10,22],"killed_by":"Slavers","ascension_level":3}