{"path_per_floor":["M","?","$","M","M","R","E","R","T","R","M","$","E","M","R","B",null,"M","M","M","M","$","E","R","?","T","R","$","E","T","?","R"],"character_chosen":"IRONCLAD","items_purchased":["Thunderclap","Master of Strategy"],"gold_per_floor":[113,188,113,127,147,147,175,175,175,175,190,41,76,96,96,198,198,210,223,241,251,44,76,76,76,126,126,1,27,27,27,27,27],"floor_reached":33,"campfire_rested":3,"playtime":1507,"current_hp_per_floor":[79,68,68,70,76,76,65,65,65,65,72,72,79,80,80,80,80,66,73,54,34,34,11,35,35,35,59,59,43,43,43,67,0],"items_purged":["Defend_R","Strike_R","Defend_R"],"gold":27,"score":343,"play_id":"8cad7cff-d864-40cf-b169-ef584e16b92d","local_time":"20180415210529","is_prod":false,"is_daily":false,"chose_seed":false,"is_ascension_mode":false,"campfire_upgraded":4,"timestamp":1523840729,"path_taken":["M","?","$","M","?","R","E","R","T","R","M","$","E","M","R","BOSS","M","M","M","M","$","E","R","?","T","R","$","E","?","?","R","BOSS"],"build_version":"2018-04-12","seed_source_timestamp":356526108538455,"purchased_purges":3,"victory":false,"master_deck":["Strike_R","Strike_R","Defend_R","Defend_R","Bash+1","Limit Break+1","Shrug It Off","Flex+1","Headbutt","Heavy Blade+1","Thunderclap","Immolate","Master of Strategy"],"max_hp_per_floor":[80,80,80,80,80,80,80,80,80,80,80,80,80,80,80,80,80,80,80,80,80,80,80,80,80,80,80,80,80,80,80,80,80],"relics":["Burning Blood","Magic Flower","Paper Frog","Mercury Hourglass","Black Star","Dodecahedron","Shuriken","Happy Flower","Ancient Tea Set","Lantern","Bottled Flame"],"card_choices":[{"not_picked":["Perfected Strike","Infernal Blade"],"picked":"Shrug It Off","floor":1},{"not_picked":["Cleave","Thunderclap"],"picked":"Flex","floor":4},{"not_picked":["Flex","Twin Strike"],"picked":"Headbutt","floor":5},{"not_picked":["Hemokinesis","Inflame"],"picked":"Heavy Blade","floor":7},{"not_picked":["Barricade","Exhume"],"picked":"Immolate","floor":16}],"player_experience":90382,"potions_floor_usage":[13,29,29],"damage_taken":[{"damage":7,"enemies":"2 Louse","floor":1,"turns":3},{"damage":4,"enemies":"Cultist","floor":4,"turns":4},{"damage":0,"enemies":"Small Slimes","floor":5,"turns":3},{"damage":17,"enemies":"3 Sentries","floor":7,"turns":7},{"damage":2,"enemies":"2 Fungi Beasts","floor":11,"turns":3},{"damage":2,"enemies":"Gremlin Nob","floor":13,"turns":3},{"damage":2,"enemies":"Blue Slaver","floor":14,"turns":2},{"damage":0,"enemies":"Slime Boss","floor":16,"turns":5},{"damage":23,"enemies":"Shell Parasite","floor":18,"turns":4},{"damage":2,"enemies":"Chosen","floor":19,"turns":3},{"damage":28,"enemies":"Centurion and Healer","floor":20,"turns":4},{"damage":29,"enemies":"Snake Plant","floor":21,"turns":3},{"damage":32,"enemies":"Gremlin Leader","floor":23,"turns":5},{"damage":25,"enemies":"Slavers","floor":29,"turns":3},{"damage":76,"enemies":"Champ","floor":33,"turns":6}],"event_choices":[{"event_name":"World of Goop","player_choice":"Gather Gold","floor":2,"damage_taken":0},{"event_name":"Drug Dealer","player_choice":"Ignored","floor":25,"damage_taken":0},{"event_name":"Back to Basics","player_choice":"Elegance","floor":31,"damage_taken":0}],"boss_relics":[{"not_picked":["Mark of Pain","Lizard Tail"],"picked":"Black Star"}],"potions_floor_spawned":[4,11,13,14,29],"seed_played":"-6644239820976842732","killed_by":"Champ","ascension_level":0,"is_trial":false}