{"gold_per_floor":[115,115,133,133,153,153,194,219,255,267,124,124,124,148,148,241,241,265,19,19,19,44,44,44],"floor_reached":24,"playtime":2597,"items_purged":["Strike_G"],"score":392,"play_id":"5bd4cf1d-04da-49a4-81f1-d3ea1bdf9f5d","local_time":"20190303235032","is_ascension_mode":true,"campfire_choices":[{"data":"Neutralize","floor":6,"key":"SMITH"},{"floor":10,"key":"REST"},{"data":"Well Laid Plans","floor":12,"key":"SMITH"},{"floor":15,"key":"REST"},{"data":"Storm of Steel","floor":23,"key":"SMITH"}],"neow_cost":"TEN_PERCENT_HP_LOSS","seed_source_timestamp":557351681108883,"circlet_count":0,"master_deck":["AscendersBane","Defend_G","Defend_G","Defend_G","Defend_G","Defend_G","Strike_G","Strike_G","Strike_G","Strike_G","Survivor","Neutralize+1","Infinite Blades","Deadly Poison","Cloak And Dagger","Backflip","Skewer","Well Laid Plans+1","Noxious Fumes","Storm of Steel+1","Prepared","Caltrops","Shame","Deflect"],"relics":["Ring of the Snake","Bird Faced Urn","Golden Idol","MawBank","Juzu Bracelet","Busted Crown","Snake Skull","Dream Catcher"],"potions_floor_usage":[14,16,20],"damage_taken":[{"damage":1,"enemies":"Small Slimes","floor":1,"turns":5},{"damage":0,"enemies":"2 Louse","floor":3,"turns":4},{"damage":0,"enemies":"Cultist","floor":5,"turns":4},{"damage":36,"enemies":"3 Sentries","floor":7,"turns":13},{"damage":3,"enemies":"Blue Slaver","floor":8,"turns":5},{"damage":18,"enemies":"Exordium Thugs","floor":14,"turns":6},{"damage":18,"enemies":"The Guardian","floor":16,"turns":11},{"damage":25,"enemies":"Spheric Guardian","floor":18,"turns":7},{"damage":2,"enemies":"Chosen","floor":20,"turns":5},{"damage":26,"enemies":"Centurion and Healer","floor":22,"turns":7},{"damage":40,"enemies":"3 Cultists","floor":24,"turns":4}],"seed_played":"-8054221248655087987","potions_obtained":[{"floor":5,"key":"Ancient Potion"},{"floor":7,"key":"Energy Potion"},{"floor":16,"key":"SmokeBomb"}],"is_trial":false,"path_per_floor":["M","?","M","?","M","R","E","M","T","R","$","R","?","M","R","B",null,"M","$","M","?","M","R","M"],"character_chosen":"THE_SILENT","items_purchased":["Well Laid Plans","Caltrops","Snake Skull"],"campfire_rested":2,"item_purchase_floors":[11,19,19],"current_hp_per_floor":[58,63,65,43,45,45,11,10,10,29,29,29,29,15,34,22,54,35,35,41,41,23,23,0],"gold":44,"neow_bonus":"ONE_RARE_RELIC","is_prod":false,"is_daily":false,"chose_seed":false,"campfire_upgraded":3,"win_rate":0,"timestamp":1551653432,"path_taken":["M","?","M","?","M","R","E","M","T","R","$","R","?","M","R","BOSS","M","$","M","?","M","R","M"],"build_version":"2019-01-23","purchased_purges":1,"victory":false,"max_hp_per_floor":[60,65,65,65,65,65,65,65,65,65,65,65,65,65,65,65,65,65,65,65,65,65,65,65],"card_choices":[{"not_picked":["Outmaneuver","Quick Slash"],"picked":"Infinite Blades","floor":1},{"not_picked":["Backflip","Prepared"],"picked":"Deadly Poison","floor":3},{"not_picked":["Acrobatics","Backflip"],"picked":"Cloak And Dagger","floor":5},{"not_picked":["Night Terror","Reflex"],"picked":"Backflip","floor":7},{"not_picked":["Reflex","Eviscerate"],"picked":"Skewer","floor":8},{"not_picked":["Outmaneuver","Blade Dance"],"picked":"Noxious Fumes","floor":14},{"not_picked":["Night Terror","Venomology"],"picked":"Storm of Steel","floor":16},{"not_picked":[],"picked":"Prepared","floor":18},{"not_picked":[],"picked":"Deflect","floor":22}],"player_experience":2861653,"relics_obtained":[{"floor":7,"key":"MawBank"},{"floor":9,"key":"Juzu Bracelet"}],"event_choices":[{"damage_healed":0,"gold_gain":0,"player_choice":"Donut","damage_taken":0,"max_hp_gain":5,"max_hp_loss":0,"event_name":"Big Fish","floor":2,"gold_loss":0},{"damage_healed":0,"gold_gain":0,"player_choice":"Take Damage","damage_taken":22,"relics_obtained":["Golden Idol"],"max_hp_gain":0,"max_hp_loss":0,"event_name":"Golden Idol","floor":4,"gold_loss":0},{"damage_healed":0,"gold_gain":0,"player_choice":"Got Potions","damage_taken":0,"max_hp_gain":0,"max_hp_loss":0,"event_name":"Lab","floor":13,"gold_loss":0},{"damage_healed":0,"gold_gain":0,"player_choice":"Stole Relic","damage_taken":0,"relics_obtained":["Dream Catcher"],"max_hp_gain":0,"max_hp_loss":0,"event_name":"Addict","floor":21,"gold_loss":0,"cards_obtained":["Shame"]}],"is_beta":false,"boss_relics":[{"not_picked":["Velvet Choker","Tiny House"],"picked":"Busted Crown"}],"items_purged_floors":[11],"is_endless":false,"potions_floor_spawned":[5,7,16,20],"killed_by":"3 Cultists","ascension_level":20}