{"gold_per_floor":[116,116,135,52,52,52,64,64,64,80,91,122,122,135,135,135],"floor_reached":16,"playtime":1614,"items_purged":[],"score":204,"play_id":"c225a2ce-45d9-469c-93db-b8ec1e67f266","local_time":"20190413052921","is_ascension_mode":true,"campfire_choices":[{"data":"Neutralize","floor":6,"key":"SMITH"},{"data":"Adrenaline","floor":8,"key":"SMITH"},{"data":"Dagger Spray","floor":13,"key":"SMITH"},{"data":"After Image","floor":15,"key":"SMITH"}],"neow_cost":"TEN_PERCENT_HP_LOSS","seed_source_timestamp":86383992986319,"circlet_count":0,"master_deck":["AscendersBane","Defend_G","Defend_G","Defend_G","Defend_G","Defend_G","Strike_G","Strike_G","Strike_G","Strike_G","Strike_G","Survivor","Neutralize+1","Adrenaline+1","All Out Attack","Dagger Spray+1","Well Laid Plans","Dagger Spray","Well Laid Plans","Backflip","PiercingWail","After Image+1"],"relics":["Ring of the Snake","FaceOfCleric","Bottled Lightning","Omamori"],"potions_floor_usage":[12,16,16],"damage_taken":[{"damage":0,"enemies":"Small Slimes","floor":1,"turns":5},{"damage":0,"enemies":"Cultist","floor":3,"turns":4},{"damage":0,"enemies":"Jaw Worm","floor":7,"turns":3},{"damage":0,"enemies":"Lots of Slimes","floor":10,"turns":1},{"damage":0,"enemies":"Looter","floor":11,"turns":3},{"damage":26,"enemies":"Gremlin Nob","floor":12,"turns":6},{"damage":0,"enemies":"Blue Slaver","floor":14,"turns":4},{"damage":55,"enemies":"Hexaghost","floor":16,"turns":16}],"seed_played":"-7295922462456293264","potions_obtained":[{"floor":1,"key":"GhostInAJar"},{"floor":5,"key":"Regen Potion"},{"floor":14,"key":"AttackPotion"}],"is_trial":false,"path_per_floor":["M","?","M","$","?","R","M","R","T","M","M","E","R","M","R","B"],"character_chosen":"THE_SILENT","items_purchased":["Well Laid Plans"],"campfire_rested":0,"item_purchase_floors":[4],"current_hp_per_floor":[59,59,60,60,60,60,61,61,61,62,63,38,38,39,39,0],"gold":135,"neow_bonus":"THREE_RARE_CARDS","is_prod":false,"is_daily":false,"chose_seed":false,"campfire_upgraded":4,"win_rate":0,"timestamp":1555126161,"path_taken":["M","?","?","$","?","R","M","R","T","M","?","E","R","M","R","BOSS"],"build_version":"2019-01-23","purchased_purges":0,"victory":false,"max_hp_per_floor":[60,60,61,61,61,61,62,62,62,63,64,65,65,66,66,66],"card_choices":[{"not_picked":["Bullet Time","Venomology"],"picked":"Adrenaline","floor":0},{"not_picked":["Finisher","Deflect"],"picked":"All Out Attack","floor":1},{"not_picked":["Masterful Stab","Bane"],"picked":"Dagger Spray","floor":3},{"not_picked":["Prepared","Dagger Throw"],"picked":"Dagger Spray","floor":7},{"not_picked":["Acrobatics","Sucker Punch"],"picked":"Well Laid Plans","floor":10},{"not_picked":["Flying Knee","Prepared"],"picked":"Backflip","floor":11},{"not_picked":["Eviscerate","Bane"],"picked":"PiercingWail","floor":12},{"not_picked":["Infinite Blades","Escape Plan"],"picked":"After Image","floor":14}],"player_experience":3084590,"relics_obtained":[{"floor":9,"key":"Bottled Lightning"},{"floor":12,"key":"Omamori"}],"event_choices":[{"damage_healed":0,"gold_gain":0,"player_choice":"Trade","damage_taken":0,"relics_obtained":["FaceOfCleric"],"max_hp_gain":0,"max_hp_loss":0,"event_name":"FaceTrader","floor":2,"gold_loss":0},{"damage_healed":0,"gold_gain":0,"player_choice":"Got Potions","damage_taken":0,"max_hp_gain":0,"max_hp_loss":0,"event_name":"Lab","floor":5,"gold_loss":0}],"is_beta":false,"boss_relics":[],"items_purged_floors":[],"is_endless":false,"potions_floor_spawned":[1,7,14],"killed_by":"Hexaghost","ascension_level":20}