{"path_per_floor":["M","$","M","?","M","R","M","R","T","R","E","M","?","?","R","B",null,"M","M","?"],"character_chosen":"DEFECT","items_purchased":["Leap"],"gold_per_floor":[117,17,28,28,41,41,60,60,86,86,112,122,122,152,152,251,251,161,176,176,176],"floor_reached":21,"campfire_rested":2,"playtime":1816,"item_purchase_floors":[2],"current_hp_per_floor":[69,69,63,56,56,56,38,38,38,60,27,19,46,46,70,8,82,71,25,9,0],"items_purged":["Strike_B"],"gold":176,"score":177,"play_id":"e5296254-f1f9-422b-ac41-a6b73f35e4fa","local_time":"20180524202140","is_prod":false,"is_daily":false,"chose_seed":false,"is_ascension_mode":false,"campfire_upgraded":2,"win_rate":0.0,"timestamp":1527207700,"campfire_choices":[{"data":"Genetic Algorithm","floor":6,"key":"SMITH"},{"data":"Dualcast","floor":8,"key":"SMITH"},{"floor":10,"key":"REST"},{"floor":15,"key":"REST"}],"path_taken":["M","$","M","?","M","R","M","R","T","R","E","M","?","?","R","BOSS","M","M","?","?"],"build_version":"2018-05-23v2","seed_source_timestamp":267775088177543,"purchased_purges":1,"victory":false,"master_deck":["Strike_B","Strike_B","Defend_B","Defend_B","Defend_B","Defend_B","Zap","Dualcast+1","Pain","Clumsy","Clumsy","Loop","Leap","Gash","Genetic Algorithm+1","Beam Cell","Electrodynamics","Glacier","Thunder Strike","Beam Cell+1","Aggregate"],"max_hp_per_floor":[75,75,75,75,75,75,75,75,75,75,82,82,82,82,82,82,82,82,82,87,87],"relics":["Calling Bell","Potion Belt","Centennial Puzzle","Gambling Chip","Bag of Marbles","Strawberry","Lizard Tail"],"card_choices":[{"not_picked":["Go for the Eyes","Stack"],"picked":"Loop","floor":1},{"not_picked":["Undo","Steam"],"picked":"Gash","floor":3},{"not_picked":["Reinforced Body","Barrage"],"picked":"Genetic Algorithm","floor":5},{"not_picked":["Steam","White Noise"],"picked":"Beam Cell","floor":7},{"not_picked":["Go for the Eyes","Barrage"],"picked":"Electrodynamics","floor":11},{"not_picked":["Steam","Capacitor"],"picked":"Glacier","floor":12},{"not_picked":["Biased Cognition","Buffer"],"picked":"Thunder Strike","floor":16},{"not_picked":["Sweeping Beam+1","Go for the Eyes"],"picked":"Beam Cell+1","floor":18},{"not_picked":["Beam Cell","Rebound"],"picked":"Aggregate","floor":19}],"player_experience":8223,"potions_floor_usage":[11,12],"damage_taken":[{"damage":6,"enemies":"Small Slimes","floor":1,"turns":3},{"damage":6,"enemies":"Cultist","floor":3,"turns":4},{"damage":0,"enemies":"2 Louse","floor":5,"turns":3},{"damage":18,"enemies":"Large Slime","floor":7,"turns":6},{"damage":40,"enemies":"3 Sentries","floor":11,"turns":12},{"damage":8,"enemies":"2 Fungi Beasts","floor":12,"turns":4},{"damage":62,"enemies":"The Guardian","floor":16,"turns":20},{"damage":11,"enemies":"2 Thieves","floor":18,"turns":5},{"damage":46,"enemies":"3 Byrds","floor":19,"turns":6},{"damage":60,"enemies":"Cultist and Chosen","floor":21,"turns":7}],"relics_obtained":[{"floor":0,"key":"Potion Belt"},{"floor":0,"key":"Centennial Puzzle"},{"floor":0,"key":"Gambling Chip"},{"floor":9,"key":"Bag of Marbles"},{"floor":11,"key":"Strawberry"}],"event_choices":[{"event_name":"Golden Wing","player_choice":"Card Removal","floor":4,"damage_taken":0},{"event_name":"Big Fish","player_choice":"Banana","floor":13,"damage_taken":0},{"event_name":"Dead Adventurer","player_choice":"Searched \u00271\u0027 times","floor":14,"damage_taken":0},{"event_name":"Forgotten Altar","player_choice":"Shed Blood","floor":20,"damage_taken":0}],"boss_relics":[{"not_picked":["Orrery","Tiny House"],"picked":"Lizard Tail"}],"items_purged_floors":[2],"potions_floor_spawned":[5,11],"seed_played":"-6284969891794973153","killed_by":"Cultist and Chosen","ascension_level":0,"potions_obtained":[{"floor":5,"key":"EssenceOfSteel"},{"floor":11,"key":"Fire Potion"}],"is_trial":false}