{"gold_per_floor":[111,124,299,311,12,44,44,55,55,112,112,112,112,139,139,139],"floor_reached":16,"playtime":1402,"items_purged":["Doubt"],"score":108,"play_id":"2cb8a784-a005-4232-910d-d3b0073684cf","local_time":"20190324171345","is_ascension_mode":false,"campfire_choices":[{"data":"Armaments","floor":7,"key":"SMITH"},{"data":"Armaments","floor":13,"key":"SMITH"},{"floor":15,"key":"REST"}],"neow_cost":"","seed_source_timestamp":376841157665437,"circlet_count":0,"master_deck":["Strike_R","Strike_R","Strike_R","Strike_R","Strike_R","Defend_R","Defend_R","Defend_R","Defend_R","Bash","Pommel Strike","Armaments+1","Shrug It Off","Dual Wield","Clothesline","Dramatic Entrance","Armaments+1","Parasite","Pommel Strike"],"relics":["Burning Blood","Self Forming Clay","Question Card","Lantern"],"potions_floor_usage":[14],"damage_taken":[{"damage":4,"enemies":"2 Louse","floor":1,"turns":3},{"damage":2,"enemies":"Small Slimes","floor":2,"turns":4},{"damage":1,"enemies":"Cultist","floor":4,"turns":3},{"damage":32,"enemies":"Gremlin Nob","floor":6,"turns":6},{"damage":10,"enemies":"Looter","floor":8,"turns":3},{"damage":28,"enemies":"Lagavulin","floor":14,"turns":12},{"damage":73,"enemies":"The Guardian","floor":16,"turns":11}],"seed_played":"1372424368313031354","potions_obtained":[{"floor":4,"key":"PowerPotion"},{"floor":6,"key":"Dexterity Potion"},{"floor":8,"key":"Dexterity Potion"}],"is_trial":false,"path_per_floor":["?","?","?","?"],"character_chosen":"IRONCLAD","items_purchased":["Dual Wield","Clothesline","Dramatic Entrance"],"campfire_rested":1,"item_purchase_floors":[5,5,5],"current_hp_per_floor":[80,80,80,80,80,54,54,50,50,50,50,70,70,48,72,0],"gold":139,"neow_bonus":"","is_prod":false,"is_daily":false,"chose_seed":false,"campfire_upgraded":2,"win_rate":0.0,"timestamp":1553444025,"path_taken":["M","M","?","M","$","E","R","M","T","?","?","?","R","E","R","BOSS"],"build_version":"2019-01-23","purchased_purges":1,"victory":false,"max_hp_per_floor":[80,80,80,80,80,80,80,80,80,80,80,80,80,80,80,80],"card_choices":[{"not_picked":["Perfected Strike","Cleave"],"picked":"Pommel Strike","floor":1},{"not_picked":["Rampage","Corruption"],"picked":"Armaments","floor":2},{"not_picked":["Armaments","Carnage"],"picked":"Shrug It Off","floor":4},{"not_picked":["True Grit","Perfected Strike","Clash"],"picked":"SKIP","floor":6},{"not_picked":["Blood for Blood","Whirlwind"],"picked":"Armaments","floor":8},{"not_picked":["Perfected Strike","Body Slam","Carnage"],"picked":"Pommel Strike","floor":14}],"player_experience":0,"relics_obtained":[{"floor":6,"key":"Self Forming Clay"},{"floor":9,"key":"Question Card"},{"floor":14,"key":"Lantern"}],"event_choices":[{"damage_healed":0,"gold_gain":175,"player_choice":"AGREE","damage_taken":0,"max_hp_gain":0,"max_hp_loss":0,"event_name":"Liars Game","floor":3,"gold_loss":0,"cards_obtained":["Doubt"]},{"damage_healed":0,"gold_gain":57,"player_choice":"Gained Gold","damage_taken":0,"max_hp_gain":0,"max_hp_loss":0,"event_name":"Golden Wing","floor":10,"gold_loss":0},{"damage_healed":0,"gold_gain":0,"player_choice":"Ignored","damage_taken":0,"max_hp_gain":0,"max_hp_loss":0,"event_name":"Shining Light","floor":11,"gold_loss":0},{"damage_healed":20,"gold_gain":0,"player_choice":"Healed and dodged fight","damage_taken":0,"max_hp_gain":0,"max_hp_loss":0,"event_name":"Mushrooms","floor":12,"gold_loss":0,"cards_obtained":["Parasite"]}],"is_beta":false,"boss_relics":[],"items_purged_floors":[5],"is_endless":false,"potions_floor_spawned":[4,6,8],"killed_by":"The Guardian","ascension_level":0}