{"gold_per_floor":[113,113,133,208,228,253,253,267,267,267,283,283,283,318,318,395,395,409,409],"floor_reached":19,"playtime":1385,"items_purged":[],"score":454,"play_id":"7aeee2c5-0b10-44a6-a1a1-f3e31c539a22","local_time":"20190326130903","is_ascension_mode":true,"campfire_choices":[{"data":"Footwork","floor":7,"key":"SMITH"},{"data":"Glass Knife","floor":13,"key":"SMITH"},{"floor":15,"key":"REST"}],"neow_cost":"NONE","seed_source_timestamp":702991356299615,"circlet_count":0,"master_deck":["AscendersBane","Survivor","Neutralize+1","Glass Knife+1","Deadly Poison+1","Footwork+1","Catalyst+1","Backflip","Heel Hook","Dash","Backflip","Envenom","Unload","Dagger Spray","Tools of the Trade","Phantasmal Killer","Envenom","Bullet Time","Setup","A Thousand Cuts","Underhanded Strike","Envenom","Footwork"],"relics":["Ring of the Snake","Letter Opener","Matryoshka","Paper Crane","Pandora\u0027s Box"],"potions_floor_usage":[6,11,16],"damage_taken":[{"damage":0,"enemies":"2 Louse","floor":1,"turns":2},{"damage":0,"enemies":"Cultist","floor":3,"turns":2},{"damage":0,"enemies":"Jaw Worm","floor":5,"turns":3},{"damage":16,"enemies":"Lagavulin","floor":6,"turns":9},{"damage":0,"enemies":"3 Louse","floor":8,"turns":3},{"damage":0,"enemies":"Large Slime","floor":11,"turns":4},{"damage":18,"enemies":"Gremlin Nob","floor":14,"turns":4},{"damage":0,"enemies":"The Guardian","floor":16,"turns":7},{"damage":12,"enemies":"Shell Parasite","floor":18,"turns":5},{"damage":55,"enemies":"Spheric Guardian","floor":19,"turns":5}],"seed_played":"2874898880184270864","potions_obtained":[{"floor":3,"key":"SkillPotion"},{"floor":8,"key":"AttackPotion"},{"floor":14,"key":"Poison Potion"},{"floor":16,"key":"Ancient Potion"}],"is_trial":false,"path_per_floor":["M","?","M","?","M","E","R","M","T","?","M","?","R","E","R","B",null,"M","M"],"character_chosen":"THE_SILENT","items_purchased":[],"campfire_rested":1,"item_purchase_floors":[],"current_hp_per_floor":[59,59,59,48,48,32,32,32,32,32,32,32,32,14,33,33,58,46,0],"gold":409,"neow_bonus":"ONE_RANDOM_RARE_CARD","is_prod":false,"is_daily":false,"chose_seed":false,"campfire_upgraded":2,"win_rate":0,"timestamp":1553602143,"path_taken":["M","?","?","?","M","E","R","M","T","?","M","?","R","E","R","BOSS","M","M"],"build_version":"2019-01-23","purchased_purges":0,"victory":false,"max_hp_per_floor":[66,66,66,66,66,66,66,66,66,66,66,66,66,66,66,66,66,66,66],"card_choices":[{"not_picked":["Bane","Quick Slash"],"picked":"Deadly Poison","floor":1},{"not_picked":["Acrobatics","Blade Dance"],"picked":"Footwork","floor":3},{"not_picked":["Dagger Spray","Finisher"],"picked":"Catalyst","floor":5},{"not_picked":["Acrobatics","Flying Knee"],"picked":"Backflip","floor":6},{"not_picked":["Bane","Grand Finale"],"picked":"Heel Hook","floor":8},{"not_picked":["Underhanded Strike","Quick Slash"],"picked":"Dash","floor":11},{"not_picked":["Distraction","Poisoned Stab"],"picked":"Backflip","floor":14},{"not_picked":["Night Terror","Glass Knife"],"picked":"Envenom","floor":16},{"not_picked":["Endless Agony","Heel Hook"],"picked":"Footwork","floor":18}],"player_experience":2940298,"relics_obtained":[{"floor":6,"key":"Letter Opener"},{"floor":9,"key":"Matryoshka"},{"floor":14,"key":"Paper Crane"}],"event_choices":[{"damage_healed":0,"gold_gain":0,"player_choice":"Forge","damage_taken":0,"max_hp_gain":0,"max_hp_loss":0,"event_name":"Accursed Blacksmith","floor":2,"gold_loss":0,"cards_upgraded":["Neutralize"]},{"damage_healed":0,"gold_gain":75,"player_choice":"Gather Gold","damage_taken":11,"max_hp_gain":0,"max_hp_loss":0,"event_name":"World of Goop","floor":4,"gold_loss":0},{"damage_healed":0,"gold_gain":0,"player_choice":"Grow","damage_taken":0,"max_hp_gain":0,"max_hp_loss":0,"event_name":"Living Wall","floor":10,"gold_loss":0,"cards_upgraded":["Catalyst"]},{"damage_healed":0,"gold_gain":0,"player_choice":"Upgraded","damage_taken":0,"max_hp_gain":0,"max_hp_loss":0,"event_name":"Upgrade Shrine","floor":12,"gold_loss":0,"cards_upgraded":["Deadly Poison"]}],"is_beta":false,"boss_relics":[{"not_picked":["Philosopher\u0027s Stone","White Beast Statue"],"picked":"Pandora\u0027s Box"}],"items_purged_floors":[],"is_endless":false,"potions_floor_spawned":[3,8,14,16],"killed_by":"Spheric Guardian","ascension_level":20}