{"path_per_floor":["M","$","M","M","M","R","$","T","T","R","?","M","R","?","R","B",null,"M","?"],"character_chosen":"IRONCLAD","items_purchased":["Flex"],"gold_per_floor":[118,19,37,47,58,58,58,58,58,58,58,75,75,75,75,179,179,179,179,179],"floor_reached":20,"campfire_rested":1,"playtime":2726,"current_hp_per_floor":[80,80,80,80,52,52,52,52,52,52,52,56,56,49,73,33,80,72,72,72],"items_purged":["Strike_R"],"gold":179,"score":162,"play_id":"3f1db425-d4f7-4e00-89bf-e3707d78cf8e","local_time":"20180430015043","is_prod":false,"is_daily":false,"chose_seed":false,"is_ascension_mode":false,"campfire_upgraded":3,"timestamp":1525067443,"path_taken":["M","$","M","M","M","R","$","?","T","R","?","?","R","?","R","BOSS","M","?","?"],"build_version":"2018-04-27v3","seed_source_timestamp":0,"purchased_purges":1,"victory":false,"master_deck":["Strike_R","Strike_R","Strike_R","Strike_R","Defend_R","Defend_R","Defend_R","Bash","Headbutt","Flex+1","Shrug It Off","Inflame","Pommel Strike+1","True Grit+1","Offering","True Grit"],"max_hp_per_floor":[80,80,80,80,80,80,80,80,80,80,80,80,80,80,80,80,80,80,80,80],"relics":["Burning Blood","Darkstone Periapt","Ornamental Fan","Ectoplasm"],"card_choices":[{"not_picked":["Cleave","Iron Wave"],"picked":"Headbutt","floor":1.0},{"not_picked":["Clash","Anger"],"picked":"Shrug It Off","floor":3.0},{"not_picked":["Pommel Strike","Thunderclap"],"picked":"Inflame","floor":4.0},{"not_picked":["Barricade","Iron Wave"],"picked":"Pommel Strike","floor":5.0},{"not_picked":["Pommel Strike","Flex"],"picked":"True Grit","floor":12.0},{"not_picked":["Double Tap","Bludgeon"],"picked":"Offering","floor":16.0},{"not_picked":["Clothesline","Pommel Strike"],"picked":"True Grit","floor":18.0}],"player_experience":0,"potions_floor_usage":[],"damage_taken":[{"damage":0.0,"enemies":"Cultist","floor":1.0,"turns":4.0},{"damage":6.0,"enemies":"Jaw Worm","floor":3.0,"turns":3.0},{"damage":0.0,"enemies":"2 Louse","floor":4.0,"turns":3.0},{"damage":34.0,"enemies":"Exordium Wildlife","floor":5.0,"turns":7.0},{"damage":2.0,"enemies":"Blue Slaver","floor":12.0,"turns":3.0},{"damage":61.0,"enemies":"The Guardian","floor":16.0,"turns":11.0},{"damage":14.0,"enemies":"Shell Parasite","floor":18.0,"turns":5.0},{"damage":0,"enemies":"Spheric Guardian","floor":20,"turns":1}],"event_choices":[{"event_name":"The Lab","player_choice":"Got Potions","floor":11.0,"damage_taken":0.0},{"event_name":"Golden Wing","player_choice":"Card Removal","floor":14.0,"damage_taken":0.0},{"event_name":"Ghosts","player_choice":"Ignored","floor":19.0,"damage_taken":0.0}],"boss_relics":[],"potions_floor_spawned":[4,12,18],"seed_played":"-1311768677018413161","killed_by":"Spheric Guardian","ascension_level":0,"is_trial":false}