{"gold_per_floor":[115,95,20,31,31,62,62,96,121,150,174,186,233,258,270,385,397,419,450,462,374,374,374,401,401,401,435,435,453,171,184,184,289,289,304,118,138,23,0,0,0,15,39,51,16,16],"floor_reached":46,"playtime":1922,"items_purged":["Strike_G","Strike_G","Strike_G","Strike_G"],"score":689,"play_id":"a73b99c2-6c14-4c4b-a977-e38b68d9f8d0","local_time":"20190428111137","is_ascension_mode":true,"campfire_choices":[{"data":"Noxious Fumes","floor":7.0,"key":"SMITH"},{"data":"Noxious Fumes","floor":12,"key":"SMITH"},{"floor":15,"key":"REST"},{"data":"Burst","floor":23,"key":"SMITH"},{"floor":25,"key":"REST"},{"floor":32,"key":"REST"},{"data":"Catalyst","floor":40,"key":"SMITH"}],"neow_cost":"NONE","seed_source_timestamp":174123160019416,"circlet_count":0,"master_deck":["Defend_G","Defend_G+1","Defend_G","Defend_G","Defend_G","Strike_G","Survivor","Neutralize","Deadly Poison","Crippling Poison+1","Noxious Fumes+1","PiercingWail","Crippling Poison","Noxious Fumes+1","Malaise","Deadly Poison","Burst+1","Escape Plan+1","Dodge and Roll","Deflect+1","Neutralize","PiercingWail+1","Bouncing Flask","Catalyst+1","Well Laid Plans","Escape Plan+1","Footwork"],"special_seed":0,"relics":["Ring of the Serpent","NeowsBlessing","Bag of Marbles","Thread and Needle","MawBank","Centennial Puzzle","Black Star","Gremlin Horn","Dodecahedron","Ancient Tea Set","Meat on the Bone","Kunai","Anchor","War Paint","Red Mask","Snake Skull"],"potions_floor_usage":[33,33,33],"damage_taken":[{"damage":0.0,"enemies":"2 Louse","floor":1.0,"turns":1.0},{"damage":0.0,"enemies":"Cultist","floor":4.0,"turns":1.0},{"damage":0.0,"enemies":"Lagavulin","floor":6.0,"turns":1.0},{"damage":18.0,"enemies":"3 Sentries","floor":8.0,"turns":5.0},{"damage":0,"enemies":"Jaw Worm","floor":10,"turns":3},{"damage":1,"enemies":"3 Louse","floor":11,"turns":3},{"damage":11,"enemies":"Gremlin Nob","floor":13,"turns":4},{"damage":9,"enemies":"Exordium Thugs","floor":14,"turns":4},{"damage":6,"enemies":"Hexaghost","floor":16,"turns":9},{"damage":0,"enemies":"Shell Parasite","floor":18,"turns":5},{"damage":0,"enemies":"3 Byrds","floor":19,"turns":5},{"damage":29,"enemies":"Gremlin Leader","floor":24,"turns":6},{"damage":0,"enemies":"Book of Stabbing","floor":27,"turns":8},{"damage":8,"enemies":"Snake Plant","floor":29,"turns":5},{"damage":3,"enemies":"Shelled Parasite and Fungi","floor":31,"turns":5},{"damage":23,"enemies":"Collector","floor":33,"turns":9},{"damage":14,"enemies":"Orb Walker","floor":35,"turns":6},{"damage":23,"enemies":"3 Darklings","floor":37,"turns":5},{"damage":5,"enemies":"Maw","floor":42,"turns":8},{"damage":27,"enemies":"Spire Growth","floor":44,"turns":5},{"damage":32,"enemies":"Sphere and 2 Shapes","floor":46,"turns":3}],"seed_played":"6883764975898289473","potions_obtained":[{"floor":1.0,"key":"Ancient Potion"},{"floor":2.0,"key":"Poison Potion"},{"floor":8.0,"key":"SpeedPotion"},{"floor":37,"key":"Weak Potion"},{"floor":44,"key":"SteroidPotion"}],"is_trial":false,"path_per_floor":["?","M","?","?","?","M","?","?"],"character_chosen":"THE_SILENT","items_purchased":["War Paint","Bouncing Flask","Catalyst","Well Laid Plans","Footwork"],"campfire_rested":3,"item_purchase_floors":[30,36,38,38,45],"current_hp_per_floor":[70,70,70,70,70,70,70,52,52,52,51,51,40,31,52,46,64,64,64,64,64,64,64,35,56,56,56,56,48,48,45,66,43,63,49,49,38,38,38,38,38,45,45,30,30,0],"gold":16,"neow_bonus":"THREE_ENEMY_KILL","is_prod":false,"is_daily":false,"chose_seed":false,"campfire_upgraded":4,"win_rate":0,"timestamp":1556442697,"path_taken":["M","?","$","?","$","E","R","E","T","M","M","R","E","M","R","BOSS","M","M","?","$","?","R","E","R","T","E","?","?","$","M","R","BOSS","M","$","M","$","?","R","?","M","T","M","$","M"],"build_version":"2019-01-23","purchased_purges":4,"victory":false,"max_hp_per_floor":[70,70,70,70,70,70,70,70,70,70,70,70,70,70,70,70,70,70,70,70,70,70,70,70,70,70,70,70,70,70,70,70,70,70,70,70,70,70,70,70,70,70,70,70,70,70],"card_choices":[{"not_picked":["Leg Sweep","Escape Plan"],"picked":"Deadly Poison","floor":1.0},{"not_picked":["Masterful Stab","Quick Slash"],"picked":"Crippling Poison","floor":4.0},{"not_picked":["Quick Slash","Bane"],"picked":"Noxious Fumes","floor":6.0},{"not_picked":["Predator","Bane"],"picked":"PiercingWail","floor":8.0},{"not_picked":["Slice","Outmaneuver"],"picked":"Crippling Poison","floor":10},{"not_picked":["Deadly Poison","Dodge and Roll"],"picked":"Noxious Fumes","floor":11},{"not_picked":["Tactician","Reflex"],"picked":"Malaise","floor":13},{"not_picked":["Quick Slash","Predator"],"picked":"Deadly Poison","floor":14},{"not_picked":["Adrenaline","Glass Knife"],"picked":"Burst","floor":16},{"not_picked":["Choke+1","Terror","Eviscerate"],"picked":"SKIP","floor":18},{"not_picked":["Bane","Dagger Spray"],"picked":"Escape Plan+1","floor":19},{"not_picked":["Infinite Blades","Dodge and Roll","Eviscerate"],"picked":"SKIP","floor":24},{"not_picked":["Infinite Blades","Eviscerate"],"picked":"Dodge and Roll","floor":24},{"not_picked":["Blade Dance","Distraction"],"picked":"Deflect+1","floor":27},{"not_picked":["Choke","Slice"],"picked":"PiercingWail+1","floor":29},{"not_picked":["Acrobatics+1","Predator","Calculated Gamble"],"picked":"SKIP","floor":31},{"not_picked":["Eviscerate","Outmaneuver","Deadly Poison"],"picked":"SKIP","floor":35},{"not_picked":["Backflip","Poisoned Stab+1","Deflect"],"picked":"SKIP","floor":37},{"not_picked":["Outmaneuver","Bane","Prepared"],"picked":"SKIP","floor":42},{"not_picked":["Backflip","Outmaneuver"],"picked":"Escape Plan+1","floor":44}],"player_experience":172211,"relics_obtained":[{"floor":6.0,"key":"Bag of Marbles"},{"floor":8.0,"key":"Thread and Needle"},{"floor":9.0,"key":"MawBank"},{"floor":13,"key":"Centennial Puzzle"},{"floor":24,"key":"Dodecahedron"},{"floor":24,"key":"Ancient Tea Set"},{"floor":26,"key":"Meat on the Bone"},{"floor":27,"key":"Kunai"},{"floor":27,"key":"Anchor"},{"floor":43,"key":"Snake Skull"}],"event_choices":[{"damage_healed":0.0,"max_hp_gain":0.0,"max_hp_loss":0.0,"gold_gain":0.0,"event_name":"The Woman in Blue","player_choice":"Bought 1 Potion","floor":2.0,"gold_loss":0.0,"damage_taken":0.0},{"damage_healed":0,"gold_gain":0,"player_choice":"Opened","damage_taken":0,"relics_obtained":["Gremlin Horn"],"max_hp_gain":0,"max_hp_loss":0,"event_name":"The Mausoleum","floor":20,"gold_loss":0},{"damage_healed":0,"gold_gain":0,"player_choice":"Ignored","damage_taken":0,"max_hp_gain":0,"max_hp_loss":0,"event_name":"Ghosts","floor":22,"gold_loss":0},{"damage_healed":0,"gold_gain":0,"player_choice":"1 cards matched","damage_taken":0,"max_hp_gain":0,"max_hp_loss":0,"event_name":"Match and Keep!","floor":28,"gold_loss":0,"cards_obtained":["Neutralize"]},{"damage_healed":0,"gold_gain":0,"player_choice":"Paid","damage_taken":0,"relics_obtained":["Red Mask"],"max_hp_gain":0,"max_hp_loss":0,"event_name":"Tomb of Lord Red Mask","floor":39,"gold_loss":23},{"damage_healed":0,"gold_gain":0,"player_choice":"Ignored","damage_taken":0,"max_hp_gain":0,"max_hp_loss":0,"event_name":"Mysterious Sphere","floor":41,"gold_loss":0}],"is_beta":false,"boss_relics":[{"not_picked":["Tiny House","White Beast Statue"],"picked":"Black Star"},{"not_picked":["Cursed Key","WristBlade"],"picked":"Ring of the Serpent"}],"items_purged_floors":[3,21,30,36],"is_endless":false,"potions_floor_spawned":[1,8,11,13,14,19,27,29,37,44],"killed_by":"Sphere and 2 Shapes","ascension_level":5}