{"gold_per_floor":[20,20,38,58,72,72,100,100,126,189,189,215,215,227,227,300,300,314,324,334,206,225,225,225,225,249,264,264,275,307,307,307,379,429,446,546,561,157,157,157],"floor_reached":40,"playtime":9386,"items_purged":["Strike_G","Strike_G"],"score":832,"play_id":"aaf3847f-4437-4f2b-aa35-9a45df49f06e","local_time":"20190401101255","is_ascension_mode":true,"campfire_choices":[{"data":"Crippling Poison","floor":6,"key":"SMITH"},{"data":"Adrenaline","floor":8,"key":"SMITH"},{"floor":11,"key":"REST"},{"data":"Footwork","floor":15,"key":"SMITH"},{"data":"Catalyst","floor":23,"key":"SMITH"},{"data":"Backflip","floor":25,"key":"SMITH"},{"data":"Noxious Fumes","floor":28,"key":"SMITH"},{"floor":32,"key":"REST"}],"neow_cost":"NO_GOLD","seed_source_timestamp":381862575495673,"circlet_count":0,"master_deck":["AscendersBane","Defend_G+1","Defend_G","Defend_G+1","Defend_G","Defend_G","Survivor","Neutralize","Endless Agony","Sucker Punch+1","Poisoned Stab","Crippling Poison+1","PiercingWail","Catalyst+1","Adrenaline+1","Heel Hook","Bane","Footwork+1","Venomology","Dagger Spray","Backflip+1","Underhanded Strike","Noxious Fumes+1","Storm of Steel","Well Laid Plans","Corpse Explosion","Deadly Poison","Dodge and Roll","Outmaneuver","Caltrops"],"relics":["Ring of the Snake","Boot","Happy Flower","Blood Vial","Ancient Tea Set","Snecko Eye","Lantern","Ornamental Fan","Tiny House","Tough Bandages","HandDrill"],"potions_floor_usage":[5,12,16,19,20,22,22,27,27,30,33,33,35,40,40],"damage_taken":[{"damage":0,"enemies":"Jaw Worm","floor":1,"turns":5},{"damage":0,"enemies":"Small Slimes","floor":3,"turns":3},{"damage":3,"enemies":"2 Louse","floor":4,"turns":3},{"damage":0,"enemies":"Looter","floor":5,"turns":2},{"damage":19,"enemies":"3 Sentries","floor":7,"turns":8},{"damage":9,"enemies":"3 Sentries","floor":10,"turns":12},{"damage":8,"enemies":"Gremlin Nob","floor":12,"turns":3},{"damage":1,"enemies":"3 Louse","floor":14,"turns":2},{"damage":21,"enemies":"Hexaghost","floor":16,"turns":10},{"damage":2,"enemies":"Chosen","floor":18,"turns":5},{"damage":0,"enemies":"3 Byrds","floor":19,"turns":4},{"damage":0,"enemies":"Snake Plant","floor":20,"turns":4},{"damage":5,"enemies":"Snecko","floor":22,"turns":9},{"damage":8,"enemies":"Centurion and Healer","floor":27,"turns":4},{"damage":4,"enemies":"Cultist and Chosen","floor":29,"turns":5},{"damage":7,"enemies":"Book of Stabbing","floor":30,"turns":5},{"damage":20,"enemies":"Collector","floor":33,"turns":9},{"damage":0,"enemies":"3 Darklings","floor":35,"turns":1},{"damage":0,"enemies":"Mind Bloom Boss Battle","floor":36,"turns":5},{"damage":1,"enemies":"3 Shapes","floor":37,"turns":3},{"damage":101,"enemies":"Giant Head","floor":40,"turns":7}],"seed_played":"-6911192526727125302","potions_obtained":[{"floor":4,"key":"FearPotion"},{"floor":5,"key":"Energy Potion"},{"floor":7,"key":"FearPotion"},{"floor":14,"key":"SpeedPotion"},{"floor":27,"key":"GamblersBrew"},{"floor":30,"key":"Dexterity Potion"},{"floor":34,"key":"Fire Potion"}],"is_trial":false,"path_per_floor":["M","?","M","M","M","R","E","R","T","?","R","E","?","M","R","B",null,"M","M","M","$","M","R","?","R","T","M","R","M","E","?","R","B",null,"M","?","M","$","?","E"],"character_chosen":"THE_SILENT","items_purchased":["Underhanded Strike","HandDrill","Caltrops"],"campfire_rested":2,"item_purchase_floors":[21,38,38],"current_hp_per_floor":[59,59,59,56,56,56,37,37,37,28,47,41,21,22,22,3,50,50,52,54,54,51,51,51,51,51,45,45,43,38,20,41,23,64,66,68,69,69,69,0],"gold":157,"neow_bonus":"TRANSFORM_TWO_CARDS","is_prod":false,"is_daily":false,"chose_seed":false,"campfire_upgraded":6,"win_rate":0,"timestamp":1554106375,"path_taken":["M","?","M","M","M","R","E","R","T","?","R","E","?","M","R","BOSS","M","M","M","$","M","R","?","R","T","M","R","M","E","?","R","BOSS","M","?","M","$","?","E"],"build_version":"2019-01-23","purchased_purges":2,"victory":false,"max_hp_per_floor":[66,66,66,66,66,66,66,66,66,66,66,66,66,66,66,66,66,66,66,66,66,66,66,66,66,66,66,66,66,66,71,71,71,76,76,76,76,76,76,76],"card_choices":[{"not_picked":["Dodge and Roll","Slice"],"picked":"Poisoned Stab","floor":1},{"not_picked":["Quick Slash","Slice"],"picked":"Crippling Poison","floor":3},{"not_picked":["Expertise","Underhanded Strike"],"picked":"PiercingWail","floor":4},{"not_picked":["Expertise","Finisher"],"picked":"Catalyst","floor":5},{"not_picked":["Acrobatics","Eviscerate"],"picked":"Adrenaline","floor":7},{"not_picked":["Acrobatics","Sucker Punch"],"picked":"Heel Hook","floor":10},{"not_picked":["Accuracy","Dagger Throw"],"picked":"Bane","floor":12},{"not_picked":["Blade Dance","Slice"],"picked":"Footwork","floor":14},{"not_picked":["Wraith Form v2","Glass Knife"],"picked":"Venomology","floor":16},{"not_picked":["Distraction","Deflect+1","Finisher"],"picked":"SKIP","floor":18},{"not_picked":["Acrobatics+1","Escape Plan"],"picked":"Dagger Spray","floor":19},{"not_picked":["Blur","Dagger Spray+1"],"picked":"Backflip","floor":20},{"not_picked":["Expertise","Endless Agony","Prepared"],"picked":"SKIP","floor":22},{"not_picked":["Infinite Blades+1","Blur"],"picked":"Noxious Fumes","floor":27},{"not_picked":["Poisoned Stab","Dagger Throw"],"picked":"Storm of Steel","floor":29},{"not_picked":["Setup","Quick Slash"],"picked":"Well Laid Plans","floor":30},{"not_picked":["Unload","Burst"],"picked":"Corpse Explosion","floor":33},{"not_picked":["Slice","Deflect+1"],"picked":"Deadly Poison","floor":34},{"not_picked":["Deadly Poison","Skewer","Bane"],"picked":"SKIP","floor":35},{"not_picked":["Heel Hook+1","Reflex+1"],"picked":"Dodge and Roll","floor":36},{"not_picked":["Expertise","Venomology"],"picked":"Outmaneuver","floor":37}],"player_experience":3005019,"relics_obtained":[{"floor":7,"key":"Boot"},{"floor":9,"key":"Happy Flower"},{"floor":10,"key":"Blood Vial"},{"floor":12,"key":"Ancient Tea Set"},{"floor":26,"key":"Lantern"},{"floor":30,"key":"Ornamental Fan"},{"floor":36,"key":"Tough Bandages"}],"event_choices":[{"damage_healed":0,"gold_gain":0,"player_choice":"Grow","damage_taken":0,"max_hp_gain":0,"max_hp_loss":0,"event_name":"Living Wall","floor":2,"gold_loss":0,"cards_upgraded":["Sucker Punch"]},{"damage_healed":0,"gold_gain":0,"player_choice":"Searched \u00271\u0027 times","damage_taken":0,"max_hp_gain":0,"max_hp_loss":0,"event_name":"Dead Adventurer","floor":10,"gold_loss":0},{"damage_healed":0,"gold_gain":0,"player_choice":"Entered Light","damage_taken":20,"max_hp_gain":0,"max_hp_loss":0,"event_name":"Shining Light","floor":13,"gold_loss":0,"cards_upgraded":["Defend_G","Strike_G"]},{"damage_healed":0,"gold_gain":0,"player_choice":"Ignored","damage_taken":0,"max_hp_gain":0,"max_hp_loss":0,"event_name":"Ghosts","floor":24,"gold_loss":0},{"damage_healed":0,"gold_gain":0,"player_choice":"Shed Blood","damage_taken":23,"max_hp_gain":5,"max_hp_loss":0,"event_name":"Forgotten Altar","floor":31,"gold_loss":0},{"damage_healed":0,"gold_gain":0,"player_choice":"Fight","damage_taken":0,"max_hp_gain":0,"max_hp_loss":0,"event_name":"MindBloom","floor":36,"gold_loss":0},{"cards_removed":["Strike_G"],"damage_healed":0,"gold_gain":0,"player_choice":"Removed Attack","damage_taken":0,"max_hp_gain":0,"max_hp_loss":0,"event_name":"Falling","floor":39,"gold_loss":0}],"is_beta":false,"boss_relics":[{"not_picked":["Empty Cage","Ring of the Serpent"],"picked":"Snecko Eye"},{"not_picked":["Coffee Dripper","Calling Bell"],"picked":"Tiny House"}],"items_purged_floors":[21,38],"is_endless":false,"potions_floor_spawned":[4,5,7,14,20,27,30,36],"killed_by":"Giant Head","ascension_level":20}