{"gold_per_floor":[114,125,200,75,93,93,124,124,149,149,149,149,174,185,185,290,290,302,18,30,30,43,43,73,73,99,133,93,105,139,139,139,239,239,254,265,12,30,46,46],"floor_reached":40,"playtime":1715,"items_purged":["Strike_R"],"score":477,"play_id":"67383f8b-1a36-43f7-a905-d7e7dcefe3dc","local_time":"20190327193211","is_ascension_mode":true,"campfire_choices":[{"data":"Metallicize","floor":6,"key":"SMITH"},{"floor":8,"key":"RECALL"},{"data":"Thunderclap","floor":10,"key":"SMITH"},{"data":"Metallicize","floor":15,"key":"SMITH"},{"data":"Barricade","floor":23,"key":"SMITH"},{"floor":25,"key":"REST"},{"floor":32,"key":"REST"}],"neow_cost":"NONE","seed_source_timestamp":644031039488402,"circlet_count":0,"master_deck":["Strike_R","Strike_R+1","Strike_R","Strike_R","Defend_R","Defend_R","Defend_R","Defend_R","Bash+1","Thunderclap+1","Metallicize+1","Armaments","Iron Wave","Inflame","Metallicize+1","Barricade+1","Pommel Strike","Writhe","Juggernaut","Anger+1","Twin Strike+1"],"relics":["Burning Blood","NeowsBlessing","Boot","Vajra","Ornamental Fan","Runic Dome","TheAbacus","Potion Belt","PreservedInsect","Pen Nib","Orichalcum","Meat on the Bone","Busted Crown","Molten Egg 2"],"potions_floor_usage":[13,13,14,20,29,29,29,30,33],"damage_taken":[{"damage":0,"enemies":"Cultist","floor":1,"turns":1},{"damage":0,"enemies":"Jaw Worm","floor":2,"turns":1},{"damage":0,"enemies":"2 Louse","floor":5,"turns":1},{"damage":21,"enemies":"Lagavulin","floor":7,"turns":10},{"damage":13,"enemies":"3 Sentries","floor":13,"turns":7},{"damage":0,"enemies":"Large Slime","floor":14,"turns":7},{"damage":20,"enemies":"Slime Boss","floor":16,"turns":10},{"damage":27,"enemies":"3 Byrds","floor":18,"turns":7},{"damage":12,"enemies":"Shell Parasite","floor":20,"turns":8},{"damage":14,"enemies":"Shelled Parasite and Fungi","floor":22,"turns":6},{"damage":47,"enemies":"Slavers","floor":24,"turns":8},{"damage":21,"enemies":"Gremlin Leader","floor":27,"turns":11},{"damage":16,"enemies":"3 Cultists","floor":29,"turns":6},{"damage":18,"enemies":"Slavers","floor":30,"turns":4},{"damage":9,"enemies":"Champ","floor":33,"turns":10},{"damage":29,"enemies":"3 Darklings","floor":35,"turns":5},{"damage":18,"enemies":"Orb Walker","floor":36,"turns":4},{"damage":5,"enemies":"Spire Growth","floor":38,"turns":5},{"damage":30,"enemies":"3 Darklings","floor":39,"turns":6},{"damage":56,"enemies":"Nemesis","floor":40,"turns":5}],"seed_played":"-1665236227904942641","potions_obtained":[{"floor":2,"key":"Poison Potion"},{"floor":5,"key":"SteroidPotion"},{"floor":13,"key":"Regen Potion"},{"floor":16,"key":"Regen Potion"},{"floor":20,"key":"SpeedPotion"},{"floor":22,"key":"Dexterity Potion"},{"floor":28,"key":"Poison Potion"},{"floor":28,"key":"Regen Potion"},{"floor":28,"key":"Strength Potion"},{"floor":29,"key":"Energy Potion"},{"floor":35,"key":"SteroidPotion"},{"floor":39,"key":"Explosive Potion"}],"is_trial":false,"path_per_floor":["M","?","$","?","?","?","?","M","M"],"character_chosen":"IRONCLAD","items_purchased":["Metallicize","Armaments","TheAbacus","Molten Egg 2"],"campfire_rested":2,"item_purchase_floors":[4,4,19,37],"current_hp_per_floor":[80,80,72,72,78,78,63,63,63,63,56,40,33,54,54,40,80,59,59,68,68,60,60,19,43,43,28,28,33,21,21,45,54,80,57,57,57,58,46,0],"gold":46,"neow_bonus":"THREE_ENEMY_KILL","is_prod":false,"is_daily":false,"chose_seed":false,"campfire_upgraded":4,"win_rate":0,"timestamp":1553711531,"path_taken":["M","?","?","?","M","R","E","R","T","R","?","?","E","M","R","BOSS","M","$","M","?","M","R","E","R","T","E","?","M","E","$","R","BOSS","M","?","$","M","?","E"],"build_version":"2019-01-23","purchased_purges":1,"victory":false,"max_hp_per_floor":[80,80,80,80,80,80,80,80,80,80,80,80,80,80,80,80,80,80,80,80,80,80,80,80,80,80,80,80,80,80,80,80,80,80,80,80,80,80,80,80],"card_choices":[{"not_picked":["Clothesline","Headbutt","Sword Boomerang"],"picked":"SKIP","floor":1},{"not_picked":["Sentinel","Clash"],"picked":"Thunderclap","floor":2},{"not_picked":["True Grit","Heavy Blade"],"picked":"Iron Wave","floor":5},{"not_picked":["Perfected Strike","Wild Strike"],"picked":"Inflame","floor":7},{"not_picked":["Clash","Evolve"],"picked":"Metallicize","floor":13},{"not_picked":["Combust","Clothesline","Corruption"],"picked":"SKIP","floor":14},{"not_picked":["Impervious","Feed"],"picked":"Barricade","floor":16},{"not_picked":["Havoc","Dropkick","Heavy Blade"],"picked":"SKIP","floor":18},{"not_picked":["Armaments","Hemokinesis+1"],"picked":"Pommel Strike","floor":20},{"not_picked":["Dropkick","Heavy Blade","True Grit"],"picked":"SKIP","floor":22},{"not_picked":["Barricade","Heavy Blade","Corruption"],"picked":"SKIP","floor":24},{"not_picked":["Iron Wave","Cleave"],"picked":"Juggernaut","floor":27},{"not_picked":["Havoc+1","Second Wind+1","Rampage"],"picked":"SKIP","floor":29},{"not_picked":["Infernal Blade","Perfected Strike"],"picked":"Anger+1","floor":30},{"not_picked":["Inflame"],"picked":"SKIP","floor":35},{"not_picked":["Sword Boomerang+1"],"picked":"SKIP","floor":36},{"not_picked":[],"picked":"Twin Strike+1","floor":38},{"not_picked":["Havoc+1"],"picked":"SKIP","floor":39}],"player_experience":50634,"relics_obtained":[{"floor":7,"key":"Boot"},{"floor":13,"key":"Ornamental Fan"},{"floor":24,"key":"PreservedInsect"},{"floor":26,"key":"Pen Nib"},{"floor":27,"key":"Orichalcum"},{"floor":30,"key":"Meat on the Bone"}],"event_choices":[{"damage_healed":0,"gold_gain":75,"player_choice":"Touch","damage_taken":8,"max_hp_gain":0,"max_hp_loss":0,"event_name":"FaceTrader","floor":3,"gold_loss":0},{"damage_healed":0,"gold_gain":0,"player_choice":"Success","damage_taken":7,"relics_obtained":["Vajra"],"max_hp_gain":0,"max_hp_loss":0,"event_name":"Scrap Ooze","floor":11,"gold_loss":0},{"damage_healed":0,"gold_gain":0,"player_choice":"Entered Light","damage_taken":16,"max_hp_gain":0,"max_hp_loss":0,"event_name":"Shining Light","floor":12,"gold_loss":0,"cards_upgraded":["Strike_R","Bash"]},{"damage_healed":0,"gold_gain":0,"player_choice":"Opened","damage_taken":0,"relics_obtained":["Potion Belt"],"max_hp_gain":0,"max_hp_loss":0,"event_name":"The Mausoleum","floor":21,"gold_loss":0,"cards_obtained":["Writhe"]},{"damage_healed":0,"gold_gain":0,"player_choice":"Bought 3 Potions","damage_taken":0,"max_hp_gain":0,"max_hp_loss":0,"event_name":"The Woman in Blue","floor":28,"gold_loss":0}],"is_beta":false,"boss_relics":[{"not_picked":["Tiny House","Runic Cube"],"picked":"Runic Dome"},{"not_picked":["Black Blood","Cursed Key"],"picked":"Busted Crown"}],"items_purged_floors":[19],"is_endless":false,"potions_floor_spawned":[2,5,13,16,20,22,29,35,39],"killed_by":"Nemesis","ascension_level":1}