{"gold_per_floor":[109,34,50,50,67,67,79,96,96,96,125,135,94,125,125,204,254,271,20,40,40,40],"floor_reached":22,"playtime":3143,"items_purged":[],"score":392,"play_id":"5a2d9837-f3e2-48f8-98af-4ec1b0c604e4","local_time":"20190414040420","is_ascension_mode":true,"campfire_choices":[{"data":"Neutralize","floor":6,"key":"SMITH"},{"floor":10,"key":"REST"},{"floor":15,"key":"REST"}],"neow_cost":"NONE","seed_source_timestamp":166151576352667,"circlet_count":0,"master_deck":["AscendersBane","Defend_G","Defend_G","Defend_G","Defend_G","Defend_G","Strike_G","Strike_G","Strike_G","Strike_G","Survivor","Neutralize+1","Purity","Blur","PiercingWail","Bouncing Flask","Predator","Dash+1","Well Laid Plans","Noxious Fumes","Leg Sweep","Burst","Heel Hook","Caltrops+1"],"relics":["Ring of the Snake","Potion Belt","Art of War","Frozen Egg 2","Tiny House","Lantern"],"potions_floor_usage":[11,14],"damage_taken":[{"damage":6,"enemies":"Cultist","floor":1,"turns":5},{"damage":6,"enemies":"Small Slimes","floor":3,"turns":5},{"damage":11,"enemies":"Jaw Worm","floor":5,"turns":9},{"damage":6,"enemies":"Looter","floor":7,"turns":4},{"damage":8,"enemies":"Exordium Thugs","floor":8,"turns":5},{"damage":14,"enemies":"Gremlin Nob","floor":11,"turns":4},{"damage":0,"enemies":"Large Slime","floor":12,"turns":6},{"damage":33,"enemies":"Lagavulin","floor":14,"turns":7},{"damage":13,"enemies":"The Guardian","floor":16,"turns":10},{"damage":23,"enemies":"3 Byrds","floor":18,"turns":6},{"damage":13,"enemies":"Shell Parasite","floor":20,"turns":7},{"damage":33,"enemies":"Shelled Parasite and Fungi","floor":22,"turns":4}],"seed_played":"-1380599586276305194","potions_obtained":[{"floor":3,"key":"AttackPotion"},{"floor":5,"key":"SpeedPotion"},{"floor":7,"key":"Poison Potion"},{"floor":16,"key":"PowerPotion"},{"floor":17,"key":"SmokeBomb"},{"floor":18,"key":"SteroidPotion"}],"is_trial":false,"path_per_floor":["M","?","M","?","M","R","M","M","T","R","E","M","?","E","R","B",null,"M","$","M","?","M"],"character_chosen":"THE_SILENT","items_purchased":["Caltrops+1","Lantern"],"campfire_rested":2,"item_purchase_floors":[19,19],"current_hp_per_floor":[53,53,47,52,41,41,35,27,27,48,34,34,34,1,22,9,61,38,38,25,25,0],"gold":40,"neow_bonus":"RANDOM_COLORLESS","is_prod":false,"is_daily":false,"chose_seed":false,"campfire_upgraded":1,"win_rate":0,"timestamp":1555207460,"path_taken":["M","?","M","?","M","R","M","M","T","R","E","M","?","E","R","BOSS","M","$","M","?","M"],"build_version":"2019-01-23","purchased_purges":0,"victory":false,"max_hp_per_floor":[66,66,66,71,71,71,71,71,71,71,71,71,71,71,71,71,76,76,76,76,76,76],"card_choices":[{"not_picked":["Flying Knee","Backstab"],"picked":"Blur","floor":1},{"not_picked":["Deflect","Sucker Punch"],"picked":"PiercingWail","floor":3},{"not_picked":["Heel Hook","Dagger Throw"],"picked":"Bouncing Flask","floor":5},{"not_picked":["Flying Knee","Outmaneuver"],"picked":"Predator","floor":7},{"not_picked":["Flying Knee","Night Terror"],"picked":"Dash","floor":8},{"not_picked":["Heel Hook","All Out Attack"],"picked":"Well Laid Plans","floor":11},{"not_picked":["Dodge and Roll","Concentrate"],"picked":"Noxious Fumes","floor":12},{"not_picked":["Dash","Dagger Spray"],"picked":"Leg Sweep","floor":14},{"not_picked":["Grand Finale","Night Terror"],"picked":"Burst","floor":16},{"not_picked":["Flying Knee","Poisoned Stab"],"picked":"Heel Hook","floor":18},{"not_picked":["Grand Finale","Dash+1","Underhanded Strike"],"picked":"SKIP","floor":20}],"player_experience":3097703,"relics_obtained":[{"floor":9,"key":"Potion Belt"},{"floor":11,"key":"Art of War"},{"floor":14,"key":"Frozen Egg 2"}],"event_choices":[{"cards_removed":["Strike_G"],"damage_healed":0,"gold_gain":0,"player_choice":"Card Removal","damage_taken":0,"max_hp_gain":0,"max_hp_loss":0,"event_name":"The Cleric","floor":2,"gold_loss":75},{"damage_healed":0,"gold_gain":0,"player_choice":"Donut","damage_taken":0,"max_hp_gain":5,"max_hp_loss":0,"event_name":"Big Fish","floor":4,"gold_loss":0},{"damage_healed":0,"gold_gain":0,"player_choice":"Left Gold","damage_taken":0,"max_hp_gain":0,"max_hp_loss":0,"event_name":"World of Goop","floor":13,"gold_loss":41}],"is_beta":false,"boss_relics":[{"not_picked":["Pandora\u0027s Box","Ring of the Serpent"],"picked":"Tiny House"}],"items_purged_floors":[],"is_endless":false,"potions_floor_spawned":[3,5,7,16,18],"killed_by":"Shelled Parasite and Fungi","ascension_level":20}