{"gold_per_floor":[116,3,3,15,15,43,43,43,43,77,90,90,90,101,101,203,203,215,231,12,12,28,60,60,76,76,175,192,202,202,219,219,324,324,338,338,356,374,393,393,419,419,442,23,39,56,56,70,70,70],"floor_reached":50,"playtime":3684,"items_purged":["Strike_B","Strike_B","Defend_B"],"score":635,"play_id":"557a97eb-59f0-4c4a-ad52-70ad37141528","local_time":"20190415063455","is_ascension_mode":true,"campfire_choices":[{"floor":7,"key":"REST"},{"data":"Double Energy","floor":13,"key":"SMITH"},{"floor":15,"key":"REST"},{"floor":24,"key":"REST"},{"floor":30,"key":"REST"},{"floor":32,"key":"REST"},{"floor":40,"key":"RECALL"},{"data":"Creative AI","floor":42,"key":"SMITH"},{"data":"Seek","floor":49,"key":"SMITH"}],"neow_cost":"NONE","seed_source_timestamp":89260198841153,"circlet_count":0,"master_deck":["Defend_B","Defend_B+1","Defend_B","Zap","Dualcast","Amplify","Ball Lightning","Defragment","Conserve Battery","Double Energy+1","Seek+1","Recycle","Creative AI+1","Chill","Capacitor","Hologram","Doom and Gloom","Ball Lightning+1","Leap","Stack","Compile Driver","BootSequence+1","Hologram+1","Hologram","Dramatic Entrance","Ball Lightning+1","Stack","Writhe"],"relics":["Cracked Core","Ice Cream","Gremlin Horn","Dead Branch","Bottled Tornado","Busted Crown","Girya","Pen Nib","Cables","Orrery","DataDisk","Strawberry"],"potions_floor_usage":[10,16,17,28,29,39,39,48,48,50],"damage_taken":[{"damage":0,"enemies":"2 Louse","floor":1,"turns":2},{"damage":6,"enemies":"Jaw Worm","floor":4,"turns":3},{"damage":32,"enemies":"Gremlin Nob","floor":6,"turns":4},{"damage":4,"enemies":"Lagavulin","floor":10,"turns":7},{"damage":0,"enemies":"Small Slimes","floor":11,"turns":2},{"damage":15,"enemies":"Exordium Thugs","floor":14,"turns":3},{"damage":0,"enemies":"Slime Boss","floor":16,"turns":7},{"damage":5,"enemies":"Spheric Guardian","floor":18,"turns":4},{"damage":14,"enemies":"Chosen","floor":19,"turns":5},{"damage":30,"enemies":"Shelled Parasite and Fungi","floor":22,"turns":7},{"damage":23,"enemies":"Book of Stabbing","floor":23,"turns":8},{"damage":6,"enemies":"Chosen and Byrds","floor":25,"turns":5},{"damage":6,"enemies":"Snecko","floor":28,"turns":4},{"damage":11,"enemies":"Shelled Parasite and Fungi","floor":29,"turns":4},{"damage":31,"enemies":"Snake Plant","floor":31,"turns":5},{"damage":31,"enemies":"Champ","floor":33,"turns":8},{"damage":11,"enemies":"3 Shapes","floor":35,"turns":4},{"damage":14,"enemies":"3 Darklings","floor":37,"turns":4},{"damage":0,"enemies":"Maw","floor":38,"turns":8},{"damage":32,"enemies":"Jaw Worm Horde","floor":39,"turns":4},{"damage":0,"enemies":"Reptomancer","floor":41,"turns":6},{"damage":3,"enemies":"Spire Growth","floor":45,"turns":2},{"damage":1,"enemies":"Maw","floor":46,"turns":6},{"damage":6,"enemies":"Jaw Worm Horde","floor":48,"turns":3},{"damage":71,"enemies":"Time Eater","floor":50,"turns":6}],"seed_played":"8952072860404354405","potions_obtained":[{"floor":6,"key":"EssenceOfSteel"},{"floor":14,"key":"EssenceOfSteel"},{"floor":16,"key":"Fruit Juice"},{"floor":23,"key":"Weak Potion"},{"floor":28,"key":"PowerPotion"},{"floor":33,"key":"LiquidBronze"},{"floor":38,"key":"Regen Potion"},{"floor":39,"key":"Fire Potion"},{"floor":45,"key":"Explosive Potion"},{"floor":46,"key":"GamblersBrew"}],"is_trial":false,"path_per_floor":["?","?","T","M","?","?","?","M","?","M","?"],"character_chosen":"DEFECT","items_purchased":["Defragment","Capacitor","Hologram","Hologram","Dramatic Entrance","Strawberry"],"campfire_rested":5,"item_purchase_floors":[2,20,20,44,44,44],"current_hp_per_floor":[75,75,75,69,54,22,44,44,44,40,40,45,45,30,54,54,85,80,66,66,66,36,13,38,32,32,32,26,15,40,9,34,3,85,74,74,60,60,40,40,40,40,40,47,44,43,66,60,60,0],"gold":70,"neow_bonus":"ONE_RANDOM_RARE_CARD","is_prod":false,"is_daily":false,"chose_seed":false,"campfire_upgraded":3,"win_rate":0,"timestamp":1555302895,"path_taken":["M","$","?","M","?","E","R","?","T","E","?","?","R","M","R","BOSS","M","M","$","?","M","E","R","M","T","?","M","?","R","M","R","BOSS","M","?","?","M","M","R","E","R","T","$","M","M","?","M","R","BOSS"],"build_version":"2019-01-23","purchased_purges":3,"victory":false,"max_hp_per_floor":[75,75,75,75,75,75,75,75,75,75,75,80,80,80,80,80,85,85,85,85,85,85,85,85,85,85,85,85,85,85,85,85,85,85,85,85,85,85,85,85,85,85,85,92,92,92,92,92,92,92],"card_choices":[{"not_picked":["Sweeping Beam","Leap"],"picked":"Ball Lightning","floor":1},{"not_picked":["Sweeping Beam","Sunder"],"picked":"Conserve Battery","floor":4},{"not_picked":["Steam","Leap"],"picked":"Double Energy","floor":6},{"not_picked":["Coolheaded","Amplify"],"picked":"Seek","floor":10},{"not_picked":["Turbo","Cold Snap"],"picked":"Recycle","floor":11},{"not_picked":["Force Field","Lockon","Stack"],"picked":"SKIP","floor":14},{"not_picked":["Buffer","All For One"],"picked":"Creative AI","floor":16},{"not_picked":["Barrage+1"],"picked":"SKIP","floor":18},{"not_picked":[],"picked":"Chill","floor":19},{"not_picked":["Loop+1"],"picked":"SKIP","floor":22},{"not_picked":[],"picked":"Doom and Gloom","floor":23},{"not_picked":["Sweeping Beam"],"picked":"SKIP","floor":25},{"not_picked":[],"picked":"Ball Lightning+1","floor":28},{"not_picked":[],"picked":"Leap","floor":29},{"not_picked":["Defragment"],"picked":"SKIP","floor":31},{"not_picked":[],"picked":"Stack","floor":34},{"not_picked":["Sunder"],"picked":"SKIP","floor":35},{"not_picked":[],"picked":"BootSequence+1","floor":37},{"not_picked":["Rebound"],"picked":"SKIP","floor":38},{"not_picked":[],"picked":"Hologram+1","floor":39},{"not_picked":["Compile Driver+1"],"picked":"SKIP","floor":41},{"not_picked":[],"picked":"Ball Lightning+1","floor":45},{"not_picked":[],"picked":"Stack","floor":46},{"not_picked":["Compile Driver"],"picked":"SKIP","floor":48}],"player_experience":71832,"relics_obtained":[{"floor":6,"key":"Ice Cream"},{"floor":8,"key":"Gremlin Horn"},{"floor":9,"key":"Dead Branch"},{"floor":10,"key":"Bottled Tornado"},{"floor":23,"key":"Pen Nib"},{"floor":26,"key":"Cables"},{"floor":41,"key":"DataDisk"}],"event_choices":[{"cards_removed":["Strike_B"],"damage_healed":0,"gold_gain":0,"player_choice":"Forget","damage_taken":0,"max_hp_gain":0,"max_hp_loss":0,"event_name":"Living Wall","floor":3,"gold_loss":0},{"damage_healed":0,"gold_gain":0,"player_choice":"Entered Light","damage_taken":15,"max_hp_gain":0,"max_hp_loss":0,"event_name":"Shining Light","floor":5,"gold_loss":0,"cards_upgraded":["Defend_B","Strike_B"]},{"damage_healed":0,"gold_gain":0,"player_choice":"Donut","damage_taken":0,"max_hp_gain":5,"max_hp_loss":0,"event_name":"Big Fish","floor":12,"gold_loss":0},{"damage_healed":0,"gold_gain":0,"player_choice":"Opened","damage_taken":0,"relics_obtained":["Girya"],"max_hp_gain":0,"max_hp_loss":0,"event_name":"The Mausoleum","floor":21,"gold_loss":0},{"damage_healed":0,"gold_gain":99,"player_choice":"Stole From Cult","damage_taken":0,"max_hp_gain":0,"max_hp_loss":0,"event_name":"Nest","floor":27,"gold_loss":0},{"damage_healed":0,"gold_gain":0,"cards_transformed":["Strike_B"],"player_choice":"Transformed","damage_taken":0,"max_hp_gain":0,"max_hp_loss":0,"event_name":"Transmorgrifier","floor":36,"gold_loss":0,"cards_obtained":["Compile Driver"]},{"damage_healed":23,"gold_gain":0,"player_choice":"Writhe","damage_taken":0,"max_hp_gain":0,"max_hp_loss":0,"event_name":"Winding Halls","floor":47,"gold_loss":0,"cards_obtained":["Writhe"]}],"is_beta":false,"boss_relics":[{"not_picked":["Runic Dome","Tiny House"],"picked":"Busted Crown"},{"not_picked":["Snecko Eye","Coffee Dripper"],"picked":"Orrery"}],"items_purged_floors":[2,20,44],"is_endless":false,"potions_floor_spawned":[6,14,16,23,28,33,38,39,45,46],"killed_by":"Time Eater","ascension_level":1}