{"path_per_floor":["M","M","M","$","M","E","$","R","T","R","M","R","?","M","R","B",null,"M","?","M","M","$","R","E","R","T","R","M","M","M","?","R","B",null,"M","$","M","?","?","R"],"character_chosen":"IRONCLAD","items_purchased":["Cleave","Rupture","Regen Potion"],"gold_per_floor":[117,130,144,16,31,59,59,59,59,59,75,75,75,93,93,190,190,204,204,220,239,69,69,103,103,103,103,122,133,150,150,150,251,251,267,91,104,104,104,104,104],"floor_reached":41,"campfire_rested":4,"playtime":2640,"current_hp_per_floor":[80,78,78,78,64,43,43,43,43,43,45,45,45,51,51,35,80,63,63,46,13,13,37,14,38,38,38,21,8,14,40,64,41,80,21,21,19,19,19,43,0],"items_purged":["Strike_R","Strike_R","Strike_R"],"gold":104,"score":413,"play_id":"4f885295-a5bf-4104-af17-d126ce15e514","local_time":"20180409000002","is_prod":false,"is_daily":false,"is_ascension_mode":false,"campfire_upgraded":5,"timestamp":1523246402,"path_taken":["M","M","M","$","M","E","$","R","T","R","M","R","?","M","R","BOSS","M","?","M","M","$","R","E","R","T","R","M","M","M","?","R","BOSS","M","$","M","?","?","R","M"],"build_version":"2018-04-05v2","purchased_purges":3,"victory":false,"master_deck":["Strike_R","Strike_R","Defend_R","Defend_R","Defend_R","Defend_R","Bash","Rupture+1","Flex+1","Clothesline+1","Power Through","Cleave","Power Through","Anger","Fire Breathing+1","Demon Form","Heavy Blade+1","Combust","Battle Trance+1","Rupture","Infernal Blade","Rupture","Double Tap","Flex","Enlightenment"],"max_hp_per_floor":[80,80,80,80,80,80,80,80,80,80,80,80,80,80,80,80,80,80,80,80,80,80,80,80,80,80,80,80,80,80,80,80,80,80,80,80,80,80,80,80,80],"relics":["Black Blood","Juzu Bracelet","Question Card","Velvet Choker","Orichalcum","Red Skull"],"card_choices":[{"not_picked":["True Grit","Twin Strike"],"picked":"Rupture","floor":0},{"not_picked":["Sword Boomerang","Heavy Blade"],"picked":"Flex","floor":1},{"not_picked":["Perfected Strike","Headbutt"],"picked":"Clothesline","floor":2},{"not_picked":["Headbutt","Searing Blow"],"picked":"Power Through","floor":3},{"not_picked":["Sword Boomerang","Fire Breathing"],"picked":"Power Through","floor":5},{"not_picked":["Ghostly Armor","Intimidate","Armaments"],"picked":"Anger","floor":11},{"not_picked":["Clothesline","True Grit","Sever Soul"],"picked":"Fire Breathing","floor":14},{"not_picked":["Offering","Barricade","Impervious"],"picked":"Demon Form","floor":16},{"not_picked":["Clothesline","Sword Boomerang","Shockwave"],"picked":"Heavy Blade","floor":18},{"not_picked":["Second Wind","Uppercut","Searing Blow"],"picked":"Combust","floor":20},{"not_picked":["Twin Strike","Dropkick","Cleave"],"picked":"Battle Trance","floor":21},{"not_picked":["Pommel Strike","Cleave","Warcry"],"picked":"Infernal Blade","floor":28},{"not_picked":["True Grit","Sword Boomerang","Armaments"],"picked":"Rupture","floor":30},{"not_picked":["Limit Break","Offering","Juggernaut"],"picked":"Double Tap","floor":33},{"not_picked":["Shrug It Off","Sever Soul","Clash"],"picked":"Flex","floor":37},{"not_picked":["Bandage Up","Panache","Deep Breath"],"picked":"Enlightenment","floor":39}],"player_experience":34731,"potions_floor_usage":[6,14,16,24,24,24,28,29,33,37],"damage_taken":[{"damage":0,"enemies":"Small Slimes","floor":1,"turns":3},{"damage":8,"enemies":"2 Louse","floor":2,"turns":4},{"damage":6,"enemies":"Jaw Worm","floor":3,"turns":3},{"damage":20,"enemies":"3 Louse","floor":5,"turns":3},{"damage":27,"enemies":"Lagavulin","floor":6,"turns":9},{"damage":4,"enemies":"Looter","floor":11,"turns":4},{"damage":0,"enemies":"Large Slime","floor":14,"turns":4},{"damage":22,"enemies":"Slime Boss","floor":16,"turns":9},{"damage":23,"enemies":"Spheric Guardian","floor":18,"turns":5},{"damage":23,"enemies":"2 Thieves","floor":20,"turns":5},{"damage":39,"enemies":"Snake Plant","floor":21,"turns":5},{"damage":29,"enemies":"Book of Stabbing","floor":24,"turns":6},{"damage":23,"enemies":"Sentry and Sphere","floor":28,"turns":4},{"damage":19,"enemies":"Cultist and Chosen","floor":29,"turns":5},{"damage":0,"enemies":"Snecko","floor":30,"turns":2},{"damage":29,"enemies":"Champ","floor":33,"turns":7},{"damage":69,"enemies":"Orb Walker","floor":35,"turns":7},{"damage":15,"enemies":"3 Shapes","floor":37,"turns":5},{"damage":43,"enemies":"3 Darklings","floor":41,"turns":4}],"event_choices":[{"event_name":"Liars Game","player_choice":"disagreed","floor":13,"damage_taken":0},{"event_name":"Drug Dealer","player_choice":"Ignored","floor":19,"damage_taken":0},{"event_name":"The Library","player_choice":"Heal","floor":31,"damage_taken":0},{"event_name":"Accursed Blacksmith","player_choice":"Ignore","floor":38,"damage_taken":0},{"event_name":"SensoryStone","player_choice":"Memory 1","floor":39,"damage_taken":0}],"boss_relics":[{"not_picked":["Mark of Pain","Snecko Eye"],"picked":"Velvet Choker"},{"not_picked":["White Beast Statue","Black Star"],"picked":"Black Blood"}],"potions_floor_spawned":[2,6,14,16,20,21,24,28,30,37],"seed_played":"-7712522053178776661","killed_by":"3 Darklings","ascension_level":0,"is_trial":false}