{"gold_per_floor":[111,61,72,88,88,122,122,150,174,174,185,195,195,222,222,324,324,344,229,229,129,129,129,159,170,197,197,217,7,25,25],"floor_reached":31,"playtime":1167,"items_purged":["Strike_G","Strike_G"],"score":341,"play_id":"65484df3-2f3e-4f37-99c9-f7f600eff6e8","local_time":"20190426182432","is_ascension_mode":true,"campfire_choices":[{"data":"Adrenaline","floor":7,"key":"SMITH"},{"floor":10,"key":"REST"},{"data":"Terror","floor":15,"key":"SMITH"},{"data":"Predator","floor":23,"key":"SMITH"}],"neow_cost":"NONE","seed_source_timestamp":28109922853673,"circlet_count":0,"master_deck":["Defend_G","Defend_G","Defend_G+1","Defend_G+1","Strike_G","Strike_G","Strike_G","Survivor","Neutralize","Adrenaline+1","Blur+1","Dagger Spray+1","Deflect","Terror+1","Predator+1","Footwork+1","Caltrops","Masterful Stab","Underhanded Strike","Footwork","Phantasmal Killer","Crippling Poison"],"relics":["Ring of the Snake","Strawberry","Pen Nib","Ancient Tea Set","Vajra","Snecko Eye","Shuriken","Bronze Scales","War Paint"],"potions_floor_usage":[6,8,16,31],"damage_taken":[{"damage":0,"enemies":"Small Slimes","floor":1,"turns":4},{"damage":0,"enemies":"Jaw Worm","floor":3,"turns":8},{"damage":1,"enemies":"2 Louse","floor":4,"turns":3},{"damage":14,"enemies":"3 Sentries","floor":6,"turns":8},{"damage":29,"enemies":"Gremlin Nob","floor":8,"turns":6},{"damage":4,"enemies":"Exordium Thugs","floor":11,"turns":5},{"damage":0,"enemies":"Exordium Wildlife","floor":12,"turns":3},{"damage":12,"enemies":"3 Sentries","floor":14,"turns":8},{"damage":14,"enemies":"The Guardian","floor":16,"turns":10},{"damage":1,"enemies":"Spheric Guardian","floor":18,"turns":3},{"damage":23,"enemies":"Book of Stabbing","floor":24,"turns":6},{"damage":0,"enemies":"Shell Parasite","floor":25,"turns":3},{"damage":15,"enemies":"Chosen and Byrds","floor":28,"turns":6},{"damage":20,"enemies":"3 Cultists","floor":30,"turns":4},{"damage":13,"enemies":"Slavers","floor":31,"turns":1}],"seed_played":"-1982277469266917506","potions_obtained":[{"floor":4,"key":"Poison Potion"},{"floor":6,"key":"Block Potion"},{"floor":8,"key":"Swift Potion"},{"floor":11,"key":"SkillPotion"},{"floor":12,"key":"GamblersBrew"},{"floor":18,"key":"GamblersBrew"}],"is_trial":false,"path_per_floor":["?","?","?","?","?","?"],"character_chosen":"THE_SILENT","items_purchased":["Caltrops","Phantasmal Killer","Crippling Poison"],"campfire_rested":1,"item_purchase_floors":[19,29,29],"current_hp_per_floor":[70,70,70,69,55,48,48,19,19,42,38,38,63,51,51,37,67,66,66,66,66,66,66,43,43,43,43,28,28,8,0],"gold":25,"neow_bonus":"ONE_RANDOM_RARE_CARD","is_prod":false,"is_daily":false,"chose_seed":false,"campfire_upgraded":3,"win_rate":0,"timestamp":1556295872,"path_taken":["M","?","M","M","?","E","R","E","T","R","M","M","?","E","R","BOSS","M","$","?","$","?","R","E","M","T","?","M","$","M","E"],"build_version":"2019-01-23","purchased_purges":2,"victory":false,"max_hp_per_floor":[70,70,70,70,70,77,77,77,77,77,77,77,77,77,77,77,77,77,77,77,77,77,77,77,77,77,77,77,77,77,77],"card_choices":[{"not_picked":["Sucker Punch","Endless Agony"],"picked":"Blur","floor":1},{"not_picked":["Escape Plan","Choke","Riddle With Holes"],"picked":"SKIP","floor":3},{"not_picked":["Blade Dance","Escape Plan"],"picked":"Dagger Spray","floor":4},{"not_picked":["Bane","Underhanded Strike","Sucker Punch"],"picked":"SKIP","floor":6},{"not_picked":["Acrobatics","Outmaneuver"],"picked":"Deflect","floor":8},{"not_picked":["Blade Dance","Sucker Punch"],"picked":"Terror","floor":11},{"not_picked":["Underhanded Strike","Choke"],"picked":"Slice","floor":12},{"not_picked":["Expertise","Finisher"],"picked":"Predator","floor":14},{"not_picked":["Slice","Cloak And Dagger"],"picked":"Footwork+1","floor":18},{"not_picked":["Sucker Punch","Tools of the Trade"],"picked":"Masterful Stab","floor":24},{"not_picked":["Backflip","All Out Attack"],"picked":"Underhanded Strike","floor":25},{"not_picked":["Slice+1","Tactician","Prepared+1"],"picked":"SKIP","floor":28},{"not_picked":["Dagger Spray","Bane","Blade Dance"],"picked":"SKIP","floor":30}],"player_experience":162926,"relics_obtained":[{"floor":6,"key":"Strawberry"},{"floor":8,"key":"Pen Nib"},{"floor":9,"key":"Ancient Tea Set"},{"floor":14,"key":"Vajra"},{"floor":24,"key":"Bronze Scales"},{"floor":26,"key":"War Paint"}],"event_choices":[{"cards_removed":["Defend_G"],"damage_healed":0,"gold_gain":0,"player_choice":"Card Removal","damage_taken":0,"max_hp_gain":0,"max_hp_loss":0,"event_name":"The Cleric","floor":2,"gold_loss":50},{"damage_healed":0,"gold_gain":0,"player_choice":"Entered Light","damage_taken":14,"max_hp_gain":0,"max_hp_loss":0,"event_name":"Shining Light","floor":5,"gold_loss":0,"cards_upgraded":["Blur","Dagger Spray"]},{"damage_healed":25,"gold_gain":0,"player_choice":"Banana","damage_taken":0,"max_hp_gain":0,"max_hp_loss":0,"event_name":"Big Fish","floor":13,"gold_loss":0},{"damage_healed":0,"gold_gain":0,"player_choice":"Opened","damage_taken":0,"relics_obtained":["Shuriken"],"max_hp_gain":0,"max_hp_loss":0,"event_name":"The Mausoleum","floor":20,"gold_loss":0},{"damage_healed":0,"gold_gain":0,"player_choice":"Ignored","damage_taken":0,"max_hp_gain":0,"max_hp_loss":0,"event_name":"Vampires","floor":22,"gold_loss":0},{"damage_healed":0,"gold_gain":0,"cards_transformed":["Slice"],"player_choice":"Transformed","damage_taken":0,"max_hp_gain":0,"max_hp_loss":0,"event_name":"Transmorgrifier","floor":27,"gold_loss":0,"cards_obtained":["Footwork"]}],"is_beta":false,"boss_relics":[{"not_picked":["Calling Bell","Lizard Tail"],"picked":"Snecko Eye"}],"items_purged_floors":[19,21],"is_endless":false,"potions_floor_spawned":[4,6,8,11,12,18,30],"killed_by":"Slavers","ascension_level":5}