{"gold_per_floor":[114,12,31,48,20,20,52,52,79,79,92,92,92,112,112,112],"floor_reached":16,"playtime":1067,"items_purged":[],"score":196,"play_id":"2ce08e1d-4380-4ae2-a2ad-8b09d432a43f","local_time":"20190406010528","is_ascension_mode":true,"campfire_choices":[{"data":"Noxious Fumes","floor":6,"key":"SMITH"},{"data":"Footwork","floor":8,"key":"SMITH"},{"floor":10,"key":"REST"},{"data":"Dodge and Roll","floor":13,"key":"SMITH"},{"data":"Dagger Spray","floor":15,"key":"SMITH"}],"neow_cost":"NONE","seed_source_timestamp":789345346769403,"circlet_count":0,"master_deck":["AscendersBane","Defend_G","Defend_G","Defend_G","Defend_G","Defend_G","Strike_G","Strike_G","Strike_G","Strike_G","Strike_G","Survivor","Neutralize+1","Footwork+1","Swift Strike","Noxious Fumes+1","Dagger Spray+1","Backflip","Dagger Throw","Dodge and Roll+1","Backflip"],"relics":["Ring of the Snake","NeowsBlessing","Ancient Tea Set","Smiling Mask","Odd Mushroom"],"potions_floor_usage":[7,16,16,16,16],"damage_taken":[{"damage":0,"enemies":"Cultist","floor":1,"turns":1},{"damage":0,"enemies":"Small Slimes","floor":3,"turns":1},{"damage":0,"enemies":"2 Louse","floor":4,"turns":1},{"damage":45,"enemies":"Gremlin Nob","floor":7,"turns":5},{"damage":4,"enemies":"Blue Slaver","floor":11,"turns":3},{"damage":0,"enemies":"The Mushroom Lair","floor":14,"turns":4},{"damage":31,"enemies":"Slime Boss","floor":16,"turns":11}],"seed_played":"-1990450272572505006","potions_obtained":[{"floor":3,"key":"Poison Potion"},{"floor":7,"key":"EntropicBrew"},{"floor":11,"key":"Weak Potion"}],"is_trial":false,"path_per_floor":["M","$","M","M","$","R","E","R","T","R","M","?","R","?","R","B"],"character_chosen":"THE_SILENT","items_purchased":["Swift Strike","Backflip"],"campfire_rested":1,"item_purchase_floors":[2,5],"current_hp_per_floor":[59,59,59,59,59,59,14,14,14,33,29,29,29,29,29,0],"gold":112,"neow_bonus":"THREE_ENEMY_KILL","is_prod":false,"is_daily":false,"chose_seed":false,"campfire_upgraded":4,"win_rate":0,"timestamp":1554505528,"path_taken":["M","$","M","M","?","R","E","R","T","R","M","?","R","?","R","BOSS"],"build_version":"2019-01-23","purchased_purges":0,"victory":false,"max_hp_per_floor":[66,66,66,66,66,66,66,66,66,66,66,66,66,66,66,66],"card_choices":[{"not_picked":["PiercingWail","Quick Slash"],"picked":"Footwork","floor":1},{"not_picked":["Flechettes","Sucker Punch"],"picked":"Noxious Fumes","floor":3},{"not_picked":["Outmaneuver","Crippling Poison"],"picked":"Dagger Spray","floor":4},{"not_picked":["Acrobatics","Tactician"],"picked":"Dagger Throw","floor":7},{"not_picked":["Flying Knee","Poisoned Stab"],"picked":"Dodge and Roll","floor":11},{"not_picked":["Bane","Outmaneuver"],"picked":"Backflip","floor":14}],"player_experience":3023726,"relics_obtained":[{"floor":7,"key":"Ancient Tea Set"},{"floor":9,"key":"Smiling Mask"},{"floor":14,"key":"Odd Mushroom"}],"event_choices":[{"damage_healed":0,"gold_gain":0,"player_choice":"Grow","damage_taken":0,"max_hp_gain":0,"max_hp_loss":0,"event_name":"Living Wall","floor":12,"gold_loss":0,"cards_upgraded":["Neutralize"]},{"damage_healed":0,"gold_gain":0,"player_choice":"Fought Mushrooms","damage_taken":0,"max_hp_gain":0,"max_hp_loss":0,"event_name":"Mushrooms","floor":14,"gold_loss":0}],"is_beta":false,"boss_relics":[],"items_purged_floors":[],"is_endless":false,"potions_floor_spawned":[3,7,11,14],"killed_by":"Slime Boss","ascension_level":20}