{"gold_per_floor":[111,127,138,152,152,152,190,223,223,263,263,284,299,323,323,453,453,466,591,611,611,611,649,649,418,418,50,89,89,89,102,102,233,233,253,253,88,109,133,166,166,184,209,334,350,363,2,41,41,41],"floor_reached":51,"playtime":6388,"items_purged":["Defend_R","Strike_R","Injury"],"score":922,"play_id":"7b4d53b2-7057-4b48-b26a-73fbaa4a114f","local_time":"20190428220618","is_ascension_mode":true,"campfire_choices":[{"floor":6.0,"key":"RECALL"},{"data":"Inflame","floor":11.0,"key":"SMITH"},{"data":"Armaments","floor":15.0,"key":"SMITH"},{"data":"Demon Form","floor":29.0,"key":"SMITH"},{"data":"Bludgeon","floor":32.0,"key":"SMITH"},{"floor":41.0,"key":"REST"},{"floor":49,"key":"REST"}],"neow_cost":"NONE","seed_source_timestamp":0,"circlet_count":0,"master_deck":["Strike_R","Strike_R","Strike_R","Strike_R","Defend_R","Defend_R","Defend_R","Bash","Anger","Inflame+1","Clothesline","Bludgeon+1","Disarm","Rampage","Armaments+1","Anger","Cleave","Demon Form+1","Shrug It Off","Power Through","Metallicize","Feed","Shrug It Off","Rampage","Spot Weakness","Iron Wave+1","Inflame","Shrug It Off","Anger","Headbutt","Power Through+1","Warcry+1","Bloodletting+1","Dual Wield+1","Shrug It Off+1","Flex+1"],"special_seed":0,"relics":["Burning Blood","Happy Flower","Golden Idol","Thread and Needle","Odd Mushroom","Shuriken","Lizard Tail","Magic Flower","Pantograph","Blood Vial","MutagenicStrength","Bottled Flame","Lee\u0027s Waffle","Incense Burner","Pen Nib","Velvet Choker","Meat on the Bone","Vajra","Prayer Wheel","Bottled Tornado","Potion Belt"],"potions_floor_usage":[48,50,50],"damage_taken":[{"damage":2.0,"enemies":"2 Louse","floor":1.0,"turns":3.0},{"damage":7.0,"enemies":"Small Slimes","floor":2.0,"turns":4.0},{"damage":0.0,"enemies":"Cultist","floor":3.0,"turns":3.0},{"damage":5.0,"enemies":"Large Slime","floor":4.0,"turns":4.0},{"damage":16.0,"enemies":"3 Sentries","floor":7.0,"turns":7.0},{"damage":4.0,"enemies":"The Mushroom Lair","floor":8.0,"turns":4.0},{"damage":0.0,"enemies":"Gremlin Nob","floor":10.0,"turns":3.0},{"damage":1.0,"enemies":"Blue Slaver","floor":12.0,"turns":4.0},{"damage":0.0,"enemies":"2 Fungi Beasts","floor":13.0,"turns":2.0},{"damage":4.0,"enemies":"Red Slaver","floor":14.0,"turns":2.0},{"damage":0.0,"enemies":"Slime Boss","floor":16.0,"turns":5.0},{"damage":4.0,"enemies":"Shell Parasite","floor":18.0,"turns":7.0},{"damage":20.0,"enemies":"Colosseum Slavers","floor":19.0,"turns":6.0},{"damage":19.0,"enemies":"Colosseum Nobs","floor":19.0,"turns":5.0},{"damage":2.0,"enemies":"Chosen","floor":20.0,"turns":6.0},{"damage":32.0,"enemies":"Book of Stabbing","floor":23.0,"turns":7.0},{"damage":10.0,"enemies":"Slavers","floor":28.0,"turns":5.0},{"damage":13.0,"enemies":"3 Cultists","floor":31.0,"turns":7.0},{"damage":15.0,"enemies":"Champ","floor":33.0,"turns":9.0},{"damage":0.0,"enemies":"Orb Walker","floor":35.0,"turns":1.0},{"damage":2.0,"enemies":"3 Shapes","floor":38.0,"turns":2.0},{"damage":7.0,"enemies":"3 Darklings","floor":39.0,"turns":7.0},{"damage":74.0,"enemies":"Giant Head","floor":40.0,"turns":8.0},{"damage":18.0,"enemies":"Maw","floor":42.0,"turns":6.0},{"damage":0.0,"enemies":"Mind Bloom Boss Battle","floor":44.0,"turns":5.0},{"damage":24.0,"enemies":"4 Shapes","floor":45.0,"turns":3.0},{"damage":6.0,"enemies":"3 Darklings","floor":46.0,"turns":6.0},{"damage":68,"enemies":"Reptomancer","floor":48,"turns":5},{"damage":40,"enemies":"Donu and Deca","floor":50,"turns":10}],"seed_played":"-4704900006268197481","potions_obtained":[{"floor":2.0,"key":"Energy Potion"},{"floor":3.0,"key":"LiquidBronze"},{"floor":8.0,"key":"EntropicBrew"},{"floor":10.0,"key":"PowerPotion"},{"floor":14.0,"key":"Explosive Potion"},{"floor":16.0,"key":"Fire Potion"},{"floor":18.0,"key":"SpeedPotion"},{"floor":23.0,"key":"Ancient Potion"},{"floor":31.0,"key":"BloodPotion"},{"floor":33.0,"key":"AttackPotion"},{"floor":38.0,"key":"Block Potion"},{"floor":40.0,"key":"PowerPotion"},{"floor":45.0,"key":"EssenceOfSteel"},{"floor":46.0,"key":"Fire Potion"}],"is_trial":false,"path_per_floor":["M","M","M","M","?","R","E","?","T","E","R","M","M","M","R","B",null,"M","?","M","?","?","E","?","$","T","$","E","R","T","M","R","B",null,"M","?","$","M","M","E","R","M","T","?","M","M","$","E","R","B",null],"character_chosen":"IRONCLAD","items_purchased":["Shrug It Off","Energy Potion","PowerPotion","Rampage","Lee\u0027s Waffle","Inflame","Bottled Tornado","Weak Potion","Swift Potion"],"campfire_rested":2,"item_purchase_floors":[25,25,25,27,27,37,47,47,47],"current_hp_per_floor":[80,79,80,80,80,80,70,72,72,78,78,80,80,80,80,80,80,80,53,60,60,60,37,37,37,37,87,86,86,86,83,83,81,87,87,87,87,87,87,22,48,60,60,87,77,83,83,45,72,64],"gold":41,"neow_bonus":"RANDOM_COMMON_RELIC","is_prod":false,"is_daily":false,"chose_seed":false,"campfire_upgraded":4,"win_rate":0,"timestamp":1556481978,"path_taken":["M","M","M","M","?","R","E","?","T","E","R","M","M","M","R","BOSS","M","?","M","?","?","E","?","$","T","$","E","R","?","M","R","BOSS","M","?","$","M","M","E","R","M","T","?","M","M","$","E","R","BOSS"],"build_version":"2019-01-23","purchased_purges":3,"victory":true,"max_hp_per_floor":[80,80,80,80,80,80,80,80,80,80,80,80,80,80,80,80,80,80,80,80,80,80,80,80,80,80,87,87,87,87,87,87,87,87,87,87,87,87,87,87,87,87,87,87,90,90,90,90,90,93],"card_choices":[{"not_picked":["Wild Strike","Ghostly Armor"],"picked":"Shrug It Off","floor":1.0},{"not_picked":["True Grit","Body Slam"],"picked":"Anger","floor":2.0},{"not_picked":["Shrug It Off","Sword Boomerang"],"picked":"Inflame","floor":3.0},{"not_picked":["Perfected Strike","Berserk"],"picked":"Clothesline","floor":4.0},{"not_picked":["Warcry","Thunderclap"],"picked":"Bludgeon","floor":7.0},{"not_picked":["Twin Strike","Whirlwind"],"picked":"Disarm","floor":8.0},{"not_picked":["Twin Strike","Body Slam"],"picked":"Rampage","floor":10.0},{"not_picked":["Disarm","Clash"],"picked":"Armaments","floor":12.0},{"not_picked":["Burning Pact","Clothesline"],"picked":"Anger","floor":13.0},{"not_picked":["True Grit","Fire Breathing"],"picked":"Cleave","floor":14.0},{"not_picked":["Barricade","Juggernaut"],"picked":"Demon Form","floor":16.0},{"not_picked":["Sentinel","Rupture","Uppercut"],"picked":"SKIP","floor":18.0},{"not_picked":["Twin Strike","Bloodletting"],"picked":"Shrug It Off","floor":19.0},{"not_picked":["Heavy Blade","Wild Strike"],"picked":"Power Through","floor":20.0},{"not_picked":["Sword Boomerang","Hemokinesis"],"picked":"Feed","floor":23.0},{"not_picked":["Armaments","Searing Blow+1","Iron Wave"],"picked":"SKIP","floor":28.0},{"not_picked":["Heavy Blade","Cleave"],"picked":"Spot Weakness","floor":31.0},{"not_picked":["Clothesline","Warcry"],"picked":"Iron Wave+1","floor":35.0},{"not_picked":["Feel No Pain+1","Evolve"],"picked":"Shrug It Off","floor":38.0},{"not_picked":["Hemokinesis","Clash","Thunderclap"],"picked":"SKIP","floor":39.0},{"not_picked":["Bludgeon","Sword Boomerang+1"],"picked":"Anger","floor":40.0},{"not_picked":["Clash+1","Rampage"],"picked":"Headbutt","floor":42.0},{"not_picked":["Spot Weakness","Disarm"],"picked":"Power Through+1","floor":44.0},{"not_picked":["Dark Embrace","Twin Strike+1"],"picked":"Warcry+1","floor":45.0},{"not_picked":["Feel No Pain","Cleave+1"],"picked":"Bloodletting+1","floor":45.0},{"not_picked":["Metallicize","Wild Strike"],"picked":"Dual Wield+1","floor":46.0},{"not_picked":["Evolve+1","Clash"],"picked":"Shrug It Off+1","floor":46.0},{"not_picked":["Body Slam","Whirlwind"],"picked":"Flex+1","floor":48}],"player_experience":202190,"relics_obtained":[{"floor":7.0,"key":"Thread and Needle"},{"floor":8.0,"key":"Odd Mushroom"},{"floor":10.0,"key":"Shuriken"},{"floor":19.0,"key":"Magic Flower"},{"floor":19.0,"key":"Pantograph"},{"floor":23.0,"key":"Blood Vial"},{"floor":26.0,"key":"Bottled Flame"},{"floor":28.0,"key":"Incense Burner"},{"floor":30.0,"key":"Pen Nib"},{"floor":40.0,"key":"Meat on the Bone"},{"floor":43.0,"key":"Vajra"},{"floor":44.0,"key":"Prayer Wheel"},{"floor":48,"key":"Potion Belt"}],"event_choices":[{"damage_healed":0.0,"max_hp_gain":0.0,"max_hp_loss":0.0,"gold_gain":0.0,"event_name":"Golden Idol","player_choice":"Take Wound","floor":5.0,"gold_loss":0.0,"damage_taken":0.0,"relics_obtained":["Golden Idol"],"cards_obtained":["Injury"]},{"damage_healed":0.0,"max_hp_gain":0.0,"max_hp_loss":0.0,"gold_gain":0.0,"event_name":"Mushrooms","player_choice":"Fought Mushrooms","floor":8.0,"gold_loss":0.0,"damage_taken":0.0},{"damage_healed":0.0,"max_hp_gain":0.0,"max_hp_loss":0.0,"gold_gain":0.0,"event_name":"Colosseum","player_choice":"Fight","floor":19.0,"gold_loss":0.0,"damage_taken":0.0},{"damage_healed":0.0,"max_hp_gain":0.0,"max_hp_loss":0.0,"gold_gain":0.0,"event_name":"Colosseum","player_choice":"Fought Nobs","floor":19.0,"gold_loss":0.0,"damage_taken":0.0},{"damage_healed":0.0,"max_hp_gain":0.0,"max_hp_loss":0.0,"gold_gain":0.0,"event_name":"The Library","player_choice":"Read","floor":21.0,"gold_loss":0.0,"damage_taken":0.0,"cards_obtained":["Metallicize"]},{"damage_healed":0.0,"max_hp_gain":0.0,"max_hp_loss":0.0,"gold_gain":0.0,"event_name":"Vampires","player_choice":"Ignored","floor":22.0,"gold_loss":0.0,"damage_taken":0.0},{"damage_healed":0.0,"max_hp_gain":0.0,"max_hp_loss":0.0,"gold_gain":0.0,"event_name":"Drug Dealer","player_choice":"Inject Mutagens","floor":24.0,"gold_loss":0.0,"damage_taken":0.0,"relics_obtained":["MutagenicStrength"]},{"cards_removed":["Shrug It Off"],"damage_healed":0.0,"max_hp_gain":0.0,"max_hp_loss":0.0,"gold_gain":0.0,"event_name":"Falling","player_choice":"Removed Skill","floor":36.0,"gold_loss":0.0,"damage_taken":0.0},{"damage_healed":0.0,"max_hp_gain":0.0,"max_hp_loss":0.0,"gold_gain":0.0,"event_name":"MindBloom","player_choice":"Fight","floor":44.0,"gold_loss":0.0,"damage_taken":0.0}],"is_beta":false,"boss_relics":[{"not_picked":["White Beast Statue","Cursed Key"],"picked":"Lizard Tail"},{"not_picked":["Busted Crown","Calling Bell"],"picked":"Velvet Choker"}],"items_purged_floors":[25,27,37],"is_endless":false,"potions_floor_spawned":[2,3,8,10,14,16,18,23,31,33,38,40,45,46],"ascension_level":1}