{"gold_per_floor":[19,19,35,35,55,55,72,72,72,72,99,99,131,56,56,161,161,172,192,242,170,170],"floor_reached":22,"playtime":720,"items_purged":["Strike_B"],"score":230,"play_id":"16579277-ad02-46c5-9467-6141b80db1fb","local_time":"20190423172302","is_ascension_mode":true,"campfire_choices":[{"data":"Redo","floor":6,"key":"SMITH"},{"data":"Zap","floor":8,"key":"SMITH"},{"data":"Ball Lightning","floor":10,"key":"SMITH"},{"floor":15,"key":"REST"}],"neow_cost":"NO_GOLD","seed_source_timestamp":822263353002468,"circlet_count":0,"master_deck":["Strike_B","Strike_B","Strike_B","Defend_B","Defend_B","Defend_B","Defend_B","Zap+1","Dualcast+1","Genetic Algorithm+1","Redo+1","Glacier","Ball Lightning+1","Sweeping Beam","Coolheaded","Reboot","Leap+1","Tempest"],"relics":["Cracked Core","Meat on the Bone","Thread and Needle","Mummified Hand","Snecko Eye"],"potions_floor_usage":[],"damage_taken":[{"damage":1,"enemies":"Small Slimes","floor":1,"turns":3},{"damage":8,"enemies":"Jaw Worm","floor":3,"turns":4},{"damage":3,"enemies":"2 Louse","floor":5,"turns":2},{"damage":21,"enemies":"Lots of Slimes","floor":7,"turns":5},{"damage":22,"enemies":"Lagavulin","floor":11,"turns":6},{"damage":24,"enemies":"Gremlin Nob","floor":13,"turns":4},{"damage":22,"enemies":"Slime Boss","floor":16,"turns":9},{"damage":15,"enemies":"Spheric Guardian","floor":18,"turns":4},{"damage":5,"enemies":"2 Thieves","floor":19,"turns":5},{"damage":20,"enemies":"Centurion and Healer","floor":22,"turns":8}],"seed_played":"-2501275987329420195","potions_obtained":[{"floor":1,"key":"Dexterity Potion"},{"floor":7,"key":"Energy Potion"},{"floor":11,"key":"LiquidBronze"}],"is_trial":false,"path_per_floor":["?","?","?","M","?"],"character_chosen":"DEFECT","items_purchased":["Tempest"],"campfire_rested":1,"item_purchase_floors":[21],"current_hp_per_floor":[88,88,80,80,77,77,56,56,56,56,46,46,34,34,60,50,89,74,69,69,69,49],"gold":170,"neow_bonus":"TWENTY_PERCENT_HP_BONUS","is_prod":false,"is_daily":false,"chose_seed":false,"campfire_upgraded":3,"win_rate":0,"timestamp":1556032982,"path_taken":["M","?","M","?","M","R","M","R","T","R","E","?","E","$","R","BOSS","M","?","?","$","M"],"build_version":"2019-01-23","purchased_purges":1,"victory":false,"max_hp_per_floor":[89,89,89,89,89,89,89,89,89,89,89,89,89,89,89,89,89,89,89,89,89,89],"card_choices":[{"not_picked":["Barrage","Chaos"],"picked":"Genetic Algorithm","floor":1},{"not_picked":["Barrage","Turbo"],"picked":"Redo","floor":3},{"not_picked":["Force Field","Streamline"],"picked":"Glacier","floor":5},{"not_picked":["Storm","Gash"],"picked":"Ball Lightning","floor":7},{"not_picked":["Reboot","Heatsinks"],"picked":"Sweeping Beam","floor":11},{"not_picked":["Aggregate","Beam Cell"],"picked":"Coolheaded","floor":13},{"not_picked":["Biased Cognition","Amplify"],"picked":"Reboot","floor":16},{"not_picked":["Go for the Eyes+1","Coolheaded"],"picked":"Leap+1","floor":18},{"not_picked":["Ball Lightning+1","Sweeping Beam","Redo"],"picked":"SKIP","floor":19}],"player_experience":140026,"relics_obtained":[{"floor":9,"key":"Meat on the Bone"},{"floor":11,"key":"Thread and Needle"},{"floor":13,"key":"Mummified Hand"}],"event_choices":[{"damage_healed":0,"gold_gain":0,"player_choice":"Grow","damage_taken":0,"max_hp_gain":0,"max_hp_loss":0,"event_name":"Living Wall","floor":2,"gold_loss":0,"cards_upgraded":["Genetic Algorithm"]},{"damage_healed":0,"gold_gain":0,"player_choice":"Leave","damage_taken":0,"max_hp_gain":0,"max_hp_loss":0,"event_name":"The Cleric","floor":4,"gold_loss":0},{"damage_healed":0,"gold_gain":0,"player_choice":"Upgraded","damage_taken":0,"max_hp_gain":0,"max_hp_loss":0,"event_name":"Upgrade Shrine","floor":12,"gold_loss":0,"cards_upgraded":["Dualcast"]},{"damage_healed":0,"gold_gain":100,"player_choice":"Bet on Murderer","damage_taken":0,"max_hp_gain":0,"max_hp_loss":0,"event_name":"The Joust","floor":20,"gold_loss":50}],"is_beta":false,"boss_relics":[{"not_picked":["White Beast Statue","Empty Cage"],"picked":"Snecko Eye"}],"items_purged_floors":[14],"is_endless":false,"potions_floor_spawned":[1,7,11,13,19],"killed_by":"Centurion and Healer","ascension_level":4}