{"gold_per_floor":[118,137,151,167,242,242,273,290,290,310,310,327,26,44,44,139,139,158,177,177,193,212,212,37,57,57,57],"floor_reached":27,"playtime":3203,"items_purged":["Storm"],"score":221,"play_id":"304e898f-8bac-4de4-a4ac-5a35214d3abd","local_time":"20190424174516","is_ascension_mode":false,"campfire_choices":[{"data":"Capacitor","floor":6.0,"key":"SMITH"},{"floor":11.0,"key":"REST"},{"data":"Conserve Battery","floor":15.0,"key":"SMITH"},{"floor":23,"key":"REST"}],"neow_cost":"NONE","seed_source_timestamp":0,"circlet_count":0,"master_deck":["Strike_B","Strike_B","Strike_B","Strike_B","Defend_B","Defend_B","Defend_B","Defend_B","Zap+1","Dualcast","Capacitor+1","Coolheaded","Conserve Battery+1","Beam Cell","FTL","Redo","Redo","Electrodynamics","Undo","Chill+1","Double Energy","Capacitor","Trip","Fusion","Gash"],"special_seed":0,"relics":["Cracked Core","Bag of Marbles","Meat on the Bone","Oddly Smooth Stone","Philosopher\u0027s Stone","Pantograph"],"potions_floor_usage":[21,22],"damage_taken":[{"damage":7.0,"enemies":"2 Louse","floor":1.0,"turns":2.0},{"damage":1.0,"enemies":"Cultist","floor":2.0,"turns":4.0},{"damage":2.0,"enemies":"Small Slimes","floor":3.0,"turns":4.0},{"damage":12.0,"enemies":"Red Slaver","floor":4.0,"turns":4.0},{"damage":18.0,"enemies":"3 Sentries","floor":7.0,"turns":10.0},{"damage":13.0,"enemies":"Lots of Slimes","floor":8.0,"turns":5.0},{"damage":15.0,"enemies":"3 Louse","floor":10.0,"turns":4.0},{"damage":0.0,"enemies":"Large Slime","floor":12.0,"turns":5.0},{"damage":6.0,"enemies":"2 Fungi Beasts","floor":14.0,"turns":4.0},{"damage":53.0,"enemies":"Slime Boss","floor":16.0,"turns":18.0},{"damage":34,"enemies":"2 Thieves","floor":18,"turns":4},{"damage":24,"enemies":"Chosen","floor":19,"turns":5},{"damage":3,"enemies":"Snecko","floor":21,"turns":7},{"damage":45,"enemies":"Chosen and Byrds","floor":22,"turns":10},{"damage":14,"enemies":"Centurion and Healer","floor":25,"turns":9},{"damage":41,"enemies":"Book of Stabbing","floor":27,"turns":5}],"seed_played":"-9043989904897509035","potions_obtained":[{"floor":1.0,"key":"Fruit Juice"},{"floor":4.0,"key":"Ancient Potion"},{"floor":7.0,"key":"FocusPotion"},{"floor":12.0,"key":"Regen Potion"},{"floor":14.0,"key":"Energy Potion"},{"floor":16.0,"key":"LiquidBronze"},{"floor":19,"key":"SkillPotion"},{"floor":21,"key":"Strength Potion"}],"is_trial":false,"path_per_floor":["?","M","?","M","$"],"character_chosen":"DEFECT","items_purchased":["Oddly Smooth Stone","Regen Potion","Trip","Fusion"],"campfire_rested":2,"item_purchase_floors":[13,13,24,24],"current_hp_per_floor":[75,79,77,65,57,57,39,26,26,23,49,49,49,55,55,54,87,53,41,41,50,17,43,43,41,41,0],"gold":57,"neow_bonus":"TEN_PERCENT_HP_BONUS","is_prod":false,"is_daily":false,"chose_seed":false,"campfire_upgraded":2,"win_rate":0.0,"timestamp":1556153116,"path_taken":["M","M","M","M","?","R","E","M","T","M","R","?","$","M","R","BOSS","M","M","?","M","?","R","?","M","T","E"],"build_version":"2019-01-23","purchased_purges":1,"victory":false,"max_hp_per_floor":[82,87,87,87,87,87,87,87,87,87,87,87,87,87,87,87,87,87,87,87,87,87,87,87,87,87,87],"card_choices":[{"not_picked":["Gash","Turbo"],"picked":"Capacitor","floor":1.0},{"not_picked":["Reprogram","Fusion"],"picked":"Storm","floor":2.0},{"not_picked":["Gash","Redo"],"picked":"Coolheaded","floor":3.0},{"not_picked":["Defragment","Ball Lightning"],"picked":"Conserve Battery","floor":4.0},{"not_picked":["Rainbow","Barrage"],"picked":"Beam Cell","floor":7.0},{"not_picked":["Beam Cell","Go for the Eyes"],"picked":"FTL","floor":8.0},{"not_picked":["Steam","Streamline"],"picked":"Redo","floor":10.0},{"not_picked":["Consume","Streamline"],"picked":"Redo","floor":12.0},{"not_picked":["Heatsinks","Rip and Tear","Hologram"],"picked":"SKIP","floor":14.0},{"not_picked":["Rainbow","Reboot"],"picked":"Electrodynamics","floor":16.0},{"not_picked":["Darkness+1","Genetic Algorithm"],"picked":"Undo","floor":18},{"not_picked":["BootSequence","Streamline"],"picked":"Chill+1","floor":19},{"not_picked":["Sweeping Beam","Storm+1"],"picked":"Double Energy","floor":21},{"not_picked":["Turbo","Gash"],"picked":"Capacitor","floor":22},{"not_picked":["Core Surge","Turbo"],"picked":"Gash","floor":25}],"player_experience":55040,"relics_obtained":[{"floor":7.0,"key":"Bag of Marbles"},{"floor":9.0,"key":"Meat on the Bone"},{"floor":26,"key":"Pantograph"}],"event_choices":[{"damage_healed":0.0,"max_hp_gain":0.0,"max_hp_loss":0.0,"gold_gain":75.0,"event_name":"FaceTrader","player_choice":"Touch","floor":5.0,"gold_loss":0.0,"damage_taken":8.0},{"damage_healed":0,"gold_gain":0,"player_choice":"Forge","damage_taken":0,"max_hp_gain":0,"max_hp_loss":0,"event_name":"Accursed Blacksmith","floor":20,"gold_loss":0,"cards_upgraded":["Zap"]}],"is_beta":false,"boss_relics":[{"not_picked":["White Beast Statue","Inserter"],"picked":"Philosopher\u0027s Stone"}],"items_purged_floors":[13],"is_endless":false,"potions_floor_spawned":[1,4,7,12,14,16,19,21],"killed_by":"Book of Stabbing","ascension_level":0}