{"gold_per_floor":[110,110,121,121,139,139,171,171,221,221,234,253,273,299,299,299],"floor_reached":16,"playtime":1377,"items_purged":[],"score":204,"play_id":"d2345a3a-d149-44c8-bb0b-babf17455ce2","local_time":"20190408204217","is_ascension_mode":true,"campfire_choices":[{"data":"Neutralize","floor":6,"key":"SMITH"},{"floor":8,"key":"REST"},{"data":"Well Laid Plans","floor":10,"key":"SMITH"},{"data":"Footwork","floor":15,"key":"SMITH"}],"neow_cost":"NONE","seed_source_timestamp":1032446538282076,"circlet_count":0,"master_deck":["AscendersBane","Defend_G","Defend_G","Defend_G","Defend_G","Defend_G","Strike_G","Strike_G","Strike_G","Strike_G","Strike_G","Survivor","Neutralize+1","Cloak And Dagger","Regret","Dagger Spray","Well Laid Plans+1","Calculated Gamble+1","Crippling Poison+1","Outmaneuver+1","Cloak And Dagger+1","Footwork+1"],"relics":["Ring of the Snake","NeowsBlessing","Blood Vial","Torii","Toxic Egg 2","Smiling Mask","Odd Mushroom"],"potions_floor_usage":[7,7,14],"damage_taken":[{"damage":0,"enemies":"Jaw Worm","floor":1,"turns":1},{"damage":0,"enemies":"Small Slimes","floor":3,"turns":1},{"damage":0,"enemies":"Cultist","floor":5,"turns":1},{"damage":36,"enemies":"Gremlin Nob","floor":7,"turns":6},{"damage":11,"enemies":"Looter","floor":11,"turns":4},{"damage":0,"enemies":"Blue Slaver","floor":12,"turns":4},{"damage":14,"enemies":"Large Slime","floor":13,"turns":8},{"damage":3,"enemies":"The Mushroom Lair","floor":14,"turns":3},{"damage":22,"enemies":"Hexaghost","floor":16,"turns":11}],"seed_played":"-2177488319311060419","potions_obtained":[{"floor":1,"key":"AttackPotion"},{"floor":5,"key":"Regen Potion"},{"floor":7,"key":"Energy Potion"},{"floor":12,"key":"SmokeBomb"}],"is_trial":false,"path_per_floor":["M","?","M","?","M","R","E","R","T","R","M","M","M","?","R","B"],"character_chosen":"THE_SILENT","items_purchased":[],"campfire_rested":1,"item_purchase_floors":[],"current_hp_per_floor":[59,59,61,35,37,37,18,37,37,37,28,30,18,17,17,0],"gold":299,"neow_bonus":"THREE_ENEMY_KILL","is_prod":false,"is_daily":false,"chose_seed":false,"campfire_upgraded":3,"win_rate":0,"timestamp":1554748937,"path_taken":["M","?","M","?","M","R","E","R","T","R","M","M","M","?","R","BOSS"],"build_version":"2019-01-23","purchased_purges":0,"victory":false,"max_hp_per_floor":[66,66,66,66,66,66,66,66,66,66,66,66,66,66,66,66],"card_choices":[{"not_picked":["Prepared","Blade Dance"],"picked":"Cloak And Dagger","floor":1},{"not_picked":["Setup","Distraction"],"picked":"Dagger Spray","floor":3},{"not_picked":["Poisoned Stab","Finisher"],"picked":"Well Laid Plans","floor":5},{"not_picked":["Masterful Stab","Flechettes"],"picked":"Calculated Gamble","floor":7},{"not_picked":["Escape Plan+1","Dagger Throw"],"picked":"Crippling Poison+1","floor":11},{"not_picked":["Bane","Underhanded Strike"],"picked":"Outmaneuver+1","floor":12},{"not_picked":["Acrobatics+1","Slice"],"picked":"Cloak And Dagger+1","floor":13},{"not_picked":["Underhanded Strike","Blade Dance+1"],"picked":"Footwork","floor":14}],"player_experience":3046818,"relics_obtained":[{"floor":7,"key":"Toxic Egg 2"},{"floor":9,"key":"Smiling Mask"},{"floor":14,"key":"Odd Mushroom"}],"event_choices":[{"damage_healed":0,"gold_gain":0,"player_choice":"Box","damage_taken":0,"relics_obtained":["Blood Vial"],"max_hp_gain":0,"max_hp_loss":0,"event_name":"Big Fish","floor":2,"gold_loss":0,"cards_obtained":["Regret"]},{"damage_healed":0,"gold_gain":0,"player_choice":"Success","damage_taken":26,"relics_obtained":["Torii"],"max_hp_gain":0,"max_hp_loss":0,"event_name":"Scrap Ooze","floor":4,"gold_loss":0},{"damage_healed":0,"gold_gain":0,"player_choice":"Fought Mushrooms","damage_taken":0,"max_hp_gain":0,"max_hp_loss":0,"event_name":"Mushrooms","floor":14,"gold_loss":0}],"is_beta":false,"boss_relics":[],"items_purged_floors":[],"is_endless":false,"potions_floor_spawned":[1,5,7,12],"killed_by":"Hexaghost","ascension_level":20}