{"gold_per_floor":[109,109,109,128,303,335,335,366,366,381,397,397,409,423,423,525,525,539,539,550,563,122,122,73,73,96,128,158,158,158,158,158,255,305,323,69,82,97,108,108,123,123,171,226,226],"floor_reached":45,"playtime":2103,"items_purged":["Doubt"],"score":468,"play_id":"2cecafe5-c4ad-48ef-91a6-7771597b1eac","local_time":"20190325064328","is_ascension_mode":false,"campfire_choices":[{"data":"Loop","floor":7,"key":"SMITH"},{"data":"Redo","floor":12,"key":"SMITH"},{"floor":15,"key":"REST"},{"floor":23,"key":"REST"},{"floor":25,"key":"REST"},{"floor":30,"key":"REST"},{"floor":32,"key":"REST"},{"floor":40,"key":"REST"},{"floor":42,"key":"REST"}],"neow_cost":"NONE","seed_source_timestamp":424724096938444,"circlet_count":0,"master_deck":["Strike_B","Strike_B+1","Strike_B","Strike_B","Defend_B","Defend_B","Defend_B","Defend_B","Zap+1","Dualcast","Go for the Eyes","Rebound","Loop+1","Go for the Eyes","Ball Lightning","Redo+1","Chaos","Go for the Eyes","Seek","Static Discharge","Chill","Tempest+1","Defragment","Ball Lightning","Lockon","Necronomicurse","Thunder Strike","Conserve Battery+1","Ball Lightning+1","Auto Shields+1","Redo+1","Conserve Battery+1"],"relics":["Cracked Core","NeowsBlessing","Pantograph","Mummified Hand","Boot","StoneCalendar","Velvet Choker","Vajra","Oddly Smooth Stone","Anchor","Orichalcum","Red Mask","Necronomicon","MutagenicStrength","Tiny House","Ornamental Fan","PreservedInsect","Calipers"],"potions_floor_usage":[21,27,28,33,38,44,44],"damage_taken":[{"damage":0,"enemies":"Cultist","floor":1,"turns":1},{"damage":0,"enemies":"Small Slimes","floor":4,"turns":1},{"damage":0,"enemies":"Lagavulin","floor":6,"turns":1},{"damage":26,"enemies":"3 Sentries","floor":8,"turns":7},{"damage":0,"enemies":"2 Louse","floor":10,"turns":2},{"damage":10,"enemies":"Exordium Wildlife","floor":11,"turns":4},{"damage":0,"enemies":"Looter","floor":13,"turns":2},{"damage":22,"enemies":"Exordium Thugs","floor":14,"turns":4},{"damage":30,"enemies":"Slime Boss","floor":16,"turns":7},{"damage":10,"enemies":"3 Byrds","floor":18,"turns":4},{"damage":26,"enemies":"Shell Parasite","floor":20,"turns":4},{"damage":30,"enemies":"Snecko","floor":21,"turns":5},{"damage":20,"enemies":"Slavers","floor":27,"turns":5},{"damage":2,"enemies":"Masked Bandits","floor":28,"turns":3},{"damage":49,"enemies":"Collector","floor":33,"turns":7},{"damage":20,"enemies":"3 Darklings","floor":35,"turns":5},{"damage":1,"enemies":"Orb Walker","floor":37,"turns":2},{"damage":35,"enemies":"Spire Growth","floor":38,"turns":4},{"damage":26,"enemies":"Jaw Worm Horde","floor":39,"turns":3},{"damage":25,"enemies":"Transient","floor":41,"turns":5},{"damage":18,"enemies":"2 Orb Walkers","floor":44,"turns":4}],"seed_played":"8067230676794495640","potions_obtained":[{"floor":4,"key":"LiquidBronze"},{"floor":11,"key":"Poison Potion"},{"floor":13,"key":"EssenceOfSteel"},{"floor":14,"key":"FairyPotion"},{"floor":21,"key":"LiquidBronze"},{"floor":27,"key":"Energy Potion"},{"floor":33,"key":"Swift Potion"},{"floor":34,"key":"EssenceOfSteel"},{"floor":37,"key":"Weak Potion"},{"floor":41,"key":"FocusPotion"}],"is_trial":false,"path_per_floor":["?","?","?","M","?","$","?","?","?","?"],"character_chosen":"DEFECT","items_purchased":["Defragment","Vajra","Oddly Smooth Stone","Ball Lightning","Ornamental Fan"],"campfire_rested":7,"item_purchase_floors":[22,22,22,24,36],"current_hp_per_floor":[75,75,63,63,63,63,63,37,37,37,27,27,27,5,27,22,75,65,75,49,19,19,41,41,63,63,43,41,25,47,47,69,26,80,60,60,59,24,8,32,7,31,31,13,0],"gold":226,"neow_bonus":"THREE_ENEMY_KILL","is_prod":false,"is_daily":false,"chose_seed":false,"campfire_upgraded":2,"win_rate":0.0,"timestamp":1553492608,"path_taken":["M","?","?","M","?","E","R","E","T","?","M","R","M","M","R","BOSS","M","?","M","M","?","R","$","R","T","E","?","?","R","?","R","BOSS","M","$","M","M","M","R","M","R","T","?","M"],"build_version":"2019-01-23","purchased_purges":1,"victory":false,"max_hp_per_floor":[75,75,75,75,75,75,75,75,75,75,75,75,75,75,75,75,75,75,75,75,75,75,75,75,75,75,75,75,75,75,75,75,75,80,80,80,80,80,80,80,80,80,80,80,80],"card_choices":[{"not_picked":["Stack","Coolheaded"],"picked":"Go for the Eyes","floor":1},{"not_picked":["Defragment","Hello World"],"picked":"Rebound","floor":4},{"not_picked":["Heatsinks","Aggregate"],"picked":"Loop","floor":6},{"not_picked":["Stack","Steam"],"picked":"Go for the Eyes","floor":8},{"not_picked":["Consume","Sweeping Beam"],"picked":"Ball Lightning","floor":10},{"not_picked":["Meteor Strike","Sweeping Beam"],"picked":"Redo","floor":11},{"not_picked":["Auto Shields","Coolheaded"],"picked":"Chaos","floor":13},{"not_picked":["FTL","Leap"],"picked":"Go for the Eyes","floor":14},{"not_picked":["Echo Form","Rainbow"],"picked":"Seek","floor":16},{"not_picked":["Cold Snap","Melter+1"],"picked":"Static Discharge","floor":18},{"not_picked":["Gash","Force Field"],"picked":"Chill","floor":20},{"not_picked":["Cold Snap","Gash+1"],"picked":"Tempest+1","floor":21},{"not_picked":["Steam","Compile Driver","Gash"],"picked":"SKIP","floor":27},{"not_picked":["Hologram","Steam Power"],"picked":"Lockon","floor":28},{"not_picked":["Machine Learning","Seek"],"picked":"Thunder Strike","floor":33},{"not_picked":["Turbo+1","Reprogram"],"picked":"Conserve Battery+1","floor":34},{"not_picked":["Cold Snap+1","Steam Power"],"picked":"Ball Lightning+1","floor":35},{"not_picked":["Stack","Leap","Creative AI"],"picked":"SKIP","floor":37},{"not_picked":["Turbo+1","Steam"],"picked":"Auto Shields+1","floor":38},{"not_picked":["Cold Snap+1","Barrage+1","Echo Form"],"picked":"SKIP","floor":39},{"not_picked":["Ball Lightning+1","Steam"],"picked":"Redo+1","floor":41},{"not_picked":["Blizzard","Turbo+1"],"picked":"Conserve Battery+1","floor":44}],"player_experience":13949,"relics_obtained":[{"floor":6,"key":"Mummified Hand"},{"floor":8,"key":"Boot"},{"floor":9,"key":"StoneCalendar"},{"floor":26,"key":"Anchor"},{"floor":27,"key":"Orichalcum"},{"floor":28,"key":"Red Mask"},{"floor":29,"key":"Necronomicon"},{"floor":43,"key":"PreservedInsect"},{"floor":44,"key":"Calipers"}],"event_choices":[{"damage_healed":0,"gold_gain":0,"player_choice":"Grow","damage_taken":0,"max_hp_gain":0,"max_hp_loss":0,"event_name":"Living Wall","floor":2,"gold_loss":0,"cards_upgraded":["Zap"]},{"damage_healed":0,"gold_gain":0,"player_choice":"Success","damage_taken":12,"relics_obtained":["Pantograph"],"max_hp_gain":0,"max_hp_loss":0,"event_name":"Scrap Ooze","floor":3,"gold_loss":0},{"damage_healed":0,"gold_gain":175,"player_choice":"AGREE","damage_taken":0,"max_hp_gain":0,"max_hp_loss":0,"event_name":"Liars Game","floor":5,"gold_loss":0,"cards_obtained":["Doubt"]},{"damage_healed":10,"gold_gain":0,"player_choice":"Full Heal","damage_taken":0,"max_hp_gain":0,"max_hp_loss":0,"event_name":"Wheel of Change","floor":19,"gold_loss":0},{"damage_healed":0,"gold_gain":0,"player_choice":"Fought Bandits","damage_taken":0,"max_hp_gain":0,"max_hp_loss":0,"event_name":"Masked Bandits","floor":28,"gold_loss":0},{"damage_healed":0,"gold_gain":0,"player_choice":"Obtained Book","damage_taken":16,"max_hp_gain":0,"max_hp_loss":0,"event_name":"Cursed Tome","floor":29,"gold_loss":0},{"damage_healed":0,"gold_gain":0,"player_choice":"Inject Mutagens","damage_taken":0,"relics_obtained":["MutagenicStrength"],"max_hp_gain":0,"max_hp_loss":0,"event_name":"Drug Dealer","floor":31,"gold_loss":0},{"damage_healed":0,"gold_gain":0,"player_choice":"Fight","damage_taken":0,"max_hp_gain":0,"max_hp_loss":0,"event_name":"Mysterious Sphere","floor":44,"gold_loss":0}],"is_beta":false,"boss_relics":[{"not_picked":["Cursed Key","Snecko Eye"],"picked":"Velvet Choker"},{"not_picked":["Runic Pyramid","Sozu"],"picked":"Tiny House"}],"items_purged_floors":[22],"is_endless":false,"potions_floor_spawned":[4,11,13,14,18,21,27,33,37,41],"killed_by":"4 Shapes","ascension_level":0}