{"gold_per_floor":[113,123,143,143,157,157,187,187,214,214,314,328,328,328,328,428,428,443,460,477,477,77,104,104,104],"floor_reached":25,"playtime":1100,"items_purged":["Strike_G"],"score":320,"play_id":"3b54fbb0-5b54-4977-862c-db0476b3787c","local_time":"20190502170459","is_ascension_mode":true,"campfire_choices":[{"data":"1","floor":6,"key":"LIFT"},{"floor":8,"key":"REST"},{"data":"2","floor":10,"key":"LIFT"},{"data":"3","floor":15,"key":"LIFT"},{"floor":24,"key":"REST"}],"neow_cost":"PERCENT_DAMAGE","seed_source_timestamp":541770979618660,"circlet_count":0,"master_deck":["Defend_G","Defend_G","Defend_G","Defend_G","Defend_G","Strike_G","Strike_G","Strike_G","Survivor","Neutralize","Skewer","Dodge and Roll","Crippling Poison","Dagger Throw","Terror","Dodge and Roll","Corpse Explosion","Infinite Blades","Deflect","Deflect","Acrobatics","Cloak And Dagger","Well Laid Plans","Cloak And Dagger+1","Blade Dance","Blade Dance","Blade Dance","Backstab","Deadly Poison"],"special_seed":0,"relics":["Ring of the Snake","Girya","Regal Pillow","Bag of Preparation","Prayer Wheel","Orrery","Bottled Tornado","Art of War"],"potions_floor_usage":[7,20],"damage_taken":[{"damage":0.0,"enemies":"Small Slimes","floor":1.0,"turns":3.0},{"damage":6.0,"enemies":"Jaw Worm","floor":2.0,"turns":4.0},{"damage":0.0,"enemies":"Cultist","floor":3.0,"turns":4.0},{"damage":4,"enemies":"Exordium Thugs","floor":5,"turns":4},{"damage":14,"enemies":"3 Sentries","floor":7,"turns":10},{"damage":7,"enemies":"Large Slime","floor":12,"turns":6},{"damage":42,"enemies":"Hexaghost","floor":16,"turns":11},{"damage":9,"enemies":"3 Byrds","floor":18,"turns":4},{"damage":15,"enemies":"Shell Parasite","floor":19,"turns":5},{"damage":0,"enemies":"Centurion and Healer","floor":20,"turns":7},{"damage":28,"enemies":"Gremlin Leader","floor":23,"turns":8},{"damage":41,"enemies":"Book of Stabbing","floor":25,"turns":4}],"seed_played":"4648972075621623387","potions_obtained":[{"floor":1.0,"key":"Block Potion"},{"floor":2.0,"key":"PowerPotion"},{"floor":16,"key":"GamblersBrew"},{"floor":19,"key":"GhostInAJar"}],"is_trial":false,"path_per_floor":["?","?","M","T","?","?"],"character_chosen":"THE_SILENT","items_purchased":["Backstab","Bottled Tornado"],"campfire_rested":2,"item_purchase_floors":[22,22],"current_hp_per_floor":[45,39,39,39,35,35,21,57,57,57,57,50,50,55,55,13,60,51,36,36,29,29,1,38,0],"gold":104,"neow_bonus":"ONE_RARE_RELIC","is_prod":false,"is_daily":false,"chose_seed":false,"campfire_upgraded":0,"win_rate":0,"timestamp":1556809499,"path_taken":["M","M","M","?","M","R","E","R","T","R","?","?","?","?","R","BOSS","M","M","M","?","$","E","R","E"],"build_version":"2019-01-23","purchased_purges":1,"victory":false,"max_hp_per_floor":[70,70,70,70,70,70,70,70,70,70,70,70,70,75,75,75,75,75,75,75,75,75,75,75,75],"card_choices":[{"not_picked":["Bane","Finisher"],"picked":"Skewer","floor":1.0},{"not_picked":["Slice","Poisoned Stab"],"picked":"Dodge and Roll","floor":2.0},{"not_picked":["Predator","Quick Slash"],"picked":"Crippling Poison","floor":3.0},{"not_picked":["Quick Slash","Backflip"],"picked":"Dagger Throw","floor":5},{"not_picked":["PiercingWail","Dodge and Roll"],"picked":"Terror","floor":7},{"not_picked":["PiercingWail","Terror"],"picked":"Dodge and Roll","floor":12},{"not_picked":["Doppelganger","Burst"],"picked":"Corpse Explosion","floor":16},{"not_picked":["Flying Knee","Prepared"],"picked":"Infinite Blades","floor":17},{"not_picked":["Bane","Dagger Throw"],"picked":"Deflect","floor":17},{"not_picked":["Catalyst","Dodge and Roll"],"picked":"Deflect","floor":17},{"not_picked":["Sucker Punch","Quick Slash"],"picked":"Acrobatics","floor":17},{"not_picked":["Crippling Poison","Quick Slash"],"picked":"Cloak And Dagger","floor":17},{"not_picked":["Dagger Throw","Tactician"],"picked":"Well Laid Plans","floor":18},{"not_picked":["Bane+1","Blur"],"picked":"Cloak And Dagger+1","floor":18},{"not_picked":["Phantasmal Killer","Outmaneuver+1"],"picked":"Blade Dance","floor":19},{"not_picked":["Prepared","Riddle With Holes"],"picked":"Blade Dance","floor":19},{"not_picked":["Endless Agony","Expertise"],"picked":"Blade Dance","floor":20},{"not_picked":["Poisoned Stab","Flying Knee","Flechettes+1"],"picked":"SKIP","floor":20},{"not_picked":["Glass Knife","Backflip"],"picked":"Deadly Poison","floor":23}],"player_experience":206301,"relics_obtained":[{"floor":7,"key":"Regal Pillow"},{"floor":9,"key":"Bag of Preparation"},{"floor":13,"key":"Prayer Wheel"},{"floor":23,"key":"Art of War"}],"event_choices":[{"cards_removed":["Strike_G"],"damage_healed":0.0,"max_hp_gain":0.0,"max_hp_loss":0.0,"gold_gain":0.0,"event_name":"Living Wall","player_choice":"Forget","floor":4.0,"gold_loss":0.0,"damage_taken":0.0},{"damage_healed":0,"gold_gain":100,"player_choice":"Pray","damage_taken":0,"max_hp_gain":0,"max_hp_loss":0,"event_name":"Golden Shrine","floor":11,"gold_loss":0},{"damage_healed":0,"gold_gain":0,"player_choice":"Donut","damage_taken":0,"max_hp_gain":5,"max_hp_loss":0,"event_name":"Big Fish","floor":14,"gold_loss":0},{"damage_healed":0,"gold_gain":0,"player_choice":"Damaged","damage_taken":7,"max_hp_gain":0,"max_hp_loss":0,"event_name":"Wheel of Change","floor":21,"gold_loss":0}],"is_beta":false,"boss_relics":[{"not_picked":["HoveringKite","Eternal Feather"],"picked":"Orrery"}],"items_purged_floors":[22],"is_endless":false,"potions_floor_spawned":[1,2,16,19],"killed_by":"Book of Stabbing","ascension_level":6}