{"gold_per_floor":[117,130,130,130,130,168,168,211,237,256,275,23,23,43,43,43],"floor_reached":16,"playtime":472,"items_purged":["Strike_G"],"score":182,"play_id":"7c74d12d-3bec-4d0b-ad14-605b6e520efd","local_time":"20190507073737","is_ascension_mode":true,"campfire_choices":[{"data":"Neutralize","floor":7,"key":"SMITH"},{"floor":15,"key":"REST"}],"neow_cost":"NONE","seed_source_timestamp":940360372586106,"circlet_count":0,"master_deck":["Defend_G","Defend_G","Defend_G","Defend_G","Defend_G","Strike_G","Strike_G","Strike_G","Survivor","Neutralize+1","Sucker Punch","Escape Plan","Backstab","Noxious Fumes","Caltrops","Purity","Escape Plan"],"relics":["Ring of the Snake","NeowsBlessing","Golden Idol","PreservedInsect","Happy Flower","Bronze Scales"],"potions_floor_usage":[16],"damage_taken":[{"damage":0,"enemies":"Cultist","floor":1,"turns":1},{"damage":0,"enemies":"2 Louse","floor":2,"turns":1},{"damage":0,"enemies":"Lagavulin","floor":6,"turns":1},{"damage":17,"enemies":"3 Sentries","floor":8,"turns":11},{"damage":2,"enemies":"Small Slimes","floor":10,"turns":3},{"damage":3,"enemies":"Looter","floor":11,"turns":3},{"damage":5,"enemies":"3 Louse","floor":14,"turns":4},{"damage":39,"enemies":"Slime Boss","floor":16,"turns":10}],"seed_played":"4817813366125586348","potions_obtained":[{"floor":2,"key":"LiquidBronze"},{"floor":6,"key":"Strength Potion"},{"floor":14,"key":"AttackPotion"}],"is_trial":false,"path_per_floor":["M","?","?","?","?"],"character_chosen":"THE_SILENT","items_purchased":["Caltrops","Purity"],"campfire_rested":1,"item_purchase_floors":[12,12],"current_hp_per_floor":[63,63,68,50,43,43,43,26,26,24,21,21,21,16,38,0],"gold":43,"neow_bonus":"THREE_ENEMY_KILL","is_prod":false,"is_daily":false,"chose_seed":false,"campfire_upgraded":1,"win_rate":0,"timestamp":1557207457,"path_taken":["M","?","?","?","?","E","R","E","T","M","M","$","?","M","R","BOSS"],"build_version":"2019-01-23","purchased_purges":1,"victory":false,"max_hp_per_floor":[70,70,75,75,75,75,75,75,75,75,75,75,75,75,75,75],"card_choices":[{"not_picked":["Underhanded Strike","Flechettes"],"picked":"Sucker Punch","floor":1},{"not_picked":["Cloak And Dagger","Sucker Punch"],"picked":"Escape Plan","floor":2},{"not_picked":["Dagger Spray","Backflip"],"picked":"Backstab","floor":6},{"not_picked":["Calculated Gamble","Slice"],"picked":"Noxious Fumes","floor":8},{"not_picked":["Dagger Spray","Sucker Punch","Dodge and Roll"],"picked":"SKIP","floor":10},{"not_picked":["Prepared","Deflect","All Out Attack"],"picked":"SKIP","floor":11},{"not_picked":["Dodge and Roll","Sucker Punch"],"picked":"Escape Plan","floor":14}],"player_experience":242306,"relics_obtained":[{"floor":6,"key":"PreservedInsect"},{"floor":8,"key":"Happy Flower"},{"floor":9,"key":"Bronze Scales"}],"event_choices":[{"damage_healed":0,"gold_gain":0,"player_choice":"Donut","damage_taken":0,"max_hp_gain":5,"max_hp_loss":0,"event_name":"Big Fish","floor":3,"gold_loss":0},{"damage_healed":0,"gold_gain":0,"player_choice":"Take Damage","damage_taken":18,"relics_obtained":["Golden Idol"],"max_hp_gain":0,"max_hp_loss":0,"event_name":"Golden Idol","floor":4,"gold_loss":0},{"cards_removed":["Strike_G"],"damage_healed":0,"gold_gain":0,"player_choice":"Card Removal","damage_taken":7,"max_hp_gain":0,"max_hp_loss":0,"event_name":"Golden Wing","floor":5,"gold_loss":0},{"damage_healed":0,"gold_gain":0,"player_choice":"Ignored","damage_taken":0,"max_hp_gain":0,"max_hp_loss":0,"event_name":"Liars Game","floor":13,"gold_loss":0}],"is_beta":false,"boss_relics":[],"items_purged_floors":[12],"is_endless":false,"potions_floor_spawned":[2,6,14],"killed_by":"Slime Boss","ascension_level":7}