{"path_per_floor":["M","$","M","M","M","R","M","M","T","M","?","R","M","?","R","B",null,"M","M","M","$","?","R","M","M","T"],"character_chosen":"IRONCLAD","items_purchased":["Inflame","Flex","Paper Frog"],"gold_per_floor":[216,68,81,93,107,107,122,135,435,445,395,395,405,405,405,505,505,519,535,548,139,139,139,153,170,217,217],"floor_reached":27,"campfire_rested":1,"playtime":1641,"current_hp_per_floor":[76,76,80,80,75,75,69,55,55,51,51,51,41,41,65,22,80,56,62,47,47,47,47,38,18,18,0],"items_purged":["Strike_R","Strike_R"],"gold":217,"score":211,"play_id":"a6106f44-bddb-46d5-9190-93ca8b851579","local_time":"20180409194909","is_prod":false,"is_daily":false,"is_ascension_mode":false,"campfire_upgraded":3,"timestamp":1523317749,"path_taken":["M","$","M","M","M","R","M","M","T","M","?","R","?","?","R","BOSS","M","M","M","$","?","R","M","M","T","M"],"build_version":"2018-04-05v2","purchased_purges":2,"victory":false,"master_deck":["Strike_R","Strike_R","Defend_R","Defend_R","Defend_R","Defend_R","Bash","Inflame","Heavy Blade+1","Heavy Blade+1","Demon Form","Power Through+1","Flex+1","Blood for Blood+1","Regret"],"max_hp_per_floor":[80,80,80,80,80,80,80,80,80,80,80,80,80,80,80,80,80,80,80,80,80,80,80,80,80,80,80],"relics":["Burning Blood","Old Coin","Cursed Key","Paper Frog","Regal Pillow"],"card_choices":[{"not_picked":["Shrug It Off","Sword Boomerang"],"picked":"Heavy Blade","floor":4},{"not_picked":["Body Slam","Brutality"],"picked":"Heavy Blade","floor":5},{"not_picked":["Dark Embrace","Limit Break"],"picked":"Demon Form","floor":16},{"not_picked":["Anger","Burning Pact"],"picked":"Power Through","floor":20},{"not_picked":["Body Slam","Anger"],"picked":"Blood for Blood","floor":25}],"player_experience":37371,"potions_floor_usage":[16,25],"damage_taken":[{"damage":10,"enemies":"Jaw Worm","floor":1,"turns":4},{"damage":1,"enemies":"Cultist","floor":3,"turns":3},{"damage":0,"enemies":"Small Slimes","floor":4,"turns":4},{"damage":11,"enemies":"Blue Slaver","floor":5,"turns":4},{"damage":12,"enemies":"Looter","floor":7,"turns":4},{"damage":20,"enemies":"Exordium Thugs","floor":8,"turns":6},{"damage":10,"enemies":"3 Louse","floor":10,"turns":4},{"damage":16,"enemies":"Exordium Wildlife","floor":13,"turns":3},{"damage":49,"enemies":"Hexaghost","floor":16,"turns":8},{"damage":30,"enemies":"2 Thieves","floor":18,"turns":4},{"damage":0,"enemies":"Chosen","floor":19,"turns":3},{"damage":21,"enemies":"Snake Plant","floor":20,"turns":4},{"damage":15,"enemies":"3 Cultists","floor":24,"turns":5},{"damage":26,"enemies":"Chosen and Byrds","floor":25,"turns":5},{"damage":29,"enemies":"Cultist and Chosen","floor":27,"turns":4}],"event_choices":[{"event_name":"The Cleric","player_choice":"Card Removal","floor":11,"damage_taken":0},{"event_name":"Shining Light","player_choice":"Ignored","floor":14,"damage_taken":0},{"event_name":"The Lab","player_choice":"Got Potions","floor":22,"damage_taken":0}],"boss_relics":[{"not_picked":["Calling Bell","Ectoplasm"],"picked":"Cursed Key"}],"potions_floor_spawned":[1,7,10,13,16,18,20,24],"seed_played":"-5087406365191935702","killed_by":"Cultist and Chosen","ascension_level":0,"is_trial":false}