{"gold_per_floor":[115,115,130,141,155,155,167,202,229,229,229,229,248,73,73,147,147,159,159,171,189,202,202,218,218],"floor_reached":25,"playtime":1587,"items_purged":["Strike_G"],"score":362,"play_id":"1ec3782f-bb10-4ae1-a59f-6228644d629a","local_time":"20190428182701","is_ascension_mode":true,"campfire_choices":[{"data":"Neutralize","floor":6.0,"key":"SMITH"},{"floor":10.0,"key":"REST"},{"floor":12.0,"key":"REST"},{"data":"Footwork","floor":15.0,"key":"SMITH"},{"floor":23.0,"key":"REST"}],"neow_cost":"PERCENT_DAMAGE","seed_source_timestamp":69537265436127,"circlet_count":0,"master_deck":["AscendersBane","Defend_G","Defend_G","Defend_G","Defend_G","Strike_G","Strike_G","Survivor","Neutralize+1","Flying Knee","Infinite Blades","Infinite Blades","Cloak And Dagger","Dagger Spray","Footwork+1","Riddle With Holes","Dodge and Roll","Caltrops","Wraith Form v2","Deflect","Sucker Punch","Neutralize","Glass Knife","Leg Sweep+1","Slice+1","Footwork+1","Cloak And Dagger"],"special_seed":0,"relics":["Ring of the Snake","Boot","Bag of Marbles","Omamori","Empty Cage"],"potions_floor_usage":[25],"damage_taken":[{"damage":4.0,"enemies":"Cultist","floor":1.0,"turns":6.0},{"damage":0.0,"enemies":"2 Louse","floor":3.0,"turns":3.0},{"damage":7.0,"enemies":"Jaw Worm","floor":4.0,"turns":4.0},{"damage":7.0,"enemies":"2 Fungi Beasts","floor":5.0,"turns":5.0},{"damage":10.0,"enemies":"3 Louse","floor":7.0,"turns":4.0},{"damage":26.0,"enemies":"Gremlin Nob","floor":8.0,"turns":5.0},{"damage":4.0,"enemies":"Large Slime","floor":13.0,"turns":6.0},{"damage":6.0,"enemies":"Slime Boss","floor":16.0,"turns":9.0},{"damage":29.0,"enemies":"Shell Parasite","floor":18.0,"turns":7.0},{"damage":3.0,"enemies":"3 Byrds","floor":20.0,"turns":4.0},{"damage":16.0,"enemies":"Shelled Parasite and Fungi","floor":21.0,"turns":9.0},{"damage":3.0,"enemies":"Cultist and Chosen","floor":22.0,"turns":6.0},{"damage":30.0,"enemies":"Snecko","floor":24.0,"turns":7.0},{"damage":14,"enemies":"Book of Stabbing","floor":25,"turns":5}],"seed_played":"-7407186727647676002","potions_obtained":[{"floor":4.0,"key":"EntropicBrew"},{"floor":8.0,"key":"Explosive Potion"},{"floor":13.0,"key":"Weak Potion"},{"floor":16.0,"key":"Weak Potion"},{"floor":21.0,"key":"Swift Potion"},{"floor":22.0,"key":"SteroidPotion"}],"is_trial":false,"path_per_floor":["M","?","M","M","M","R","M","E","T","R","?","R","M","$","R","B",null,"M","?","M","M","M","R","M","E"],"character_chosen":"THE_SILENT","items_purchased":["Dodge and Roll","Caltrops"],"campfire_rested":3,"item_purchase_floors":[14,14],"current_hp_per_floor":[52,52,52,45,38,38,28,2,2,25,25,48,44,44,44,38,68,39,39,36,20,17,40,10,0],"gold":218,"neow_bonus":"TWENTY_PERCENT_HP_BONUS","is_prod":false,"is_daily":false,"chose_seed":false,"campfire_upgraded":2,"win_rate":0,"timestamp":1556501221,"path_taken":["M","?","M","?","M","R","M","E","T","R","?","R","M","?","R","BOSS","M","?","M","?","M","R","M","E"],"build_version":"2019-01-23","purchased_purges":1,"victory":false,"max_hp_per_floor":[78,78,78,78,78,78,78,78,78,78,78,78,78,78,78,78,78,78,78,78,78,78,78,78,78],"card_choices":[{"not_picked":["Bane","Well Laid Plans"],"picked":"Flying Knee","floor":1.0},{"not_picked":["Catalyst","Underhanded Strike"],"picked":"Infinite Blades","floor":3.0},{"not_picked":["Leg Sweep","Flying Knee"],"picked":"Infinite Blades","floor":4.0},{"not_picked":["Skewer","Blur"],"picked":"Cloak And Dagger","floor":5.0},{"not_picked":["Slice","Flying Knee"],"picked":"Dagger Spray","floor":7.0},{"not_picked":["Tools of the Trade","Outmaneuver"],"picked":"Footwork","floor":8.0},{"not_picked":["Skewer","PiercingWail"],"picked":"Riddle With Holes","floor":13.0},{"not_picked":["Bullet Time","Adrenaline"],"picked":"Wraith Form v2","floor":16.0},{"not_picked":["Infinite Blades","Poisoned Stab"],"picked":"Deflect","floor":18.0},{"not_picked":["Blade Dance+1","Predator"],"picked":"Leg Sweep+1","floor":20.0},{"not_picked":["Sucker Punch","Endless Agony"],"picked":"Slice+1","floor":21.0},{"not_picked":["Leg Sweep","Dagger Spray"],"picked":"Footwork+1","floor":22.0},{"not_picked":["Acrobatics","Distraction"],"picked":"Cloak And Dagger","floor":24.0}],"player_experience":609902,"relics_obtained":[{"floor":8.0,"key":"Boot"},{"floor":9.0,"key":"Bag of Marbles"}],"event_choices":[{"cards_removed":["Strike_G"],"damage_healed":0.0,"max_hp_gain":0.0,"max_hp_loss":0.0,"gold_gain":0.0,"event_name":"Purifier","player_choice":"Purged","floor":2.0,"gold_loss":0.0,"damage_taken":0.0},{"damage_healed":0.0,"max_hp_gain":0.0,"max_hp_loss":0.0,"gold_gain":0.0,"event_name":"WeMeetAgain","player_choice":"Gave Potion","floor":11.0,"gold_loss":0.0,"damage_taken":0.0,"relics_obtained":["Omamori"]},{"damage_healed":0.0,"max_hp_gain":0.0,"max_hp_loss":0.0,"gold_gain":0.0,"event_name":"Match and Keep!","player_choice":"3 cards matched","floor":19.0,"gold_loss":0.0,"damage_taken":0.0,"cards_obtained":["Sucker Punch","Neutralize","Glass Knife"]}],"is_beta":false,"boss_relics":[{"not_picked":["Orrery","Runic Pyramid"],"picked":"Empty Cage"}],"items_purged_floors":[14],"is_endless":false,"potions_floor_spawned":[4,5,8,13,16,21,22],"killed_by":"Book of Stabbing","ascension_level":15}