{"gold_per_floor":[112,129,129,32,49,49,80,80,104,122,138,116,116,143,143,216,216,234,159,159,258,270,299,299,328,328,328,339,339,368,378,378,452,452,469,482,77,96,6,6,32,32,58,58,68,114,141,169,181,193],"floor_reached":51,"playtime":3986,"items_purged":["Strike_G"],"score":1172,"play_id":"f43cdd90-4149-4715-b49d-96c30d44d9a8","local_time":"20190329172440","is_ascension_mode":true,"campfire_choices":[{"data":"Footwork","floor":6.0,"key":"SMITH"},{"floor":13.0,"key":"REST"},{"floor":15.0,"key":"REST"},{"floor":24.0,"key":"REST"},{"floor":27.0,"key":"REST"},{"floor":29.0,"key":"REST"},{"floor":32.0,"key":"REST"},{"floor":40.0,"key":"REST"},{"data":"Burst","floor":42.0,"key":"SMITH"},{"floor":44.0,"key":"REST"},{"floor":49.0,"key":"REST"}],"neow_cost":"NONE","seed_source_timestamp":272597654910151,"circlet_count":0,"master_deck":["AscendersBane","Defend_G+1","Defend_G","Defend_G+1","Defend_G+1","Strike_G","Survivor","Neutralize","Noxious Fumes+1","Caltrops+1","Backflip","Footwork+1","Bane","Poisoned Stab","Cloak And Dagger","Dodge and Roll+1","Escape Plan","Burst+1","Riddle With Holes+1","Flying Knee+1","Dodge and Roll","Cloak And Dagger+1","Poisoned Stab","Venomology","Dodge and Roll+1","Quick Slash+1","Mayhem","Caltrops","Well Laid Plans","Flying Knee+1"],"special_seed":0,"relics":["Busted Crown","Bag of Preparation","Ancient Tea Set","Prayer Wheel","Astrolabe","Vajra","War Paint","Gambling Chip","The Courier","Lizard Tail","Pantograph","Singing Bowl","Lantern","MawBank"],"potions_floor_usage":[50,50,50],"damage_taken":[{"damage":8.0,"enemies":"Small Slimes","floor":1.0,"turns":5.0},{"damage":0.0,"enemies":"2 Louse","floor":2.0,"turns":4.0},{"damage":0.0,"enemies":"Cultist","floor":5.0,"turns":4.0},{"damage":21.0,"enemies":"Gremlin Nob","floor":7.0,"turns":6.0},{"damage":0.0,"enemies":"2 Fungi Beasts","floor":10.0,"turns":4.0},{"damage":5.0,"enemies":"Blue Slaver","floor":11.0,"turns":3.0},{"damage":7.0,"enemies":"3 Sentries","floor":14.0,"turns":6.0},{"damage":23.0,"enemies":"The Guardian","floor":16.0,"turns":9.0},{"damage":15.0,"enemies":"Spheric Guardian","floor":18.0,"turns":6.0},{"damage":0.0,"enemies":"Chosen","floor":22.0,"turns":4.0},{"damage":35.0,"enemies":"Slavers","floor":23.0,"turns":6.0},{"damage":20.0,"enemies":"Gremlin Leader","floor":25.0,"turns":7.0},{"damage":11.0,"enemies":"Shelled Parasite and Fungi","floor":28.0,"turns":4.0},{"damage":22.0,"enemies":"Slavers","floor":30.0,"turns":7.0},{"damage":2.0,"enemies":"Snecko","floor":31.0,"turns":5.0},{"damage":32.0,"enemies":"Champ","floor":33.0,"turns":14.0},{"damage":15.0,"enemies":"3 Darklings","floor":35.0,"turns":6.0},{"damage":7.0,"enemies":"3 Shapes","floor":36.0,"turns":5.0},{"damage":12.0,"enemies":"Writhing Mass","floor":38.0,"turns":6.0},{"damage":26.0,"enemies":"Giant Head","floor":41.0,"turns":10.0},{"damage":9.0,"enemies":"Jaw Worm Horde","floor":45.0,"turns":5.0},{"damage":0.0,"enemies":"Maw","floor":47.0,"turns":8.0},{"damage":28.0,"enemies":"Transient","floor":48.0,"turns":5.0},{"damage":37,"enemies":"Awakened One","floor":50,"turns":19}],"seed_played":"4629936708697038803","potions_obtained":[{"floor":1.0,"key":"SpeedPotion"},{"floor":11.0,"key":"Poison Potion"},{"floor":14.0,"key":"SkillPotion"},{"floor":22.0,"key":"Fruit Juice"},{"floor":23.0,"key":"Explosive Potion"},{"floor":28.0,"key":"FearPotion"},{"floor":31.0,"key":"Energy Potion"},{"floor":33.0,"key":"Swift Potion"},{"floor":41.0,"key":"AttackPotion"},{"floor":45.0,"key":"Block Potion"},{"floor":47.0,"key":"Weak Potion"}],"is_trial":false,"path_per_floor":["M","M","?","$","M","R","E","?","T","M","M","$","R","E","R","B",null,"M","?","?","?","M","E","R","E","T","R","M","R","E","M","R","B",null,"M","M","$","M","?","R","E","R","T","R","M","T","M","M","R","B",null],"character_chosen":"THE_SILENT","items_purchased":["Backflip","Dodge and Roll","Mayhem","Pantograph","Caltrops"],"campfire_rested":9,"item_purchase_floors":[4,12,37,37,37],"current_hp_per_floor":[55,55,41,41,41,41,20,20,20,20,15,15,36,29,50,27,59,44,44,44,44,44,14,36,16,16,38,27,49,27,25,47,15,60,45,38,38,26,26,48,24,24,24,47,42,42,44,20,46,34],"gold":205,"neow_bonus":"BOSS_RELIC","is_prod":false,"is_daily":false,"chose_seed":false,"campfire_upgraded":2,"win_rate":0,"timestamp":1553905480,"path_taken":["M","M","?","$","M","R","E","?","T","M","?","$","R","E","R","BOSS","M","?","?","?","M","E","R","E","T","R","?","R","E","M","R","BOSS","M","M","$","M","?","R","E","R","T","R","M","?","M","M","R","BOSS"],"build_version":"2019-01-23","purchased_purges":1,"victory":true,"max_hp_per_floor":[70,70,70,70,70,70,70,70,70,70,70,70,70,70,70,70,70,70,70,70,70,70,75,75,75,75,75,75,75,75,75,75,75,75,75,75,75,75,75,75,77,77,77,77,81,81,83,87,87,87],"card_choices":[{"not_picked":[],"picked":"Noxious Fumes","floor":1.0},{"not_picked":[],"picked":"Caltrops","floor":2.0},{"not_picked":[],"picked":"Footwork","floor":5.0},{"not_picked":[],"picked":"Bane","floor":7.0},{"not_picked":[],"picked":"Poisoned Stab","floor":10.0},{"not_picked":[],"picked":"Cloak And Dagger","floor":11.0},{"not_picked":[],"picked":"Escape Plan","floor":14.0},{"not_picked":[],"picked":"Burst","floor":16.0},{"not_picked":["Underhanded Strike"],"picked":"SKIP","floor":18.0},{"not_picked":["Tactician"],"picked":"SKIP","floor":18.0},{"not_picked":[],"picked":"Dodge and Roll","floor":22.0},{"not_picked":[],"picked":"Cloak And Dagger+1","floor":22.0},{"not_picked":["Expertise"],"picked":"SKIP","floor":23.0},{"not_picked":["Setup"],"picked":"SKIP","floor":25.0},{"not_picked":[],"picked":"Poisoned Stab","floor":28.0},{"not_picked":["PiercingWail"],"picked":"SKIP","floor":28.0},{"not_picked":["Dagger Spray"],"picked":"SKIP","floor":30.0},{"not_picked":["Prepared"],"picked":"SKIP","floor":31.0},{"not_picked":["Reflex"],"picked":"SKIP","floor":31.0},{"not_picked":[],"picked":"Venomology","floor":33.0},{"not_picked":[],"picked":"Dodge and Roll+1","floor":35.0},{"not_picked":[],"picked":"Quick Slash+1","floor":35.0},{"not_picked":["PiercingWail"],"picked":"SKIP","floor":36.0},{"not_picked":["PiercingWail"],"picked":"SKIP","floor":36.0},{"not_picked":[],"picked":"Well Laid Plans","floor":38.0},{"not_picked":["Tactician"],"picked":"SKIP","floor":38.0},{"not_picked":["Backflip"],"picked":"Singing Bowl","floor":41.0},{"not_picked":["Reflex+1"],"picked":"Singing Bowl","floor":45.0},{"not_picked":["Outmaneuver+1"],"picked":"Singing Bowl","floor":45.0},{"not_picked":["Dodge and Roll"],"picked":"Singing Bowl","floor":47.0},{"not_picked":[],"picked":"Flying Knee+1","floor":47.0},{"not_picked":["Outmaneuver"],"picked":"Singing Bowl","floor":48.0},{"not_picked":["Slice"],"picked":"Singing Bowl","floor":48.0}],"player_experience":568493,"relics_obtained":[{"floor":7.0,"key":"Bag of Preparation"},{"floor":9.0,"key":"Ancient Tea Set"},{"floor":14.0,"key":"Prayer Wheel"},{"floor":23.0,"key":"Vajra"},{"floor":25.0,"key":"War Paint"},{"floor":26.0,"key":"Gambling Chip"},{"floor":30.0,"key":"The Courier"},{"floor":41.0,"key":"Singing Bowl"},{"floor":43.0,"key":"Lantern"},{"floor":46.0,"key":"MawBank"}],"event_choices":[{"damage_healed":0.0,"max_hp_gain":0.0,"max_hp_loss":0.0,"gold_gain":0.0,"event_name":"Shining Light","player_choice":"Entered Light","floor":3.0,"gold_loss":0.0,"damage_taken":14.0,"cards_upgraded":["Defend_G","Caltrops"]},{"damage_healed":0.0,"max_hp_gain":0.0,"max_hp_loss":0.0,"gold_gain":0.0,"event_name":"Upgrade Shrine","player_choice":"Upgraded","floor":8.0,"gold_loss":0.0,"damage_taken":0.0,"cards_upgraded":["Noxious Fumes"]},{"cards_removed":["Underhanded Strike"],"damage_healed":0.0,"max_hp_gain":0.0,"max_hp_loss":0.0,"gold_gain":0.0,"event_name":"Beggar","player_choice":"Gave Gold","floor":19.0,"gold_loss":75.0,"damage_taken":0.0},{"damage_healed":0.0,"max_hp_gain":0.0,"max_hp_loss":0.0,"gold_gain":0.0,"event_name":"Vampires","player_choice":"Ignored","floor":20.0,"gold_loss":0.0,"damage_taken":0.0},{"damage_healed":0.0,"max_hp_gain":0.0,"max_hp_loss":0.0,"gold_gain":99.0,"event_name":"Nest","player_choice":"Stole From Cult","floor":21.0,"gold_loss":0.0,"damage_taken":0.0},{"cards_removed":["Strike_G"],"damage_healed":0.0,"max_hp_gain":0.0,"max_hp_loss":0.0,"gold_gain":0.0,"event_name":"Designer","player_choice":"Upgrade and Remove","floor":39.0,"gold_loss":90.0,"damage_taken":0.0,"cards_upgraded":["Dodge and Roll"]}],"is_beta":false,"boss_relics":[{"not_picked":["Runic Pyramid","Fusion Hammer"],"picked":"Astrolabe"},{"not_picked":["Runic Dome","Calling Bell"],"picked":"Lizard Tail"}],"items_purged_floors":[4],"is_endless":false,"potions_floor_spawned":[1,11,14,22,23,28,31,33,35,41,45,47],"ascension_level":13}