{"gold_per_floor":[116,116,64,79,92,120,120,146,146,71,71,71,71],"floor_reached":13,"playtime":391,"items_purged":["Defend_R"],"score":132,"play_id":"f4a1aabf-2d55-445d-8d59-605f67462a3b","local_time":"20190510121624","is_ascension_mode":true,"campfire_choices":[{"floor":7.0,"key":"REST"},{"floor":11.0,"key":"REST"}],"neow_cost":"NONE","seed_source_timestamp":520350245771343,"circlet_count":0,"master_deck":["Strike_R","Strike_R","Strike_R","Strike_R","Defend_R","Defend_R","Defend_R","Bash","Shrug It Off","Entrench","Shrug It Off","Shrug It Off"],"special_seed":0,"relics":["Burning Blood","NeowsBlessing","Ancient Tea Set","Molten Egg 2","Dream Catcher"],"potions_floor_usage":[],"damage_taken":[{"damage":0.0,"enemies":"Small Slimes","floor":1.0,"turns":1.0},{"damage":0.0,"enemies":"Cultist","floor":4.0,"turns":1.0},{"damage":0.0,"enemies":"2 Louse","floor":5.0,"turns":1.0},{"damage":59.0,"enemies":"Lagavulin","floor":6.0,"turns":8.0},{"damage":35.0,"enemies":"Gremlin Nob","floor":8.0,"turns":6.0},{"damage":50,"enemies":"Exordium Thugs","floor":13,"turns":6}],"seed_played":"-3993946750239608404","potions_obtained":[{"floor":4.0,"key":"EntropicBrew"},{"floor":5.0,"key":"Strength Potion"},{"floor":6.0,"key":"SpeedPotion"}],"is_trial":false,"path_per_floor":["M","?","$","M","M","E","R","E","T","$","R","?","M"],"character_chosen":"IRONCLAD","items_purchased":["Shrug It Off"],"campfire_rested":2,"item_purchase_floors":[3],"current_hp_per_floor":[78,78,78,80,80,27,51,22,22,22,46,46,0],"gold":71,"neow_bonus":"THREE_ENEMY_KILL","is_prod":false,"is_daily":false,"chose_seed":false,"campfire_upgraded":0,"win_rate":0,"timestamp":1557483384,"path_taken":["M","?","$","?","M","E","R","E","T","?","R","?","M"],"build_version":"2019-01-23","purchased_purges":1,"victory":false,"max_hp_per_floor":[80,80,80,80,80,80,80,80,80,80,80,80,80],"card_choices":[{"not_picked":["Sword Boomerang","Perfected Strike","Armaments"],"picked":"SKIP","floor":1.0},{"not_picked":["True Grit","Armaments"],"picked":"Entrench","floor":4.0},{"not_picked":["Anger","Shockwave"],"picked":"Shrug It Off","floor":5.0},{"not_picked":["Power Through","Sword Boomerang","Second Wind"],"picked":"SKIP","floor":6.0},{"not_picked":["Rupture","Dark Embrace"],"picked":"Shrug It Off","floor":8.0}],"player_experience":442597,"relics_obtained":[{"floor":6.0,"key":"Ancient Tea Set"},{"floor":8.0,"key":"Molten Egg 2"},{"floor":9.0,"key":"Dream Catcher"}],"event_choices":[{"cards_removed":["Strike_R"],"damage_healed":0.0,"max_hp_gain":0.0,"max_hp_loss":0.0,"gold_gain":0.0,"event_name":"Bonfire Elementals","player_choice":"Offered Basic","floor":2.0,"gold_loss":0.0,"damage_taken":0.0},{"damage_healed":0.0,"max_hp_gain":0.0,"max_hp_loss":0.0,"gold_gain":0.0,"event_name":"Liars Game","player_choice":"Ignored","floor":12.0,"gold_loss":0.0,"damage_taken":0.0}],"is_beta":false,"boss_relics":[],"items_purged_floors":[10],"is_endless":false,"potions_floor_spawned":[4,5,6],"killed_by":"Exordium Thugs","ascension_level":9}