{"gold_per_floor":[116,291,291,309,309,338,338,373,373,393,420,439,439,473,473,574,574,586,599,613,293,305,340,340,366,436,436,456,484,484,218,218,322,322,332,343,67,67],"floor_reached":38,"playtime":1962,"items_purged":["Defend_B","Zap","Strike_B"],"score":536,"play_id":"939c0174-a9b3-4ed4-8c24-e6e66a80012e","local_time":"20190416083158","is_ascension_mode":true,"campfire_choices":[{"data":"Genetic Algorithm","floor":7.0,"key":"SMITH"},{"floor":13.0,"key":"REST"},{"floor":15.0,"key":"REST"},{"floor":24.0,"key":"REST"},{"data":"Buffer","floor":27.0,"key":"SMITH"},{"data":"Streamline","floor":30.0,"key":"SMITH"},{"data":"Self Repair","floor":32.0,"key":"SMITH"}],"neow_cost":"NONE","seed_source_timestamp":184388512037408,"circlet_count":0,"master_deck":["Strike_B","Strike_B","Defend_B","Defend_B","Defend_B","Dualcast","Genetic Algorithm+1","Reinforced Body","Streamline+1","Gash","Rip and Tear+1","Undo","Buffer+1","Go for the Eyes+1","Sweeping Beam+1","Leap","Gash+1","Self Repair+1","Streamline+1","Conserve Battery+1","Ball Lightning+1","Hologram+1","Rebound+1","Meteor Strike+1","Thunder Strike+1","Hologram+1","Hyperbeam+1"],"special_seed":0,"relics":["Cracked Core","NeowsBlessing","Pen Nib","Kunai","Molten Egg 2","Question Card","Dodecahedron","Runic Pyramid","Bag of Marbles","Art of War","Ornamental Fan","Cables","Mango","White Beast Statue"],"potions_floor_usage":[35],"damage_taken":[{"damage":0.0,"enemies":"Cultist","floor":1.0,"turns":1.0},{"damage":0.0,"enemies":"Small Slimes","floor":4.0,"turns":1.0},{"damage":0.0,"enemies":"3 Sentries","floor":6.0,"turns":1.0},{"damage":26.0,"enemies":"Gremlin Nob","floor":8.0,"turns":5.0},{"damage":2.0,"enemies":"2 Louse","floor":10.0,"turns":2.0},{"damage":16.0,"enemies":"3 Sentries","floor":11.0,"turns":6.0},{"damage":8.0,"enemies":"Lots of Slimes","floor":12.0,"turns":4.0},{"damage":13.0,"enemies":"Lagavulin","floor":14.0,"turns":4.0},{"damage":44.0,"enemies":"Slime Boss","floor":16.0,"turns":12.0},{"damage":0.0,"enemies":"Spheric Guardian","floor":18.0,"turns":4.0},{"damage":0.0,"enemies":"Shell Parasite","floor":19.0,"turns":5.0},{"damage":17.0,"enemies":"Centurion and Healer","floor":20.0,"turns":7.0},{"damage":36.0,"enemies":"Shelled Parasite and Fungi","floor":22.0,"turns":8.0},{"damage":19.0,"enemies":"Slavers","floor":23.0,"turns":5.0},{"damage":12.0,"enemies":"Gremlin Leader","floor":25.0,"turns":7.0},{"damage":0.0,"enemies":"Snake Plant","floor":28.0,"turns":4.0},{"damage":5.0,"enemies":"Slavers","floor":29.0,"turns":6.0},{"damage":26.0,"enemies":"Champ","floor":33.0,"turns":14.0},{"damage":37,"enemies":"3 Darklings","floor":35,"turns":7},{"damage":44,"enemies":"3 Shapes","floor":36,"turns":6},{"damage":42,"enemies":"Maw","floor":38,"turns":7}],"seed_played":"-3454466844893668886","potions_obtained":[{"floor":1.0,"key":"PowerPotion"},{"floor":8.0,"key":"Block Potion"},{"floor":12.0,"key":"FocusPotion"},{"floor":16.0,"key":"Fruit Juice"},{"floor":20.0,"key":"Strength Potion"},{"floor":22.0,"key":"Dexterity Potion"},{"floor":23.0,"key":"AttackPotion"},{"floor":25.0,"key":"AttackPotion"},{"floor":33.0,"key":"Dexterity Potion"},{"floor":35,"key":"GamblersBrew"}],"is_trial":false,"path_per_floor":["?","?","?","M","M"],"character_chosen":"DEFECT","items_purchased":["Gash+1","Bag of Marbles","Self Repair","Rebound+1","Meteor Strike+1","Hyperbeam+1"],"campfire_rested":3,"item_purchase_floors":[21,21,21,31,31,37],"current_hp_per_floor":[75,75,75,75,75,75,75,49,49,47,31,23,45,32,54,15,80,80,80,63,63,34,22,46,41,41,41,48,64,64,64,64,48,94,67,33,33,0],"gold":67,"neow_bonus":"THREE_ENEMY_KILL","is_prod":false,"is_daily":false,"chose_seed":false,"campfire_upgraded":4,"win_rate":0,"timestamp":1555396318,"path_taken":["M","?","?","M","?","E","R","E","T","?","E","M","R","E","R","BOSS","M","M","M","$","M","E","R","E","T","R","M","E","R","$","R","BOSS","M","?","$","M"],"build_version":"2019-01-23","purchased_purges":3,"victory":false,"max_hp_per_floor":[75,75,75,75,75,75,75,75,75,75,75,75,75,75,75,80,80,80,80,80,80,80,80,80,80,80,80,80,94,94,94,94,94,94,94,94,94,94],"card_choices":[{"not_picked":["Glacier","Redo"],"picked":"Genetic Algorithm","floor":1.0},{"not_picked":["Beam Cell","Coolheaded","Compile Driver"],"picked":"SKIP","floor":4.0},{"not_picked":["Cold Snap","Steam"],"picked":"Streamline","floor":6.0},{"not_picked":["FTL","Beam Cell"],"picked":"Gash","floor":8.0},{"not_picked":["Static Discharge","Lockon+1"],"picked":"Rip and Tear+1","floor":10.0},{"not_picked":["Rainbow","Glacier","Coolheaded"],"picked":"SKIP","floor":11.0},{"not_picked":["Chaos","Turbo","Redo","White Noise"],"picked":"SKIP","floor":12.0},{"not_picked":["Chaos","Tempest","Recycle"],"picked":"Undo","floor":14.0},{"not_picked":["Core Surge+1","Rainbow","Creative AI"],"picked":"Buffer","floor":16.0},{"not_picked":["Stack+1","Auto Shields","BootSequence"],"picked":"Go for the Eyes+1","floor":18.0},{"not_picked":["Sunder+1","Capacitor+1","Defragment"],"picked":"Sweeping Beam+1","floor":19.0},{"not_picked":["Consume+1","Genetic Algorithm","Stack"],"picked":"Leap","floor":20.0},{"not_picked":["Hello World","Force Field","Coolheaded"],"picked":"Streamline+1","floor":22.0},{"not_picked":["Streamline+1","Steam Power","Redo","Genetic Algorithm"],"picked":"SKIP","floor":23.0},{"not_picked":["Auto Shields","Steam","Meteor Strike+1"],"picked":"Conserve Battery+1","floor":25.0},{"not_picked":["Turbo","Static Discharge","Steam+1"],"picked":"Ball Lightning+1","floor":28.0},{"not_picked":["Ball Lightning+1","Consume","Loop"],"picked":"Hologram+1","floor":29.0},{"not_picked":["Rainbow","Biased Cognition","Multi-Cast"],"picked":"Thunder Strike+1","floor":33.0},{"not_picked":["Beam Cell+1","Streamline+1","Sweeping Beam+1"],"picked":"Hologram+1","floor":35},{"not_picked":["Chill","Beam Cell+1","Leap+1","Ball Lightning+1"],"picked":"SKIP","floor":36}],"player_experience":80625,"relics_obtained":[{"floor":6.0,"key":"Pen Nib"},{"floor":8.0,"key":"Kunai"},{"floor":9.0,"key":"Molten Egg 2"},{"floor":11.0,"key":"Question Card"},{"floor":14.0,"key":"Dodecahedron"},{"floor":23.0,"key":"Art of War"},{"floor":25.0,"key":"Ornamental Fan"},{"floor":26.0,"key":"Cables"},{"floor":29.0,"key":"Mango"}],"event_choices":[{"damage_healed":0.0,"max_hp_gain":0.0,"max_hp_loss":0.0,"gold_gain":175.0,"event_name":"Liars Game","player_choice":"AGREE","floor":2.0,"gold_loss":0.0,"damage_taken":0.0,"cards_obtained":["Doubt"]},{"cards_removed":["Doubt"],"damage_healed":0.0,"max_hp_gain":0.0,"max_hp_loss":0.0,"gold_gain":0.0,"event_name":"Living Wall","player_choice":"Forget","floor":3.0,"gold_loss":0.0,"damage_taken":0.0},{"damage_healed":0.0,"max_hp_gain":0.0,"max_hp_loss":0.0,"gold_gain":0.0,"cards_transformed":["Strike_B"],"event_name":"Transmorgrifier","player_choice":"Transformed","floor":5.0,"gold_loss":0.0,"damage_taken":0.0,"cards_obtained":["Reinforced Body"]}],"is_beta":false,"boss_relics":[{"not_picked":["Coffee Dripper","Ectoplasm"],"picked":"Runic Pyramid"},{"not_picked":["Fusion Hammer","Snecko Eye"],"picked":"White Beast Statue"}],"items_purged_floors":[21,31,37],"is_endless":false,"potions_floor_spawned":[1,8,12,16,20,22,23,25,33,35,36],"killed_by":"Maw","ascension_level":1}