{"gold_per_floor":[115,16,35,51,51,51,51,51,101,145,145,170,201,221,221,221],"floor_reached":16,"playtime":1333,"items_purged":["Doubt"],"score":220,"play_id":"e0834819-a1f3-4a49-ad1e-1ae25647ea2c","local_time":"20190124165418","is_ascension_mode":true,"campfire_choices":[{"data":"Storm of Steel","floor":6,"key":"SMITH"},{"data":"Acrobatics","floor":11,"key":"SMITH"},{"data":"Accuracy","floor":15,"key":"SMITH"}],"neow_cost":"CURSE","seed_source_timestamp":1200054030058473,"circlet_count":0,"master_deck":["AscendersBane","Defend_G","Defend_G","Defend_G","Defend_G","Defend_G","Strike_G","Strike_G","Strike_G","Strike_G","Strike_G","Survivor","Neutralize+1","Storm of Steel+1","Flying Knee","Prepared","Acrobatics+1","Predator","Injury","Backflip","Accuracy+1","Blade Dance","Blade Dance"],"relics":["Ring of the Snake","Golden Idol","Oddly Smooth Stone","PreservedInsect","Letter Opener"],"potions_floor_usage":[10,10,16],"damage_taken":[{"damage":0,"enemies":"Cultist","floor":1,"turns":3},{"damage":0,"enemies":"2 Louse","floor":3,"turns":3},{"damage":3,"enemies":"Small Slimes","floor":4,"turns":4},{"damage":15,"enemies":"Lagavulin","floor":10,"turns":3},{"damage":3,"enemies":"Blue Slaver","floor":12,"turns":4},{"damage":8,"enemies":"Gremlin Nob","floor":13,"turns":3},{"damage":9,"enemies":"Red Slaver","floor":14,"turns":5},{"damage":21,"enemies":"The Guardian","floor":16,"turns":9}],"seed_played":"661516553865301214","potions_obtained":[{"floor":1,"key":"FearPotion"},{"floor":3,"key":"Strength Potion"},{"floor":13,"key":"GhostInAJar"}],"is_trial":false,"path_per_floor":["M","$","M","M","?","R","?","?","T","E","R","M","E","M","R","B"],"character_chosen":"THE_SILENT","items_purchased":["Prepared"],"campfire_rested":0,"item_purchase_floors":[2],"current_hp_per_floor":[59,59,59,56,56,56,56,56,56,41,41,38,30,21,21,0],"gold":221,"neow_bonus":"THREE_RARE_CARDS","is_prod":false,"is_daily":false,"chose_seed":false,"campfire_upgraded":3,"win_rate":0,"timestamp":1548345258,"path_taken":["M","$","M","M","?","R","?","?","T","E","R","?","E","M","R","BOSS"],"build_version":"2019-01-23","purchased_purges":1,"victory":false,"max_hp_per_floor":[66,66,66,66,66,66,66,66,66,66,66,66,66,66,66,66],"card_choices":[{"not_picked":["Die Die Die","Glass Knife"],"picked":"Storm of Steel","floor":0},{"not_picked":["Sucker Punch","Eviscerate"],"picked":"Flying Knee","floor":1},{"not_picked":["Dodge and Roll","Slice"],"picked":"Acrobatics","floor":3},{"not_picked":["Poisoned Stab","Deflect"],"picked":"Predator","floor":4},{"not_picked":["Infinite Blades","Choke"],"picked":"Backflip","floor":10},{"not_picked":["Deadly Poison","Dagger Spray"],"picked":"Accuracy","floor":12},{"not_picked":["Dodge and Roll","Flying Knee"],"picked":"Blade Dance","floor":13},{"not_picked":["Riddle With Holes","Flechettes"],"picked":"Blade Dance","floor":14}],"player_experience":2693049,"relics_obtained":[{"floor":9,"key":"Oddly Smooth Stone"},{"floor":10,"key":"PreservedInsect"},{"floor":13,"key":"Letter Opener"}],"event_choices":[{"damage_healed":0,"gold_gain":0,"player_choice":"Ignored","damage_taken":0,"max_hp_gain":0,"max_hp_loss":0,"event_name":"Liars Game","floor":5,"gold_loss":0},{"damage_healed":0,"gold_gain":0,"player_choice":"Take Wound","damage_taken":0,"relics_obtained":["Golden Idol"],"max_hp_gain":0,"max_hp_loss":0,"event_name":"Golden Idol","floor":7,"gold_loss":0,"cards_obtained":["Injury"]},{"damage_healed":0,"gold_gain":0,"player_choice":"Upgraded","damage_taken":0,"max_hp_gain":0,"max_hp_loss":0,"event_name":"Upgrade Shrine","floor":8,"gold_loss":0,"cards_upgraded":["Neutralize"]}],"is_beta":false,"boss_relics":[],"items_purged_floors":[2],"is_endless":false,"potions_floor_spawned":[1,3,13],"killed_by":"The Guardian","ascension_level":20}