{"gold_per_floor":[115,66,141,141,151,151,480,491,491,518,531,531,559,571,571,672,672,692,183,283,283,483,513,513,533,584,597,597,230,230,230],"floor_reached":31,"playtime":1447,"items_purged":["Defend_R","Defend_R"],"score":351,"play_id":"d24bf105-f9d7-4f69-b2e9-e1ae8aaf3b45","local_time":"20190419062910","is_ascension_mode":true,"campfire_choices":[{"data":"Seeing Red","floor":6,"key":"SMITH"},{"data":"Perfected Strike","floor":12,"key":"SMITH"},{"data":"Armaments","floor":15,"key":"SMITH"},{"floor":24,"key":"REST"}],"neow_cost":"NONE","seed_source_timestamp":436749921179495,"circlet_count":0,"master_deck":["Strike_R","Strike_R","Strike_R","Strike_R","Strike_R","Defend_R+1","Defend_R+1","Bash","Seeing Red+1","Armaments+1","Pommel Strike","Wild Strike","Perfected Strike+1","Twin Strike","Headbutt","Barricade","Wild Strike+1","Wild Strike","Berserk","Warcry","Necronomicurse","Intimidate"],"relics":["Burning Blood","NeowsBlessing","Old Coin","Mercury Hourglass","Kunai","Pantograph","Runic Dome","Shuriken","Blood Vial","Du-Vu Doll","Ornamental Fan","War Paint","Necronomicon","Juzu Bracelet","MutagenicStrength"],"potions_floor_usage":[10,16,16,20,20,31,31],"damage_taken":[{"damage":0,"enemies":"Small Slimes","floor":1,"turns":1},{"damage":0,"enemies":"2 Louse","floor":5,"turns":1},{"damage":0,"enemies":"3 Sentries","floor":7,"turns":1},{"damage":16,"enemies":"Jaw Worm","floor":8,"turns":5},{"damage":20,"enemies":"Gremlin Nob","floor":10,"turns":4},{"damage":9,"enemies":"3 Louse","floor":11,"turns":3},{"damage":8,"enemies":"3 Sentries","floor":13,"turns":6},{"damage":0,"enemies":"2 Fungi Beasts","floor":14,"turns":2},{"damage":59,"enemies":"Hexaghost","floor":16,"turns":8},{"damage":29,"enemies":"2 Thieves","floor":18,"turns":3},{"damage":14,"enemies":"Colosseum Slavers","floor":20,"turns":2},{"damage":29,"enemies":"Colosseum Nobs","floor":20,"turns":5},{"damage":33,"enemies":"Book of Stabbing","floor":23,"turns":4},{"damage":0,"enemies":"Spheric Guardian","floor":25,"turns":1},{"damage":10,"enemies":"Centurion and Healer","floor":27,"turns":4},{"damage":29,"enemies":"Shelled Parasite and Fungi","floor":31,"turns":3}],"seed_played":"1210208937127105747","potions_obtained":[{"floor":1,"key":"SteroidPotion"},{"floor":7,"key":"Dexterity Potion"},{"floor":13,"key":"SteroidPotion"},{"floor":14,"key":"AttackPotion"},{"floor":18,"key":"Strength Potion"},{"floor":27,"key":"GamblersBrew"}],"is_trial":false,"path_per_floor":["?","?","?","?","?","M","?","?"],"character_chosen":"IRONCLAD","items_purchased":["Armaments","Shuriken","Blood Vial","Wild Strike","Intimidate","Juzu Bracelet","SpeedPotion"],"campfire_rested":1,"item_purchase_floors":[2,19,19,19,29,29,29],"current_hp_per_floor":[80,80,69,74,80,80,85,75,75,61,58,58,56,62,62,32,85,62,62,35,35,35,10,35,43,43,41,25,25,25,0],"gold":230,"neow_bonus":"THREE_ENEMY_KILL","is_prod":false,"is_daily":false,"chose_seed":false,"campfire_upgraded":3,"win_rate":0,"timestamp":1555648150,"path_taken":["M","$","?","?","M","R","E","M","T","E","M","R","E","M","R","BOSS","M","$","?","?","?","E","R","?","T","M","?","$","?","M"],"build_version":"2019-01-23","purchased_purges":2,"victory":false,"max_hp_per_floor":[80,80,80,85,85,85,85,85,85,85,85,85,85,85,85,85,85,85,85,85,85,85,85,85,85,85,85,85,85,85,85],"card_choices":[{"not_picked":["Evolve","Wild Strike"],"picked":"Seeing Red","floor":1},{"not_picked":["Warcry","Searing Blow"],"picked":"Pommel Strike","floor":5},{"not_picked":["Thunderclap","Bludgeon"],"picked":"Wild Strike","floor":7},{"not_picked":["Infernal Blade","Carnage","Blood for Blood"],"picked":"SKIP","floor":8},{"not_picked":["Clash","Flex"],"picked":"Perfected Strike","floor":10},{"not_picked":["Battle Trance","Fire Breathing","Thunderclap"],"picked":"SKIP","floor":11},{"not_picked":["Bloodletting","Sword Boomerang"],"picked":"Twin Strike","floor":13},{"not_picked":["Fire Breathing","Carnage"],"picked":"Headbutt","floor":14},{"not_picked":["Immolate","Dark Embrace"],"picked":"Barricade","floor":16},{"not_picked":["Anger","Blood for Blood"],"picked":"Wild Strike+1","floor":18},{"not_picked":["Warcry","Metallicize"],"picked":"Berserk","floor":23},{"not_picked":["Havoc","Blood for Blood"],"picked":"Warcry","floor":25},{"not_picked":["Inflame+1","Feel No Pain","Clash+1"],"picked":"SKIP","floor":27}],"player_experience":96614,"relics_obtained":[{"floor":7,"key":"Old Coin"},{"floor":9,"key":"Mercury Hourglass"},{"floor":10,"key":"Kunai"},{"floor":13,"key":"Pantograph"},{"floor":20,"key":"Du-Vu Doll"},{"floor":20,"key":"Ornamental Fan"},{"floor":23,"key":"War Paint"},{"floor":28,"key":"Necronomicon"}],"event_choices":[{"damage_healed":0,"gold_gain":75,"player_choice":"Gather Gold","damage_taken":11,"max_hp_gain":0,"max_hp_loss":0,"event_name":"World of Goop","floor":3,"gold_loss":0},{"damage_healed":0,"gold_gain":0,"player_choice":"Donut","damage_taken":0,"max_hp_gain":5,"max_hp_loss":0,"event_name":"Big Fish","floor":4,"gold_loss":0},{"damage_healed":0,"gold_gain":0,"player_choice":"Fight","damage_taken":0,"max_hp_gain":0,"max_hp_loss":0,"event_name":"Colosseum","floor":20,"gold_loss":0},{"damage_healed":0,"gold_gain":0,"player_choice":"Fought Nobs","damage_taken":0,"max_hp_gain":0,"max_hp_loss":0,"event_name":"Colosseum","floor":20,"gold_loss":0},{"damage_healed":0,"gold_gain":0,"player_choice":"Ignored","damage_taken":0,"max_hp_gain":0,"max_hp_loss":0,"event_name":"Ghosts","floor":21,"gold_loss":0},{"damage_healed":0,"gold_gain":200,"player_choice":"Gold","damage_taken":0,"max_hp_gain":0,"max_hp_loss":0,"event_name":"Wheel of Change","floor":22,"gold_loss":0},{"damage_healed":0,"gold_gain":0,"player_choice":"Obtained Book","damage_taken":16,"max_hp_gain":0,"max_hp_loss":0,"event_name":"Cursed Tome","floor":28,"gold_loss":0},{"damage_healed":0,"gold_gain":0,"player_choice":"Inject Mutagens","damage_taken":0,"relics_obtained":["MutagenicStrength"],"max_hp_gain":0,"max_hp_loss":0,"event_name":"Drug Dealer","floor":30,"gold_loss":0}],"is_beta":false,"boss_relics":[{"not_picked":["Lizard Tail","Tiny House"],"picked":"Runic Dome"}],"items_purged_floors":[19,29],"is_endless":false,"potions_floor_spawned":[1,7,13,14,18,27],"killed_by":"Shelled Parasite and Fungi","ascension_level":2}