{"gold_per_floor":[116,133,49,61,71,71,88,88,112,122,122,102,135,145,145,246,246,256,272,71,87,87,121,121,153,153,153,172,172,185,213,213,311,311,326,326,30,47,64,89,14,42,42,42,70,70,70,85,85,85,85,85,10,10],"floor_reached":54,"playtime":2511,"items_purged":["Strike_R","Defend_R","Strike_R"],"score":1027,"play_id":"58a535a0-189d-40f6-91ff-96fc80f317a0","local_time":"20190423194251","is_ascension_mode":true,"campfire_choices":[{"data":"Demon Form","floor":6.0,"key":"SMITH"},{"data":"Metallicize","floor":11.0,"key":"SMITH"},{"data":"Heavy Blade","floor":15.0,"key":"SMITH"},{"data":"Barricade","floor":24.0,"key":"SMITH"},{"floor":27.0,"key":"REST"},{"data":"Pommel Strike","floor":29.0,"key":"SMITH"},{"floor":32.0,"key":"REST"},{"floor":46.0,"key":"REST"},{"floor":49.0,"key":"RECALL"},{"data":"Entrench","floor":52.0,"key":"SMITH"}],"neow_cost":"NONE","seed_source_timestamp":828311285911585,"circlet_count":0,"master_deck":["Strike_R","Strike_R","Strike_R","Defend_R","Defend_R","Defend_R","Bash","Cleave","Body Slam","Metallicize+1","Demon Form+1","Heavy Blade+1","Pummel","Barricade+1","Bloodletting+1","Shrug It Off","Metallicize","Shockwave","Pommel Strike+1","Anger+1","Pummel","Iron Wave+1","Anger+1","Ghostly Armor","Demon Form+1","Seeing Red","Shrug It Off","Whirlwind","Shrug It Off","Inflame+1","Reaper","Entrench+1","Armaments+1","Evolve+1","Shrug It Off","Parasite","Inflame+1","Body Slam"],"special_seed":0,"relics":["Burning Blood","Smiling Mask","Regal Pillow","Thread and Needle","Mark of Pain","Mummified Hand","PreservedInsect","Art of War","Frozen Egg 2","Velvet Choker","Red Skull","Happy Flower","Dream Catcher","Pantograph","Prayer Wheel","Bottled Tornado"],"potions_floor_usage":[],"damage_taken":[{"damage":6.0,"enemies":"Cultist","floor":1.0,"turns":4.0},{"damage":15.0,"enemies":"2 Louse","floor":2.0,"turns":3.0},{"damage":12.0,"enemies":"Jaw Worm","floor":4.0,"turns":3.0},{"damage":12.0,"enemies":"Exordium Thugs","floor":5.0,"turns":6.0},{"damage":0.0,"enemies":"Exordium Wildlife","floor":7.0,"turns":3.0},{"damage":0.0,"enemies":"Large Slime","floor":8.0,"turns":2.0},{"damage":1.0,"enemies":"Looter","floor":10.0,"turns":4.0},{"damage":27.0,"enemies":"Lagavulin","floor":13.0,"turns":6.0},{"damage":0.0,"enemies":"Blue Slaver","floor":14.0,"turns":4.0},{"damage":30.0,"enemies":"Slime Boss","floor":16.0,"turns":7.0},{"damage":6.0,"enemies":"Chosen","floor":18.0,"turns":7.0},{"damage":0.0,"enemies":"Spheric Guardian","floor":19.0,"turns":5.0},{"damage":17.0,"enemies":"Snecko","floor":21.0,"turns":4.0},{"damage":30.0,"enemies":"Gremlin Leader","floor":23.0,"turns":5.0},{"damage":40.0,"enemies":"Slavers","floor":25.0,"turns":6.0},{"damage":16.0,"enemies":"Snake Plant","floor":28.0,"turns":6.0},{"damage":19.0,"enemies":"Cultist and Chosen","floor":30.0,"turns":7.0},{"damage":13.0,"enemies":"Book of Stabbing","floor":31.0,"turns":4.0},{"damage":34.0,"enemies":"Collector","floor":33.0,"turns":8.0},{"damage":9.0,"enemies":"Orb Walker","floor":35.0,"turns":4.0},{"damage":8.0,"enemies":"3 Shapes","floor":38.0,"turns":7.0},{"damage":21.0,"enemies":"Sphere and 2 Shapes","floor":39.0,"turns":7.0},{"damage":19.0,"enemies":"Reptomancer","floor":40.0,"turns":4.0},{"damage":0.0,"enemies":"Giant Head","floor":42.0,"turns":5.0},{"damage":69.0,"enemies":"Reptomancer","floor":45.0,"turns":4.0},{"damage":0.0,"enemies":"Writhing Mass","floor":48.0,"turns":10.0},{"damage":90.0,"enemies":"Awakened One","floor":50.0,"turns":9.0},{"damage":85,"enemies":"Shield and Spear","floor":54,"turns":4}],"seed_played":"-8254019127233836356","potions_obtained":[{"floor":2.0,"key":"Block Potion"},{"floor":4.0,"key":"Fire Potion"},{"floor":7.0,"key":"SmokeBomb"},{"floor":10.0,"key":"Regen Potion"},{"floor":12.0,"key":"Regen Potion"},{"floor":18.0,"key":"Regen Potion"},{"floor":21.0,"key":"Fire Potion"},{"floor":25.0,"key":"Swift Potion"},{"floor":30.0,"key":"Regen Potion"},{"floor":31.0,"key":"BloodPotion"},{"floor":38.0,"key":"Block Potion"},{"floor":39.0,"key":"GamblersBrew"},{"floor":40.0,"key":"EssenceOfSteel"},{"floor":42.0,"key":"BloodPotion"}],"is_trial":false,"path_per_floor":["M","?","T","?","M","?","?","M"],"character_chosen":"IRONCLAD","items_purchased":["Metallicize","Metallicize","Shockwave","Pommel Strike","Shrug It Off","Happy Flower","Whirlwind","Entrench","Body Slam"],"campfire_rested":3,"item_purchase_floors":[3,20,20,20,37,37,37,41,53],"current_hp_per_floor":[80,71,71,65,59,59,65,71,71,76,76,76,55,61,61,71,80,80,80,80,69,69,45,45,25,25,64,54,54,41,46,80,52,80,77,77,77,75,60,47,47,53,53,53,10,49,49,80,80,18,80,80,80,0],"gold":10,"neow_bonus":"RANDOM_COMMON_RELIC","is_prod":false,"is_daily":false,"chose_seed":false,"campfire_upgraded":6,"win_rate":0,"timestamp":1556041371,"path_taken":["M","?","$","M","M","R","M","M","T","M","R","?","E","M","R","BOSS","M","M","$","M","?","E","R","E","T","R","M","R","M","E","R","BOSS","M","?","$","M","?","E","$","E","T","?","E","R","?","?","R","BOSS","R","$","E"],"build_version":"2019-01-23","purchased_purges":3,"victory":false,"max_hp_per_floor":[80,80,80,80,80,80,80,80,80,80,80,80,80,80,80,80,80,80,80,80,80,80,80,80,80,80,80,80,80,80,80,80,80,80,80,80,80,80,80,80,80,80,80,80,80,80,80,80,80,80,80,80,80,80],"card_choices":[{"not_picked":["Headbutt","Twin Strike"],"picked":"Cleave","floor":1.0},{"not_picked":["Fire Breathing","Flex"],"picked":"Body Slam","floor":2.0},{"not_picked":["Heavy Blade","Flex"],"picked":"Demon Form","floor":4.0},{"not_picked":["Dropkick","Rupture","Power Through"],"picked":"SKIP","floor":5.0},{"not_picked":["Anger","Twin Strike"],"picked":"Heavy Blade","floor":7.0},{"not_picked":["Clothesline","Headbutt","Hemokinesis"],"picked":"SKIP","floor":10.0},{"not_picked":["Sword Boomerang","Bloodletting"],"picked":"Pummel","floor":13.0},{"not_picked":["Fire Breathing","True Grit","Feel No Pain"],"picked":"SKIP","floor":14.0},{"not_picked":["Berserk","Feed"],"picked":"Barricade","floor":16.0},{"not_picked":["Flex","Perfected Strike+1"],"picked":"Bloodletting+1","floor":18.0},{"not_picked":["Warcry+1","Rage"],"picked":"Shrug It Off","floor":19.0},{"not_picked":["Flex+1","True Grit"],"picked":"Anger+1","floor":21.0},{"not_picked":["Dropkick","Immolate"],"picked":"Pummel","floor":23.0},{"not_picked":["Clothesline","Pommel Strike"],"picked":"Iron Wave+1","floor":25.0},{"not_picked":["Perfected Strike+1","Sever Soul","Thunderclap"],"picked":"SKIP","floor":28.0},{"not_picked":["Shockwave","Fiend Fire"],"picked":"Anger+1","floor":30.0},{"not_picked":["Carnage","Sever Soul+1"],"picked":"Ghostly Armor","floor":31.0},{"not_picked":["Fiend Fire","Exhume"],"picked":"Demon Form+1","floor":33.0},{"not_picked":["True Grit","Hemokinesis+1"],"picked":"Seeing Red","floor":35.0},{"not_picked":["Second Wind","Thunderclap+1"],"picked":"Shrug It Off","floor":38.0},{"not_picked":["Second Wind+1","Anger"],"picked":"Inflame+1","floor":39.0},{"not_picked":["Seeing Red","Twin Strike+1"],"picked":"Reaper","floor":40.0},{"not_picked":["Seeing Red","Shockwave+1"],"picked":"Armaments+1","floor":42.0},{"not_picked":["Wild Strike","Rupture+1"],"picked":"Evolve+1","floor":45.0},{"not_picked":["Pummel+1","Hemokinesis"],"picked":"Shrug It Off","floor":46.0},{"not_picked":["Flex+1","Seeing Red"],"picked":"Inflame+1","floor":48.0},{"not_picked":["Sword Boomerang","Sever Soul","Whirlwind"],"picked":"SKIP","floor":48.0}],"player_experience":143593,"relics_obtained":[{"floor":9.0,"key":"Regal Pillow"},{"floor":13.0,"key":"Thread and Needle"},{"floor":22.0,"key":"Mummified Hand"},{"floor":23.0,"key":"PreservedInsect"},{"floor":25.0,"key":"Art of War"},{"floor":31.0,"key":"Frozen Egg 2"},{"floor":40.0,"key":"Dream Catcher"},{"floor":42.0,"key":"Pantograph"},{"floor":43.0,"key":"Prayer Wheel"},{"floor":45.0,"key":"Bottled Tornado"}],"event_choices":[{"damage_healed":0.0,"max_hp_gain":0.0,"max_hp_loss":0.0,"gold_gain":0.0,"event_name":"The Woman in Blue","player_choice":"Bought 1 Potion","floor":12.0,"gold_loss":0.0,"damage_taken":0.0},{"damage_healed":0.0,"max_hp_gain":0.0,"max_hp_loss":0.0,"gold_gain":0.0,"event_name":"WeMeetAgain","player_choice":"Gave Potion","floor":36.0,"gold_loss":0.0,"damage_taken":0.0,"relics_obtained":["Red Skull"]},{"damage_healed":0.0,"max_hp_gain":0.0,"max_hp_loss":0.0,"gold_gain":0.0,"event_name":"SensoryStone","player_choice":"Memory 1","floor":44.0,"gold_loss":0.0,"damage_taken":0.0},{"damage_healed":0.0,"max_hp_gain":0.0,"max_hp_loss":0.0,"gold_gain":0.0,"event_name":"Mysterious Sphere","player_choice":"Ignored","floor":47.0,"gold_loss":0.0,"damage_taken":0.0}],"is_beta":false,"boss_relics":[{"not_picked":["Astrolabe","Lizard Tail"],"picked":"Mark of Pain"},{"not_picked":["Eternal Feather","Black Star"],"picked":"Velvet Choker"}],"items_purged_floors":[3,37,53],"is_endless":false,"potions_floor_spawned":[2,4,7,10,18,21,25,30,31,38,39,40,42],"killed_by":"Shield and Spear","ascension_level":4}