{"gold_per_floor":[110,110,120,120,120,120,53,53,53,63,63,92,92,121,121,225,225,242,262,262,262,273,273,291,319,376,376,376],"floor_reached":28,"playtime":1113,"items_purged":[],"score":430,"play_id":"9e950be0-a262-4515-b82e-905578261a68","local_time":"20190324210822","is_ascension_mode":true,"campfire_choices":[{"data":"Zap","floor":6.0,"key":"SMITH"},{"data":"Defragment","floor":8.0,"key":"SMITH"},{"data":"Go for the Eyes","floor":11.0,"key":"SMITH"},{"data":"Chaos","floor":15.0,"key":"SMITH"},{"data":"Buffer","floor":23,"key":"SMITH"},{"data":"Leap","floor":27,"key":"SMITH"}],"neow_cost":"NONE","seed_source_timestamp":213818772482731,"circlet_count":0,"master_deck":["AscendersBane","Strike_B+1","Strike_B","Strike_B+1","Defend_B+1","Defend_B","Defend_B","Defend_B","Zap+1","Dualcast","Ball Lightning+1","Go for the Eyes+1","Defragment+1","Cold Snap","Scrape+1","Zap","Gash+1","Buffer+1","Chaos+1","Jack Of All Trades","Gash+1","Echo Form","Scrape+1","Leap+1","Rebound+1","Gash+1"],"special_seed":0,"relics":["Cracked Core","Happy Flower","Mercury Hourglass","Molten Egg 2","Whetstone","Velvet Choker","Dodecahedron","Ice Cream","Tiny Chest"],"potions_floor_usage":[25,25],"damage_taken":[{"damage":1.0,"enemies":"Cultist","floor":1.0,"turns":3.0},{"damage":4.0,"enemies":"Jaw Worm","floor":3.0,"turns":3.0},{"damage":0.0,"enemies":"Small Slimes","floor":10.0,"turns":2.0},{"damage":11.0,"enemies":"Lagavulin","floor":12.0,"turns":5.0},{"damage":0.0,"enemies":"Gremlin Nob","floor":14.0,"turns":3.0},{"damage":13.0,"enemies":"Slime Boss","floor":16.0,"turns":6.0},{"damage":14,"enemies":"Shell Parasite","floor":18,"turns":3},{"damage":0,"enemies":"Spheric Guardian","floor":19,"turns":3},{"damage":22,"enemies":"3 Cultists","floor":22,"turns":5},{"damage":8,"enemies":"Cultist and Chosen","floor":24,"turns":5},{"damage":18,"enemies":"Slavers","floor":25,"turns":4},{"damage":24,"enemies":"Snake Plant","floor":28,"turns":3}],"seed_played":"-2712349947869489505","potions_obtained":[{"floor":10.0,"key":"Fire Potion"},{"floor":12.0,"key":"Strength Potion"},{"floor":22,"key":"Strength Potion"}],"is_trial":false,"path_per_floor":["M","?","M","?","?","R","$","R","T","M","R","E","?","E","R","B",null,"M","M","?","T","M","R","M","E","T","R","M"],"character_chosen":"DEFECT","items_purchased":["Defragment"],"campfire_rested":0,"item_purchase_floors":[7],"current_hp_per_floor":[67,67,63,56,41,41,41,41,41,41,41,30,30,30,30,17,61,47,47,72,72,50,50,42,24,24,24,0],"gold":376,"neow_bonus":"RANDOM_COMMON_RELIC","is_prod":false,"is_daily":false,"chose_seed":false,"campfire_upgraded":6,"win_rate":0,"timestamp":1553486902,"path_taken":["M","?","M","?","?","R","$","R","T","M","R","E","?","E","R","BOSS","M","?","?","?","M","R","M","E","T","R","?"],"build_version":"2019-01-23","purchased_purges":0,"victory":false,"max_hp_per_floor":[75,75,75,75,75,75,75,75,75,75,75,75,75,75,75,75,75,75,75,75,75,75,75,75,75,75,75,75],"card_choices":[{"not_picked":["Barrage","Storm"],"picked":"Ball Lightning","floor":1.0},{"not_picked":["Compile Driver","Rebound"],"picked":"Go for the Eyes","floor":3.0},{"not_picked":["Beam Cell","Melter"],"picked":"Cold Snap","floor":10.0},{"not_picked":["BootSequence","Consume"],"picked":"Scrape","floor":12.0},{"not_picked":["Double Energy","Rip and Tear+1"],"picked":"Gash+1","floor":14.0},{"not_picked":["Core Surge+1","Reboot"],"picked":"Echo Form","floor":16.0},{"not_picked":["Self Repair","Cold Snap+1"],"picked":"Scrape+1","floor":18},{"not_picked":["Rebound+1","Blizzard+1"],"picked":"Leap","floor":19},{"not_picked":["Sweeping Beam+1","Coolheaded+1"],"picked":"Rebound+1","floor":22},{"not_picked":["White Noise","Amplify","Steam"],"picked":"SKIP","floor":24},{"not_picked":["Conserve Battery+1","Sunder+1"],"picked":"Gash+1","floor":25}],"player_experience":540635,"relics_obtained":[{"floor":9.0,"key":"Mercury Hourglass"},{"floor":12.0,"key":"Molten Egg 2"},{"floor":14.0,"key":"Whetstone"},{"floor":21,"key":"Dodecahedron"},{"floor":25,"key":"Ice Cream"},{"floor":26,"key":"Tiny Chest"}],"event_choices":[{"damage_healed":0.0,"max_hp_gain":0.0,"max_hp_loss":0.0,"gold_gain":0.0,"cards_transformed":["Strike_B"],"event_name":"Living Wall","player_choice":"Change","floor":2.0,"gold_loss":0.0,"damage_taken":0.0,"cards_obtained":["Stack"]},{"cards_removed":["Stack"],"damage_healed":0.0,"max_hp_gain":0.0,"max_hp_loss":0.0,"gold_gain":0.0,"event_name":"Golden Wing","player_choice":"Card Removal","floor":4.0,"gold_loss":0.0,"damage_taken":7.0},{"damage_healed":0.0,"max_hp_gain":0.0,"max_hp_loss":0.0,"gold_gain":0.0,"event_name":"Shining Light","player_choice":"Entered Light","floor":5.0,"gold_loss":0.0,"damage_taken":15.0,"cards_upgraded":["Defend_B","Strike_B"]},{"damage_healed":0.0,"max_hp_gain":0.0,"max_hp_loss":0.0,"gold_gain":0.0,"event_name":"Match and Keep!","player_choice":"5 cards matched","floor":13.0,"gold_loss":0.0,"damage_taken":0.0,"cards_obtained":["Zap","Gash","Buffer","Chaos","Jack Of All Trades"]},{"damage_healed":0.0,"max_hp_gain":0.0,"max_hp_loss":0.0,"gold_gain":0.0,"event_name":"Match and Keep!","player_choice":"5 cards matched","floor":13.0,"gold_loss":0.0,"damage_taken":0.0,"cards_obtained":["Zap","Gash","Buffer","Chaos","Jack Of All Trades"]},{"damage_healed":0.0,"max_hp_gain":0.0,"max_hp_loss":0.0,"gold_gain":0.0,"event_name":"Match and Keep!","player_choice":"5 cards matched","floor":13.0,"gold_loss":0.0,"damage_taken":0.0,"cards_obtained":["Zap","Gash","Buffer","Chaos","Jack Of All Trades"]},{"damage_healed":25,"gold_gain":0,"player_choice":"Heal","damage_taken":0,"max_hp_gain":0,"max_hp_loss":0,"event_name":"The Library","floor":20,"gold_loss":0}],"is_beta":false,"boss_relics":[{"not_picked":["Runic Dome","Inserter"],"picked":"Velvet Choker"}],"items_purged_floors":[],"is_endless":false,"potions_floor_spawned":[10,12,16,22],"killed_by":"Snake Plant","ascension_level":12}