{"gold_per_floor":[118,118,42,55,55,80,80,106,177,177,190,190,215,195,195,272,272,290,300,300,196,196],"floor_reached":22,"playtime":2606,"items_purged":["Regret"],"score":530,"play_id":"e525f98e-a108-4e94-9074-4c25925c237c","local_time":"20190410043135","is_ascension_mode":true,"campfire_choices":[{"data":"Neutralize","floor":7,"key":"SMITH"},{"data":"Caltrops","floor":10,"key":"SMITH"},{"floor":12,"key":"REST"},{"floor":15,"key":"REST"}],"neow_cost":"NONE","seed_source_timestamp":1145775832847732,"circlet_count":0,"master_deck":["AscendersBane","Defend_G","Defend_G","Defend_G","Defend_G","Defend_G","Strike_G","Strike_G","Strike_G","Strike_G","Strike_G","Survivor","Neutralize+1","Deadly Poison","Noxious Fumes","Noxious Fumes","Caltrops+1","Cloak And Dagger","Tools of the Trade","Dash","Deadly Poison"],"relics":["Ring of the Snake","NeowsBlessing","Happy Flower","Snake Skull","Matryoshka","Omamori","Paper Crane","Odd Mushroom","Sozu","Sundial","Bottled Tornado"],"potions_floor_usage":[13,16,22],"damage_taken":[{"damage":0,"enemies":"2 Louse","floor":1,"turns":1},{"damage":0,"enemies":"Jaw Worm","floor":4,"turns":1},{"damage":4,"enemies":"3 Sentries","floor":6,"turns":2},{"damage":18,"enemies":"Lagavulin","floor":8,"turns":7},{"damage":14,"enemies":"Small Slimes","floor":11,"turns":3},{"damage":43,"enemies":"The Mushroom Lair","floor":13,"turns":4},{"damage":3,"enemies":"Hexaghost","floor":16,"turns":9},{"damage":25,"enemies":"Chosen","floor":18,"turns":6},{"damage":19,"enemies":"2 Thieves","floor":19,"turns":4},{"damage":32,"enemies":"Cultist and Chosen","floor":22,"turns":5}],"seed_played":"3564648248073414339","potions_obtained":[{"floor":11,"key":"Fruit Juice"},{"floor":13,"key":"EssenceOfSteel"},{"floor":14,"key":"Explosive Potion"}],"is_trial":false,"path_per_floor":["M","?","$","M","?","E","R","E","T","R","M","R","?","?","R","B",null,"M","M","T","$","M"],"character_chosen":"THE_SILENT","items_purchased":["Noxious Fumes","Deadly Poison"],"campfire_rested":2,"item_purchase_floors":[3,21],"current_hp_per_floor":[59,59,59,59,59,55,55,37,37,37,23,42,4,4,25,22,59,34,15,15,15,0],"gold":196,"neow_bonus":"THREE_ENEMY_KILL","is_prod":false,"is_daily":false,"chose_seed":false,"campfire_upgraded":2,"win_rate":0,"timestamp":1554863495,"path_taken":["M","?","$","M","?","E","R","E","T","R","M","R","?","?","R","BOSS","M","M","?","$","M"],"build_version":"2019-01-23","purchased_purges":1,"victory":false,"max_hp_per_floor":[66,66,66,66,66,66,66,66,66,66,66,66,71,71,71,71,71,71,71,71,71,71],"card_choices":[{"not_picked":["Outmaneuver","Backstab"],"picked":"Deadly Poison","floor":1},{"not_picked":["Quick Slash","Flying Knee"],"picked":"Noxious Fumes","floor":4},{"not_picked":["Quick Slash","Tactician","Reflex"],"picked":"SKIP","floor":6},{"not_picked":["Endless Agony","Poisoned Stab"],"picked":"Caltrops","floor":8},{"not_picked":["Acrobatics","Tactician","Flying Knee"],"picked":"SKIP","floor":11},{"not_picked":["Expertise","Slice"],"picked":"Cloak And Dagger","floor":13},{"not_picked":["Grand Finale","Die Die Die"],"picked":"Tools of the Trade","floor":16},{"not_picked":["Poisoned Stab","Masterful Stab"],"picked":"Dash","floor":18},{"not_picked":["Flying Knee","Expertise","Prepared"],"picked":"SKIP","floor":19}],"player_experience":3070203,"relics_obtained":[{"floor":6,"key":"Snake Skull"},{"floor":8,"key":"Matryoshka"},{"floor":9,"key":"Omamori"},{"floor":9,"key":"Paper Crane"},{"floor":13,"key":"Odd Mushroom"},{"floor":20,"key":"Sundial"},{"floor":20,"key":"Bottled Tornado"}],"event_choices":[{"damage_healed":0,"gold_gain":0,"player_choice":"Box","damage_taken":0,"relics_obtained":["Happy Flower"],"max_hp_gain":0,"max_hp_loss":0,"event_name":"Big Fish","floor":2,"gold_loss":0,"cards_obtained":["Regret"]},{"damage_healed":0,"gold_gain":0,"player_choice":"Leave","damage_taken":0,"max_hp_gain":0,"max_hp_loss":0,"event_name":"The Cleric","floor":5,"gold_loss":0},{"damage_healed":0,"gold_gain":0,"player_choice":"Fought Mushrooms","damage_taken":0,"max_hp_gain":0,"max_hp_loss":0,"event_name":"Mushrooms","floor":13,"gold_loss":0},{"damage_healed":0,"gold_gain":0,"player_choice":"Bought 1 Potion","damage_taken":0,"max_hp_gain":0,"max_hp_loss":0,"event_name":"The Woman in Blue","floor":14,"gold_loss":0}],"is_beta":false,"boss_relics":[{"not_picked":["Velvet Choker","Eternal Feather"],"picked":"Sozu"}],"items_purged_floors":[21],"is_endless":false,"potions_floor_spawned":[11,13,19],"killed_by":"Cultist and Chosen","ascension_level":20}