{"gold_per_floor":[13,188,240,240,259,294,294,294,294,313,336,8,8,8,8,131,131,114,114],"floor_reached":19,"playtime":658,"items_purged":["Doubt"],"score":223,"play_id":"61d839db-154a-4613-89d8-872e06a966f4","local_time":"20190506064331","is_ascension_mode":true,"campfire_choices":[{"data":"Deadly Poison","floor":8.0,"key":"SMITH"},{"data":"Neutralize","floor":13.0,"key":"SMITH"},{"data":"Burst","floor":15.0,"key":"SMITH"}],"neow_cost":"NO_GOLD","seed_source_timestamp":850496946725699,"circlet_count":0,"master_deck":["Defend_G","Defend_G","Defend_G","Defend_G","Defend_G","Strike_G","Strike_G","Strike_G","Strike_G","Strike_G","Survivor","Neutralize+1","Burst+1","Quick Slash","Dash","Deadly Poison+1","Terror","Flying Knee","Envenom+1"],"special_seed":0,"relics":["Ring of the Snake","Strawberry","Golden Idol","Letter Opener","Bag of Preparation","Regal Pillow","Lee\u0027s Waffle","Frozen Egg 2","Sozu"],"potions_floor_usage":[],"damage_taken":[{"damage":5.0,"enemies":"2 Louse","floor":1.0,"turns":5.0},{"damage":2.0,"enemies":"Jaw Worm","floor":5.0,"turns":9.0},{"damage":26.0,"enemies":"3 Sentries","floor":6.0,"turns":13.0},{"damage":0.0,"enemies":"Cultist","floor":10.0,"turns":3.0},{"damage":6.0,"enemies":"Looter","floor":11.0,"turns":3.0},{"damage":31,"enemies":"The Guardian","floor":16,"turns":11},{"damage":9,"enemies":"2 Thieves","floor":18,"turns":4}],"seed_played":"-5882075323317614952","potions_obtained":[{"floor":6.0,"key":"Dexterity Potion"},{"floor":11.0,"key":"GhostInAJar"}],"is_trial":false,"path_per_floor":["?","T","?","?","M","?","?"],"character_chosen":"THE_SILENT","items_purchased":["Lee\u0027s Waffle","Flying Knee"],"campfire_rested":0,"item_purchase_floors":[12,12],"current_hp_per_floor":[58,58,65,65,63,37,37,37,37,37,31,78,78,75,75,44,70,61,61],"gold":114,"neow_bonus":"THREE_RARE_CARDS","is_prod":false,"is_daily":false,"chose_seed":false,"campfire_upgraded":3,"win_rate":0,"timestamp":1557117811,"path_taken":["M","?","?","?","M","E","?","R","T","?","M","$","R","?","R","BOSS","M","?"],"build_version":"2019-01-23","purchased_purges":1,"victory":false,"max_hp_per_floor":[70,70,77,71,71,71,71,71,71,71,71,78,78,78,78,78,78,78,78],"card_choices":[{"not_picked":["Envenom","Adrenaline"],"picked":"Burst","floor":0.0},{"not_picked":["Deflect","Flechettes"],"picked":"Quick Slash","floor":1.0},{"not_picked":["PiercingWail","Flechettes"],"picked":"Dash","floor":5.0},{"not_picked":["Heel Hook","Deflect"],"picked":"Deadly Poison","floor":6.0},{"not_picked":["Dash","Blade Dance","Night Terror"],"picked":"SKIP","floor":10.0},{"not_picked":["Infinite Blades","Dagger Throw"],"picked":"Terror","floor":11.0},{"not_picked":["Phantasmal Killer","Unload"],"picked":"Envenom+1","floor":16},{"not_picked":["Bane","Riddle With Holes","Cloak And Dagger"],"picked":"SKIP","floor":18}],"player_experience":238794,"relics_obtained":[{"floor":3.0,"key":"Strawberry"},{"floor":6.0,"key":"Letter Opener"},{"floor":9.0,"key":"Regal Pillow"}],"event_choices":[{"damage_healed":0.0,"max_hp_gain":0.0,"max_hp_loss":0.0,"gold_gain":175.0,"event_name":"Liars Game","player_choice":"AGREE","floor":2.0,"gold_loss":0.0,"damage_taken":0.0,"cards_obtained":["Doubt"]},{"damage_healed":0.0,"max_hp_gain":0.0,"max_hp_loss":6.0,"gold_gain":0.0,"event_name":"Golden Idol","player_choice":"Lose Max HP","floor":4.0,"gold_loss":0.0,"damage_taken":0.0,"relics_obtained":["Golden Idol"]},{"damage_healed":0.0,"max_hp_gain":0.0,"max_hp_loss":0.0,"gold_gain":0.0,"event_name":"WeMeetAgain","player_choice":"Gave Potion","floor":7.0,"gold_loss":0.0,"damage_taken":0.0,"relics_obtained":["Bag of Preparation"]},{"damage_healed":0.0,"max_hp_gain":0.0,"max_hp_loss":0.0,"gold_gain":0.0,"event_name":"Scrap Ooze","player_choice":"Success","floor":14.0,"gold_loss":0.0,"damage_taken":3.0,"relics_obtained":["Frozen Egg 2"]}],"is_beta":false,"boss_relics":[{"not_picked":["Lizard Tail","Black Star"],"picked":"Sozu"}],"items_purged_floors":[12],"is_endless":false,"potions_floor_spawned":[6,11],"ascension_level":7}