{"gold_per_floor":[118,118,48,48,66,66,79,79,79,89,89,63,63,83,83,178,178,191,208,81,92,107,107,126,126,126,126,2,18,38,38,38,135,135,153,153,153,163,163,190,190],"floor_reached":41,"playtime":4427,"items_purged":[],"score":415,"play_id":"ffec0dfa-fd24-4c7e-9fef-146e3789250b","local_time":"20190421220543","is_ascension_mode":false,"campfire_choices":[{"data":"Dualcast","floor":6.0,"key":"SMITH"},{"data":"Coolheaded","floor":8.0,"key":"SMITH"},{"data":"Zap","floor":11.0,"key":"SMITH"},{"floor":15.0,"key":"REST"},{"floor":23.0,"key":"REST"},{"floor":27,"key":"REST"},{"floor":32,"key":"REST"}],"neow_cost":"NONE","seed_source_timestamp":0,"circlet_count":0,"master_deck":["Strike_B+1","Strike_B+1","Strike_B+1","Strike_B+1","Defend_B+1","Defend_B+1","Defend_B+1","Defend_B+1","Zap+1","Dualcast+1","Go for the Eyes","Coolheaded+1","Beam Cell","Genetic Algorithm","Capacitor","Beam Cell","Redo+1","Scrape","Blizzard+1","Static Discharge","Compile Driver","White Noise","Ball Lightning+1","Redo","Steam","Redo","Machine Learning","Gash+1","Doom and Gloom+1"],"special_seed":0,"relics":["FrozenCore","Centennial Puzzle","Bottled Lightning","Anchor","Smiling Mask","Lizard Tail","Letter Opener"],"potions_floor_usage":[29,29,37,38,38,40],"damage_taken":[{"damage":1.0,"enemies":"Jaw Worm","floor":1.0,"turns":3.0},{"damage":0.0,"enemies":"2 Louse","floor":5.0,"turns":3.0},{"damage":4.0,"enemies":"Cultist","floor":7.0,"turns":3.0},{"damage":10.0,"enemies":"Exordium Thugs","floor":10.0,"turns":6.0},{"damage":0.0,"enemies":"3 Louse","floor":14.0,"turns":2.0},{"damage":23.0,"enemies":"The Guardian","floor":16.0,"turns":10.0},{"damage":12.0,"enemies":"Chosen","floor":18.0,"turns":6.0},{"damage":21.0,"enemies":"3 Byrds","floor":19.0,"turns":7.0},{"damage":9.0,"enemies":"Snecko","floor":21.0,"turns":7.0},{"damage":15.0,"enemies":"Snake Plant","floor":22.0,"turns":8.0},{"damage":8.0,"enemies":"Shelled Parasite and Fungi","floor":24.0,"turns":7.0},{"damage":26,"enemies":"Cultist and Chosen","floor":29,"turns":6},{"damage":11,"enemies":"Snake Plant","floor":30,"turns":5},{"damage":52,"enemies":"Champ","floor":33,"turns":13},{"damage":17,"enemies":"3 Shapes","floor":35,"turns":5},{"damage":0,"enemies":"Orb Walker","floor":37,"turns":1},{"damage":2,"enemies":"3 Darklings","floor":38,"turns":7},{"damage":90,"enemies":"Giant Head","floor":40,"turns":11},{"damage":46,"enemies":"Transient","floor":41,"turns":5}],"seed_played":"-8632995332291976135","potions_obtained":[{"floor":5.0,"key":"SpeedPotion"},{"floor":7.0,"key":"Block Potion"},{"floor":14.0,"key":"Weak Potion"},{"floor":16.0,"key":"Dexterity Potion"},{"floor":18.0,"key":"Explosive Potion"},{"floor":19.0,"key":"Poison Potion"},{"floor":21.0,"key":"PowerPotion"},{"floor":24.0,"key":"Regen Potion"},{"floor":36,"key":"SkillPotion"},{"floor":36,"key":"SkillPotion"},{"floor":36,"key":"SmokeBomb"},{"floor":38,"key":"Strength Potion"}],"is_trial":false,"path_per_floor":["?","?","?","M","?","$","?","?","M","?","M"],"character_chosen":"DEFECT","items_purchased":["Coolheaded","Block Potion","Beam Cell","Static Discharge","Strength Potion","Redo","EssenceOfSteel"],"campfire_rested":4,"item_purchase_floors":[3,3,12,20,20,28,28],"current_hp_per_floor":[74,59,59,64,64,64,60,60,60,50,50,50,50,50,74,51,80,68,47,47,38,23,47,39,39,39,63,63,46,35,35,59,7,80,63,63,63,61,61,40,0],"gold":190,"neow_bonus":"RANDOM_COMMON_RELIC","is_prod":false,"is_daily":false,"chose_seed":false,"campfire_upgraded":3,"win_rate":0.0,"timestamp":1555909543,"path_taken":["M","?","$","?","M","R","M","R","T","M","R","$","?","M","R","BOSS","M","?","$","M","M","R","M","?","T","R","?","M","M","?","R","BOSS","M","?","M","?","?","E","?"],"build_version":"2019-01-23","purchased_purges":0,"victory":false,"max_hp_per_floor":[75,75,75,80,80,80,80,80,80,80,80,80,80,80,80,80,80,80,80,80,80,80,80,80,80,80,80,80,80,80,80,80,80,80,80,80,80,80,80,80,80],"card_choices":[{"not_picked":["Beam Cell","Stack"],"picked":"Go for the Eyes","floor":1.0},{"not_picked":["Conserve Battery","Hello World"],"picked":"Beam Cell","floor":5.0},{"not_picked":["Leap","Double Energy"],"picked":"Genetic Algorithm","floor":7.0},{"not_picked":["Storm","Chill"],"picked":"Capacitor","floor":10.0},{"not_picked":["Rip and Tear","Defragment"],"picked":"Redo","floor":14.0},{"not_picked":["Beam Cell","Defragment+1"],"picked":"Scrape","floor":18.0},{"not_picked":["Leap+1","Gash+1"],"picked":"Blizzard+1","floor":19.0},{"not_picked":["Cold Snap","Gash"],"picked":"Compile Driver","floor":21.0},{"not_picked":["Gash","Reprogram"],"picked":"White Noise","floor":22.0},{"not_picked":["Auto Shields","Capacitor"],"picked":"Ball Lightning+1","floor":24.0},{"not_picked":["Compile Driver","Beam Cell+1"],"picked":"Steam","floor":29},{"not_picked":["Leap","Defragment"],"picked":"Redo","floor":30},{"not_picked":["Thunder Strike","Electrodynamics"],"picked":"Machine Learning","floor":33},{"not_picked":["Hologram","Redo"],"picked":"Gash+1","floor":35},{"not_picked":["Leap","Conserve Battery","Streamline"],"picked":"SKIP","floor":38},{"not_picked":["Defragment","Storm"],"picked":"Doom and Gloom+1","floor":40}],"player_experience":35813,"relics_obtained":[{"floor":9.0,"key":"Bottled Lightning"},{"floor":26.0,"key":"Smiling Mask"},{"floor":40,"key":"Letter Opener"}],"event_choices":[{"damage_healed":0.0,"max_hp_gain":0.0,"max_hp_loss":0.0,"gold_gain":0.0,"event_name":"Shining Light","player_choice":"Entered Light","floor":2.0,"gold_loss":0.0,"damage_taken":15.0,"cards_upgraded":["Strike_B","Strike_B"]},{"damage_healed":0.0,"max_hp_gain":5.0,"max_hp_loss":0.0,"gold_gain":0.0,"event_name":"Big Fish","player_choice":"Donut","floor":4.0,"gold_loss":0.0,"damage_taken":0.0},{"damage_healed":0.0,"max_hp_gain":0.0,"max_hp_loss":0.0,"gold_gain":0.0,"event_name":"WeMeetAgain","player_choice":"Gave Potion","floor":13.0,"gold_loss":0.0,"damage_taken":0.0,"relics_obtained":["Anchor"]},{"damage_healed":0.0,"max_hp_gain":0.0,"max_hp_loss":0.0,"gold_gain":0.0,"event_name":"Accursed Blacksmith","player_choice":"Forge","floor":25.0,"gold_loss":0.0,"damage_taken":0.0,"cards_upgraded":["Redo"]},{"damage_healed":0,"gold_gain":0,"player_choice":"Simplicity","damage_taken":0,"max_hp_gain":0,"max_hp_loss":0,"event_name":"Back to Basics","floor":31,"gold_loss":0,"cards_upgraded":["Strike_B","Strike_B","Defend_B","Defend_B","Defend_B","Defend_B"]},{"damage_healed":0,"gold_gain":0,"player_choice":"Got Potions","damage_taken":0,"max_hp_gain":0,"max_hp_loss":0,"event_name":"Lab","floor":36,"gold_loss":0},{"damage_healed":0,"gold_gain":0,"player_choice":"Ignored","damage_taken":0,"max_hp_gain":0,"max_hp_loss":0,"event_name":"Purifier","floor":39,"gold_loss":0}],"is_beta":false,"boss_relics":[{"not_picked":["Runic Dome","Busted Crown"],"picked":"FrozenCore"},{"not_picked":["Inserter","Empty Cage"],"picked":"Lizard Tail"}],"items_purged_floors":[],"is_endless":false,"potions_floor_spawned":[5,7,14,16,18,19,21,24,38],"killed_by":"Transient","ascension_level":0}