{"gold_per_floor":[14,24,37,51,126,126,452,452,524,524,524,540,561,561],"floor_reached":14,"playtime":491,"items_purged":[],"score":147,"play_id":"b93b7df6-c421-4ca0-bb5f-b84dd566af5c","local_time":"20190324211646","is_ascension_mode":true,"campfire_choices":[{"data":"Chaos","floor":6,"key":"SMITH"},{"data":"Loop","floor":8,"key":"SMITH"}],"neow_cost":"NO_GOLD","seed_source_timestamp":215086707542872,"circlet_count":0,"master_deck":["AscendersBane","Strike_B","Strike_B","Strike_B","Defend_B","Defend_B","Defend_B","Zap","Dualcast","Sweeping Beam","Consume","Leap","Chaos+1","Loop+1","Injury","Leap","Ball Lightning"],"relics":["Cracked Core","Old Coin","Dodecahedron","Golden Idol"],"potions_floor_usage":[12,14,14],"damage_taken":[{"damage":3,"enemies":"2 Louse","floor":1,"turns":3},{"damage":0,"enemies":"Small Slimes","floor":2,"turns":2},{"damage":11,"enemies":"Jaw Worm","floor":3,"turns":4},{"damage":5,"enemies":"3 Louse","floor":4,"turns":4},{"damage":5,"enemies":"Lagavulin","floor":7,"turns":6},{"damage":18,"enemies":"Exordium Thugs","floor":12,"turns":4},{"damage":12,"enemies":"Looter","floor":13,"turns":3},{"damage":12,"enemies":"3 Sentries","floor":14,"turns":2}],"seed_played":"-143373863572025420","potions_obtained":[{"floor":4,"key":"PowerPotion"},{"floor":7,"key":"Fire Potion"},{"floor":12,"key":"Strength Potion"}],"is_trial":false,"path_per_floor":["M","M","M","M","?","R","E","R","T","?","?","M","M","E"],"character_chosen":"DEFECT","items_purchased":[],"campfire_rested":0,"item_purchase_floors":[],"current_hp_per_floor":[65,65,54,49,38,38,33,33,33,38,38,20,8,0],"gold":561,"neow_bonus":"REMOVE_TWO","is_prod":false,"is_daily":false,"chose_seed":false,"campfire_upgraded":2,"win_rate":0,"timestamp":1553487406,"path_taken":["M","M","M","M","?","R","E","R","T","?","?","M","M","E"],"build_version":"2019-01-23","purchased_purges":0,"victory":false,"max_hp_per_floor":[75,75,75,75,75,75,75,75,75,80,80,80,80,80],"card_choices":[{"not_picked":["Go for the Eyes","Steam"],"picked":"Sweeping Beam","floor":1},{"not_picked":["Compile Driver","Streamline"],"picked":"Consume","floor":2},{"not_picked":["Storm","Hologram"],"picked":"Leap","floor":3},{"not_picked":["Ball Lightning","Tempest"],"picked":"Chaos","floor":4},{"not_picked":["Barrage","Gash"],"picked":"Loop","floor":7},{"not_picked":["Streamline","Force Field"],"picked":"Leap","floor":12},{"not_picked":["Doom and Gloom","Recycle"],"picked":"Ball Lightning","floor":13}],"player_experience":541748,"relics_obtained":[{"floor":7,"key":"Old Coin"},{"floor":9,"key":"Dodecahedron"}],"event_choices":[{"damage_healed":0,"gold_gain":75,"player_choice":"Gather Gold","damage_taken":11,"max_hp_gain":0,"max_hp_loss":0,"event_name":"World of Goop","floor":5,"gold_loss":0},{"damage_healed":0,"gold_gain":0,"player_choice":"Donut","damage_taken":0,"max_hp_gain":5,"max_hp_loss":0,"event_name":"Big Fish","floor":10,"gold_loss":0},{"damage_healed":0,"gold_gain":0,"player_choice":"Take Wound","damage_taken":0,"relics_obtained":["Golden Idol"],"max_hp_gain":0,"max_hp_loss":0,"event_name":"Golden Idol","floor":11,"gold_loss":0,"cards_obtained":["Injury"]}],"is_beta":false,"boss_relics":[],"items_purged_floors":[],"is_endless":false,"potions_floor_spawned":[4,7,12],"killed_by":"3 Sentries","ascension_level":12}