{"gold_per_floor":[116,136,57,57,57,85,96,96,96,106,106,140,140,164,164,238,238,255,165,178,11,23,23,58,58,58,74,37,37,56,82,82,82],"floor_reached":33,"playtime":2507,"items_purged":[],"score":761,"play_id":"53465da0-8376-45fd-8c43-7e7ca8c5c772","local_time":"20190509190706","is_ascension_mode":true,"campfire_choices":[{"data":"Infinite Blades","floor":8,"key":"SMITH"},{"floor":13,"key":"REST"},{"data":"Accuracy","floor":15,"key":"SMITH"},{"floor":23,"key":"REST"},{"floor":25,"key":"REST"},{"data":"Noxious Fumes","floor":29,"key":"SMITH"},{"floor":32,"key":"REST"}],"neow_cost":"NONE","seed_source_timestamp":707942871389763,"circlet_count":0,"master_deck":["AscendersBane","Defend_G","Defend_G","Defend_G","Defend_G","Defend_G","Strike_G","Strike_G","Strike_G","Strike_G","Strike_G+1","Survivor","Neutralize+1","Leg Sweep","Cloak And Dagger","Noxious Fumes+1","Infinite Blades+1","Blur","All Out Attack","Accuracy+1","After Image","Prepared","Infinite Blades","PiercingWail","Cloak And Dagger","Caltrops","Noxious Fumes+1"],"relics":["Ring of the Snake","NeowsBlessing","Turnip","Mango","Snake Skull","Bag of Marbles","Busted Crown","Art of War","Dream Catcher","Strawberry","Orichalcum"],"potions_floor_usage":[12,16,24,24,27,31,31],"damage_taken":[{"damage":0,"enemies":"Jaw Worm","floor":1,"turns":1},{"damage":0,"enemies":"Small Slimes","floor":2,"turns":1},{"damage":0,"enemies":"3 Sentries","floor":6,"turns":1},{"damage":0,"enemies":"Cultist","floor":7,"turns":5},{"damage":4,"enemies":"3 Louse","floor":10,"turns":5},{"damage":39,"enemies":"Gremlin Nob","floor":12,"turns":6},{"damage":0,"enemies":"Hexaghost","floor":16,"turns":9},{"damage":13,"enemies":"3 Byrds","floor":18,"turns":5},{"damage":0,"enemies":"Spheric Guardian","floor":20,"turns":6},{"damage":14,"enemies":"Cultist and Chosen","floor":22,"turns":5},{"damage":54,"enemies":"Gremlin Leader","floor":24,"turns":6},{"damage":3,"enemies":"Centurion and Healer","floor":27,"turns":7},{"damage":0,"enemies":"Snecko","floor":30,"turns":6},{"damage":50,"enemies":"Slavers","floor":31,"turns":5},{"damage":52,"enemies":"Champ","floor":33,"turns":13}],"seed_played":"-384755641573155676","potions_obtained":[{"floor":7,"key":"Weak Potion"},{"floor":12,"key":"SpeedPotion"},{"floor":16,"key":"SteroidPotion"},{"floor":18,"key":"Regen Potion"},{"floor":24,"key":"EntropicBrew"}],"is_trial":false,"path_per_floor":["M","M","$","?","?","E","M","R","T","M","?","E","R","T","R","B",null,"M","?","M","$","M","R","E","R","T","M","$","R","M","E","R","B"],"character_chosen":"THE_SILENT","items_purchased":["Noxious Fumes","Infinite Blades","PiercingWail","Cloak And Dagger","Noxious Fumes"],"campfire_rested":4,"item_purchase_floors":[3,21,21,21,28],"current_hp_per_floor":[59,59,59,39,39,39,39,39,53,49,49,10,34,34,34,34,69,56,56,56,56,42,66,27,51,58,55,55,55,55,5,31,0],"gold":82,"neow_bonus":"THREE_ENEMY_KILL","is_prod":false,"is_daily":false,"chose_seed":false,"campfire_upgraded":3,"win_rate":0,"timestamp":1557421626,"path_taken":["M","M","$","?","?","E","?","R","T","M","?","E","R","?","R","BOSS","M","?","M","$","?","R","E","R","T","M","?","R","M","E","R","BOSS"],"build_version":"2019-01-23","purchased_purges":0,"victory":false,"max_hp_per_floor":[66,66,66,66,66,66,66,66,80,80,80,80,80,80,80,80,80,80,80,80,80,80,80,80,80,87,87,87,87,87,87,87,87],"card_choices":[{"not_picked":["Cloak And Dagger","Deadly Poison"],"picked":"Leg Sweep","floor":1},{"not_picked":["Terror","Slice"],"picked":"Cloak And Dagger","floor":2},{"not_picked":["Dash","Cloak And Dagger"],"picked":"Infinite Blades","floor":6},{"not_picked":["Poisoned Stab","All Out Attack"],"picked":"Blur","floor":7},{"not_picked":["Flying Knee","Deadly Poison"],"picked":"All Out Attack","floor":10},{"not_picked":["Flying Knee","Flechettes"],"picked":"Accuracy","floor":12},{"not_picked":["Malaise","Burst"],"picked":"After Image","floor":16},{"not_picked":["Poisoned Stab"],"picked":"SKIP","floor":18},{"not_picked":[],"picked":"Prepared","floor":20},{"not_picked":[],"picked":"Caltrops","floor":22},{"not_picked":["Masterful Stab"],"picked":"SKIP","floor":24},{"not_picked":["Bouncing Flask"],"picked":"SKIP","floor":27},{"not_picked":["Poisoned Stab"],"picked":"SKIP","floor":30},{"not_picked":["Poisoned Stab"],"picked":"SKIP","floor":30},{"not_picked":["Distraction"],"picked":"SKIP","floor":31}],"player_experience":3201607,"relics_obtained":[{"floor":6,"key":"Turnip"},{"floor":9,"key":"Mango"},{"floor":12,"key":"Snake Skull"},{"floor":14,"key":"Bag of Marbles"},{"floor":24,"key":"Dream Catcher"},{"floor":26,"key":"Strawberry"},{"floor":31,"key":"Orichalcum"}],"event_choices":[{"damage_healed":0,"gold_gain":0,"player_choice":"Entered Light","damage_taken":20,"max_hp_gain":0,"max_hp_loss":0,"event_name":"Shining Light","floor":4,"gold_loss":0,"cards_upgraded":["Neutralize","Strike_G"]},{"damage_healed":0,"gold_gain":0,"player_choice":"Upgraded","damage_taken":0,"max_hp_gain":0,"max_hp_loss":0,"event_name":"Upgrade Shrine","floor":5,"gold_loss":0,"cards_upgraded":["Noxious Fumes"]},{"damage_healed":0,"gold_gain":0,"player_choice":"Fled","damage_taken":0,"max_hp_gain":0,"max_hp_loss":0,"event_name":"Scrap Ooze","floor":11,"gold_loss":0},{"damage_healed":0,"gold_gain":0,"player_choice":"Paid Gold","damage_taken":0,"relics_obtained":["Art of War"],"max_hp_gain":0,"max_hp_loss":0,"event_name":"WeMeetAgain","floor":19,"gold_loss":90}],"is_beta":false,"boss_relics":[{"not_picked":["Tiny House","Philosopher\u0027s Stone"],"picked":"Busted Crown"}],"items_purged_floors":[],"is_endless":false,"potions_floor_spawned":[7,12,16,18,24,30],"killed_by":"Champ","ascension_level":20}