{"gold_per_floor":[112,123,50,60,71,71,97,97,97,112,167,167,182,147,147,249,249,267,284,684,698,77,77,97,97,97,117,117,47,76,76,76,76],"floor_reached":33,"playtime":2905,"items_purged":["Strike_B"],"score":302,"play_id":"dd5ee49a-f59f-48c3-a4ae-42d1545872f1","local_time":"20190424183458","is_ascension_mode":false,"campfire_choices":[{"data":"Zap","floor":6,"key":"SMITH"},{"data":"Seek","floor":8,"key":"SMITH"},{"data":"Dualcast","floor":15,"key":"SMITH"},{"data":"Electrodynamics","floor":23,"key":"SMITH"},{"data":"Tempest","floor":25,"key":"SMITH"},{"data":"Stack","floor":28,"key":"SMITH"},{"data":"Undo","floor":32,"key":"SMITH"}],"neow_cost":"NONE","seed_source_timestamp":64807705311500,"circlet_count":0,"master_deck":["Strike_B","Strike_B","Strike_B","Defend_B","Defend_B","Defend_B","Defend_B","Zap+1","Dualcast+1","Cold Snap","Compile Driver","Stack+1","Gash","Cold Snap","Gash","Seek+1","Stack","Undo+1","Gash","Electrodynamics+1","Beam Cell+1","Tempest+1","Leap+1","FTL","All For One","Discovery","Redo","Gash+1","Loop","Machine Learning"],"relics":["Cracked Core","Gremlin Horn","Meat on the Bone","Tiny Chest","Coffee Dripper","Old Coin","Dodecahedron","Bottled Lightning","Centennial Puzzle","Sundial"],"potions_floor_usage":[7,13,20,20,24,27],"damage_taken":[{"damage":2,"enemies":"Jaw Worm","floor":1,"turns":4},{"damage":3,"enemies":"2 Louse","floor":2,"turns":3},{"damage":0,"enemies":"Small Slimes","floor":4,"turns":3},{"damage":0,"enemies":"Exordium Wildlife","floor":5,"turns":3},{"damage":14,"enemies":"Lagavulin","floor":7,"turns":6},{"damage":3,"enemies":"Looter","floor":10,"turns":2},{"damage":18,"enemies":"Gremlin Nob","floor":11,"turns":5},{"damage":0,"enemies":"2 Fungi Beasts","floor":13,"turns":3},{"damage":21,"enemies":"Hexaghost","floor":16,"turns":11},{"damage":14,"enemies":"2 Thieves","floor":18,"turns":4},{"damage":15,"enemies":"Spheric Guardian","floor":19,"turns":4},{"damage":5,"enemies":"Colosseum Slavers","floor":20,"turns":3},{"damage":28,"enemies":"Colosseum Nobs","floor":20,"turns":4},{"damage":14,"enemies":"Shelled Parasite and Fungi","floor":21,"turns":6},{"damage":12,"enemies":"Centurion and Healer","floor":24,"turns":2},{"damage":21,"enemies":"Snake Plant","floor":27,"turns":3},{"damage":21,"enemies":"Book of Stabbing","floor":30,"turns":3},{"damage":53,"enemies":"Automaton","floor":33,"turns":6}],"seed_played":"-6911781548963346713","potions_obtained":[{"floor":2,"key":"SteroidPotion"},{"floor":4,"key":"GamblersBrew"},{"floor":11,"key":"Ancient Potion"},{"floor":19,"key":"Weak Potion"},{"floor":21,"key":"Weak Potion"},{"floor":24,"key":"Dexterity Potion"}],"is_trial":false,"path_per_floor":["?","?","?","?"],"character_chosen":"DEFECT","items_purchased":["Stack","Gash","Bottled Lightning","FTL","All For One","Discovery","Loop"],"campfire_rested":0,"item_purchase_floors":[3,3,22,22,22,22,29],"current_hp_per_floor":[80,77,77,77,77,77,63,63,63,60,42,47,47,68,68,47,87,73,58,37,35,35,35,35,35,35,26,26,26,17,17,17,0],"gold":76,"neow_bonus":"TEN_PERCENT_HP_BONUS","is_prod":false,"is_daily":false,"chose_seed":false,"campfire_upgraded":7,"win_rate":0.0,"timestamp":1556156098,"path_taken":["M","M","$","M","M","R","E","R","T","M","E","?","M","?","R","BOSS","M","M","?","M","$","R","M","R","T","M","R","$","E","?","R","BOSS"],"build_version":"2019-01-23","purchased_purges":1,"victory":false,"max_hp_per_floor":[82,82,82,82,82,82,82,82,82,82,82,87,87,87,87,87,87,87,87,87,87,87,87,87,87,87,87,87,87,87,87,87,87],"card_choices":[{"not_picked":["Beam Cell","Steam"],"picked":"Cold Snap","floor":1},{"not_picked":["Rip and Tear","Lockon"],"picked":"Compile Driver","floor":2},{"not_picked":["Skim","Leap"],"picked":"Cold Snap","floor":4},{"not_picked":["Streamline","Cold Snap"],"picked":"Gash","floor":5},{"not_picked":["Compile Driver","Hello World"],"picked":"Seek","floor":7},{"not_picked":["Sweeping Beam","Steam"],"picked":"Stack","floor":10},{"not_picked":["Leap","Aggregate"],"picked":"Undo","floor":11},{"not_picked":["Double Energy","Undo"],"picked":"Gash","floor":13},{"not_picked":["Multi-Cast","Machine Learning"],"picked":"Electrodynamics","floor":16},{"not_picked":["Conserve Battery","Glacier"],"picked":"Beam Cell+1","floor":18},{"not_picked":["Redo","Go for the Eyes"],"picked":"Tempest","floor":19},{"not_picked":["Rebound","Stack"],"picked":"Leap+1","floor":21},{"not_picked":["Rip and Tear","Skim"],"picked":"Redo","floor":24},{"not_picked":["Redo","Melter"],"picked":"Gash+1","floor":27},{"not_picked":["BootSequence+1","Barrage"],"picked":"Machine Learning","floor":30}],"player_experience":58274,"relics_obtained":[{"floor":7,"key":"Gremlin Horn"},{"floor":9,"key":"Meat on the Bone"},{"floor":11,"key":"Tiny Chest"},{"floor":20,"key":"Old Coin"},{"floor":20,"key":"Dodecahedron"},{"floor":26,"key":"Centennial Puzzle"},{"floor":30,"key":"Sundial"}],"event_choices":[{"damage_healed":0,"gold_gain":0,"player_choice":"Donut","damage_taken":0,"max_hp_gain":5,"max_hp_loss":0,"event_name":"Big Fish","floor":12,"gold_loss":0},{"damage_healed":21,"gold_gain":0,"player_choice":"Healed","damage_taken":0,"max_hp_gain":0,"max_hp_loss":0,"event_name":"The Cleric","floor":14,"gold_loss":35},{"damage_healed":0,"gold_gain":0,"player_choice":"Fight","damage_taken":0,"max_hp_gain":0,"max_hp_loss":0,"event_name":"Colosseum","floor":20,"gold_loss":0},{"damage_healed":0,"gold_gain":0,"player_choice":"Fought Nobs","damage_taken":0,"max_hp_gain":0,"max_hp_loss":0,"event_name":"Colosseum","floor":20,"gold_loss":0},{"damage_healed":0,"gold_gain":0,"player_choice":"Ignored","damage_taken":0,"max_hp_gain":0,"max_hp_loss":0,"event_name":"The Mausoleum","floor":31,"gold_loss":0}],"is_beta":false,"boss_relics":[{"not_picked":["Empty Cage","Black Star"],"picked":"Coffee Dripper"}],"items_purged_floors":[22],"is_endless":false,"potions_floor_spawned":[2,4,11,19,21,24],"killed_by":"Automaton","ascension_level":0}