{"gold_per_floor":[118,168,178,190,38,38,69,69,148,148,159,178,193,210,210,210],"floor_reached":16,"playtime":1747,"items_purged":["Strike_G"],"score":208,"play_id":"875b782e-59bc-4444-b0f3-53e0f41c2f8f","local_time":"20190503124647","is_ascension_mode":true,"campfire_choices":[{"data":"Noxious Fumes","floor":6,"key":"SMITH"},{"data":"Caltrops","floor":8,"key":"SMITH"},{"floor":15,"key":"REST"}],"neow_cost":"NONE","seed_source_timestamp":167476136345907,"circlet_count":0,"master_deck":["AscendersBane","Defend_G","Defend_G","Defend_G","Defend_G","Defend_G","Strike_G","Strike_G","Strike_G","Strike_G","Survivor","Neutralize","Flying Knee","Caltrops+1","Deflect","Noxious Fumes+1","Bane","Backstab","Backflip","Corpse Explosion","Blur","Backflip"],"relics":["Ring of the Snake","Happy Flower","Potion Belt","Bottled Tornado"],"potions_floor_usage":[7,12,12,16],"damage_taken":[{"damage":2,"enemies":"2 Louse","floor":1,"turns":4},{"damage":4,"enemies":"Cultist","floor":3,"turns":4},{"damage":2,"enemies":"Jaw Worm","floor":4,"turns":5},{"damage":26,"enemies":"Gremlin Nob","floor":7,"turns":6},{"damage":0,"enemies":"3 Louse","floor":11,"turns":3},{"damage":5,"enemies":"Exordium Thugs","floor":12,"turns":4},{"damage":13,"enemies":"Large Slime","floor":13,"turns":4},{"damage":8,"enemies":"Blue Slaver","floor":14,"turns":3},{"damage":36,"enemies":"The Guardian","floor":16,"turns":2}],"seed_played":"-8546319985680424271","potions_obtained":[{"floor":4,"key":"GhostInAJar"},{"floor":7,"key":"Regen Potion"},{"floor":11,"key":"Fire Potion"},{"floor":13,"key":"SkillPotion"}],"is_trial":false,"path_per_floor":["M","?","M","M","$","R","E","R","T","?","M","M","M","M","R","B"],"character_chosen":"THE_SILENT","items_purchased":["Noxious Fumes"],"campfire_rested":1,"item_purchase_floors":[5],"current_hp_per_floor":[57,57,53,51,51,51,25,25,25,25,25,34,21,13,32,0],"gold":210,"neow_bonus":"RANDOM_COMMON_RELIC","is_prod":false,"is_daily":false,"chose_seed":false,"campfire_upgraded":2,"win_rate":0,"timestamp":1556880407,"path_taken":["M","?","M","M","?","R","E","R","T","?","M","M","M","?","R","BOSS"],"build_version":"2019-01-23","purchased_purges":1,"victory":false,"max_hp_per_floor":[66,66,66,66,66,66,66,66,66,66,66,66,66,66,66,66],"card_choices":[{"not_picked":["Deflect","Outmaneuver"],"picked":"Flying Knee","floor":1},{"not_picked":["Dodge and Roll","Backflip"],"picked":"Caltrops","floor":3},{"not_picked":["Prepared","Flying Knee"],"picked":"Deflect","floor":4},{"not_picked":["Sucker Punch","Quick Slash"],"picked":"Bane","floor":7},{"not_picked":["Prepared","Outmaneuver"],"picked":"Backflip","floor":11},{"not_picked":["Cloak And Dagger","Quick Slash"],"picked":"Corpse Explosion","floor":12},{"not_picked":["Choke","Quick Slash"],"picked":"Blur","floor":13},{"not_picked":["Quick Slash","Poisoned Stab"],"picked":"Backflip","floor":14}],"player_experience":3195621,"relics_obtained":[{"floor":7,"key":"Potion Belt"},{"floor":9,"key":"Bottled Tornado"}],"event_choices":[{"damage_healed":0,"gold_gain":50,"player_choice":"Pray","damage_taken":0,"max_hp_gain":0,"max_hp_loss":0,"event_name":"Golden Shrine","floor":2,"gold_loss":0},{"damage_healed":0,"gold_gain":0,"player_choice":"1 cards matched","damage_taken":0,"max_hp_gain":0,"max_hp_loss":0,"event_name":"Match and Keep!","floor":10,"gold_loss":0,"cards_obtained":["Backstab"]}],"is_beta":false,"boss_relics":[],"items_purged_floors":[5],"is_endless":false,"potions_floor_spawned":[4,7,11,13],"killed_by":"The Guardian","ascension_level":20}