{"gold_per_floor":[109,129,139,151,170,195,195,228,253,253],"floor_reached":10,"playtime":389,"items_purged":[],"score":84,"play_id":"2dfbaa4e-dc70-4fd8-8dcf-19bd1a5e20a1","local_time":"20190327111032","is_ascension_mode":true,"campfire_choices":[{"data":"Barricade","floor":7,"key":"SMITH"}],"neow_cost":"NONE","seed_source_timestamp":615271638367243,"circlet_count":0,"master_deck":["Strike_R","Strike_R","Strike_R","Strike_R","Strike_R","Defend_R","Defend_R","Defend_R","Defend_R","Bash","Anger","Barricade+1","Body Slam"],"relics":["Burning Blood","NeowsBlessing","Juzu Bracelet","Art of War","Vajra"],"potions_floor_usage":[6,6,10],"damage_taken":[{"damage":0,"enemies":"Small Slimes","floor":1,"turns":1},{"damage":0,"enemies":"Cultist","floor":2,"turns":1},{"damage":0,"enemies":"Jaw Worm","floor":3,"turns":1},{"damage":20,"enemies":"Large Slime","floor":4,"turns":10},{"damage":22,"enemies":"2 Fungi Beasts","floor":5,"turns":5},{"damage":28,"enemies":"Gremlin Nob","floor":6,"turns":5},{"damage":25,"enemies":"Lagavulin","floor":8,"turns":10},{"damage":0,"enemies":"3 Sentries","floor":10,"turns":2}],"seed_played":"-4239118308392140612","potions_obtained":[{"floor":1,"key":"SteroidPotion"},{"floor":2,"key":"Strength Potion"},{"floor":8,"key":"Explosive Potion"}],"is_trial":false,"path_per_floor":[],"character_chosen":"IRONCLAD","items_purchased":[],"campfire_rested":0,"item_purchase_floors":[],"current_hp_per_floor":[80,80,80,66,50,28,28,9,9,9],"gold":253,"neow_bonus":"THREE_ENEMY_KILL","is_prod":false,"is_daily":false,"chose_seed":false,"campfire_upgraded":1,"win_rate":0,"timestamp":1553681432,"path_taken":["M","M","M","M","M","E","R","E","T","E"],"build_version":"2019-01-23","purchased_purges":0,"victory":false,"max_hp_per_floor":[80,80,80,80,80,80,80,80,80,80],"card_choices":[{"not_picked":["Rampage","Twin Strike"],"picked":"Anger","floor":1},{"not_picked":["Havoc","Carnage","Clothesline"],"picked":"SKIP","floor":2},{"not_picked":["Wild Strike","Twin Strike"],"picked":"Barricade","floor":3},{"not_picked":["True Grit","Battle Trance"],"picked":"Body Slam","floor":4},{"not_picked":["Reckless Charge","Headbutt","Twin Strike"],"picked":"SKIP","floor":5},{"not_picked":["True Grit","Whirlwind","Inflame"],"picked":"SKIP","floor":6},{"not_picked":["Anger","Exhume","Twin Strike"],"picked":"SKIP","floor":8}],"player_experience":49758,"relics_obtained":[{"floor":6,"key":"Juzu Bracelet"},{"floor":8,"key":"Art of War"},{"floor":9,"key":"Vajra"}],"event_choices":[],"is_beta":false,"boss_relics":[],"items_purged_floors":[],"is_endless":false,"potions_floor_spawned":[1,2,8],"killed_by":"3 Sentries","ascension_level":1}