{"gold_per_floor":[116,127,127,202,220,220,248,266,266,366,379,379,395,376,376,474,474,491,510,56,72,87,87,106,106,106,106],"floor_reached":27,"playtime":1205,"items_purged":["Strike_G"],"score":263,"play_id":"eb50440d-bf4a-4475-8aad-a048c757c0ce","local_time":"20190424105041","is_ascension_mode":true,"campfire_choices":[{"data":"PiercingWail","floor":6,"key":"SMITH"},{"floor":12,"key":"REST"},{"floor":15,"key":"REST"},{"data":"Footwork","floor":23,"key":"SMITH"},{"floor":25,"key":"REST"}],"neow_cost":"NONE","seed_source_timestamp":884633390764715,"circlet_count":0,"master_deck":["Defend_G","Defend_G","Defend_G","Defend_G","Defend_G","Strike_G","Strike_G","Strike_G","Strike_G","Survivor","Neutralize","PiercingWail+1","Noxious Fumes+1","Deflect","Envenom","Deadly Poison","Blade Dance","Deadly Poison","Corpse Explosion","Endless Agony","Well Laid Plans","Slice","Quick Slash+1","Footwork+1","Cloak And Dagger"],"relics":["Ring of the Snake","Pen Nib","The Specimen","Thread and Needle","HoveringKite","Kunai","Bottled Tornado"],"potions_floor_usage":[21,22,27],"damage_taken":[{"damage":0,"enemies":"Small Slimes","floor":1,"turns":5},{"damage":0,"enemies":"Jaw Worm","floor":2,"turns":5},{"damage":0,"enemies":"Cultist","floor":5,"turns":4},{"damage":40,"enemies":"3 Sentries","floor":7,"turns":8},{"damage":5,"enemies":"Looter","floor":8,"turns":4},{"damage":2,"enemies":"Gremlin Gang","floor":11,"turns":4},{"damage":12,"enemies":"2 Fungi Beasts","floor":13,"turns":4},{"damage":9,"enemies":"Exordium Thugs","floor":14,"turns":4},{"damage":1,"enemies":"Hexaghost","floor":16,"turns":9},{"damage":25,"enemies":"2 Thieves","floor":18,"turns":3},{"damage":4,"enemies":"Shell Parasite","floor":19,"turns":5},{"damage":2,"enemies":"Shelled Parasite and Fungi","floor":21,"turns":5},{"damage":17,"enemies":"Centurion and Healer","floor":22,"turns":5},{"damage":10,"enemies":"Cultist and Chosen","floor":24,"turns":7},{"damage":38,"enemies":"Book of Stabbing","floor":27,"turns":6}],"seed_played":"6245390126286316058","potions_obtained":[{"floor":8,"key":"GhostInAJar"},{"floor":13,"key":"Fire Potion"},{"floor":14,"key":"Weak Potion"},{"floor":16,"key":"GhostInAJar"},{"floor":21,"key":"PowerPotion"}],"is_trial":false,"path_per_floor":["?","?","?","M"],"character_chosen":"THE_SILENT","items_purchased":["Kunai","Well Laid Plans","Slice"],"campfire_rested":3,"item_purchase_floors":[20,20,20],"current_hp_per_floor":[70,70,70,59,59,59,19,14,14,14,12,33,21,12,33,32,70,45,41,41,39,22,22,12,33,33,0],"gold":106,"neow_bonus":"RANDOM_COMMON_RELIC","is_prod":false,"is_daily":false,"chose_seed":false,"campfire_upgraded":2,"win_rate":0,"timestamp":1556095841,"path_taken":["M","M","?","?","M","R","E","M","T","?","?","R","M","M","R","BOSS","M","M","$","M","M","R","M","R","T","E"],"build_version":"2019-01-23","purchased_purges":1,"victory":false,"max_hp_per_floor":[70,70,70,70,70,70,70,70,70,70,70,70,70,70,70,70,70,70,70,70,70,70,70,70,70,70,70],"card_choices":[{"not_picked":["Prepared","Acrobatics"],"picked":"PiercingWail","floor":1},{"not_picked":["Bane","All Out Attack"],"picked":"Noxious Fumes","floor":2},{"not_picked":["Endless Agony","Dagger Spray"],"picked":"Deflect","floor":5},{"not_picked":["Poisoned Stab","Dagger Spray"],"picked":"Envenom","floor":7},{"not_picked":["Flying Knee","Calculated Gamble"],"picked":"Deadly Poison","floor":8},{"not_picked":["Setup","Backstab"],"picked":"Blade Dance","floor":11},{"not_picked":["Crippling Poison","Acrobatics"],"picked":"Deadly Poison","floor":13},{"not_picked":["Heel Hook","Acrobatics","Underhanded Strike"],"picked":"SKIP","floor":14},{"not_picked":["Grand Finale","Wraith Form v2"],"picked":"Corpse Explosion","floor":16},{"not_picked":["Outmaneuver","Dash"],"picked":"Endless Agony","floor":18},{"not_picked":["Sucker Punch","PiercingWail","Flying Knee"],"picked":"SKIP","floor":19},{"not_picked":["Outmaneuver","PiercingWail+1"],"picked":"Quick Slash+1","floor":21},{"not_picked":["Deadly Poison+1","Dash"],"picked":"Footwork","floor":22},{"not_picked":["Flying Knee","Deadly Poison"],"picked":"Cloak And Dagger","floor":24}],"player_experience":152553,"relics_obtained":[{"floor":7,"key":"The Specimen"},{"floor":9,"key":"Thread and Needle"},{"floor":26,"key":"Bottled Tornado"}],"event_choices":[{"damage_healed":0,"gold_gain":0,"player_choice":"Grow","damage_taken":0,"max_hp_gain":0,"max_hp_loss":0,"event_name":"Living Wall","floor":3,"gold_loss":0,"cards_upgraded":["Noxious Fumes"]},{"damage_healed":0,"gold_gain":75,"player_choice":"Gather Gold","damage_taken":11,"max_hp_gain":0,"max_hp_loss":0,"event_name":"World of Goop","floor":4,"gold_loss":0},{"damage_healed":0,"gold_gain":100,"player_choice":"Pray","damage_taken":0,"max_hp_gain":0,"max_hp_loss":0,"event_name":"Golden Shrine","floor":10,"gold_loss":0}],"is_beta":false,"boss_relics":[{"not_picked":["Velvet Choker","Astrolabe"],"picked":"HoveringKite"}],"items_purged_floors":[20],"is_endless":false,"potions_floor_spawned":[8,13,14,16,21],"killed_by":"Book of Stabbing","ascension_level":4}