{"gold_per_floor":[109,109,126,1,12,12,37,57,136,152,32,32,60,79,79,156,156,167,185,9,20,32,42,42,55,55,55,88,88,149,168,168,242,242,254,7,107,161,161,161,191,191,191,191,209,209,241,241,241,241],"floor_reached":50,"playtime":15251,"items_purged":["Normality","Strike_G"],"score":1325,"play_id":"30c3a83e-5e97-415f-98b6-c2e3db9e32e0","local_time":"20190205171951","is_ascension_mode":true,"campfire_choices":[{"data":"Footwork","floor":6,"key":"SMITH"},{"data":"Noxious Fumes","floor":12,"key":"SMITH"},{"data":"Deadly Poison","floor":15,"key":"SMITH"},{"data":"Well Laid Plans","floor":24,"key":"SMITH"},{"floor":27,"key":"REST"},{"data":"After Image","floor":29,"key":"SMITH"},{"floor":32,"key":"REST"},{"data":"Burst","floor":40,"key":"SMITH"},{"floor":42,"key":"DIG"},{"floor":44,"key":"DIG"},{"floor":49,"key":"RECALL"}],"neow_cost":"CURSE","seed_source_timestamp":588484956279653,"circlet_count":0,"master_deck":["AscendersBane","Defend_G","Defend_G","Defend_G","Defend_G","Defend_G","Strike_G","Strike_G","Survivor","Neutralize","Noxious Fumes+1","Caltrops","Predator","Leg Sweep","Footwork+1","Deadly Poison+1","Dagger Spray","Leg Sweep","Deflect","Heel Hook","Blur","Cloak And Dagger","Deadly Poison","Corpse Explosion","Well Laid Plans+1","PiercingWail","Footwork","Acrobatics","Dodge and Roll","Infinite Blades","After Image+1","Dodge and Roll","Burst+1","Deadly Poison","Mayhem","Tools of the Trade","Backflip","Crippling Poison","Madness","Madness","Footwork","Doubt"],"relics":["Ring of the Serpent","Thread and Needle","Bag of Marbles","Pantograph","Omamori","Cursed Key","Happy Flower","Orichalcum","Tiny Chest","Pocketwatch","Shovel","Blood Vial","Incense Burner","Sundial","Centennial Puzzle","Potion Belt"],"potions_floor_usage":[7,13,13,14,23,25,28,28,31,35,38,50],"damage_taken":[{"damage":12,"enemies":"Cultist","floor":1,"turns":6},{"damage":5,"enemies":"2 Louse","floor":3,"turns":4},{"damage":1,"enemies":"Jaw Worm","floor":5,"turns":7},{"damage":8,"enemies":"Lagavulin","floor":7,"turns":7},{"damage":0,"enemies":"3 Louse","floor":8,"turns":4},{"damage":4,"enemies":"Exordium Wildlife","floor":10,"turns":7},{"damage":12,"enemies":"Gremlin Nob","floor":13,"turns":4},{"damage":0,"enemies":"Large Slime","floor":14,"turns":5},{"damage":0,"enemies":"Hexaghost","floor":16,"turns":11},{"damage":1,"enemies":"3 Byrds","floor":18,"turns":3},{"damage":7,"enemies":"Spheric Guardian","floor":19,"turns":4},{"damage":0,"enemies":"Chosen and Byrds","floor":21,"turns":8},{"damage":0,"enemies":"Cultist and Chosen","floor":22,"turns":7},{"damage":0,"enemies":"3 Cultists","floor":23,"turns":3},{"damage":27,"enemies":"Shelled Parasite and Fungi","floor":25,"turns":8},{"damage":2,"enemies":"Slavers","floor":28,"turns":4},{"damage":11,"enemies":"Book of Stabbing","floor":30,"turns":8},{"damage":17,"enemies":"Snake Plant","floor":31,"turns":8},{"damage":21,"enemies":"Automaton","floor":33,"turns":13},{"damage":0,"enemies":"3 Darklings","floor":35,"turns":5},{"damage":0,"enemies":"Mind Bloom Boss Battle","floor":37,"turns":8},{"damage":60,"enemies":"2 Orb Walkers","floor":38,"turns":6},{"damage":0,"enemies":"Nemesis","floor":41,"turns":9},{"damage":0,"enemies":"Orb Walker","floor":45,"turns":6},{"damage":0,"enemies":"Giant Head","floor":47,"turns":12},{"damage":72,"enemies":"Awakened One","floor":50,"turns":2}],"seed_played":"-4800884014300240257","potions_obtained":[{"floor":3,"key":"SteroidPotion"},{"floor":7,"key":"LiquidBronze"},{"floor":10,"key":"AttackPotion"},{"floor":13,"key":"SteroidPotion"},{"floor":14,"key":"Swift Potion"},{"floor":18,"key":"EssenceOfSteel"},{"floor":21,"key":"PowerPotion"},{"floor":23,"key":"LiquidBronze"},{"floor":25,"key":"Dexterity Potion"},{"floor":30,"key":"SteroidPotion"},{"floor":33,"key":"SpeedPotion"},{"floor":41,"key":"Dexterity Potion"},{"floor":45,"key":"Regen Potion"},{"floor":47,"key":"Poison Potion"}],"is_trial":false,"path_per_floor":["M","?","M","$","M","R","E","M","T","M","$","R","E","M","R","B",null,"M","M","$","M","M","M","R","M","T","R","E","R","E","M","R","B",null,"M","$","?","?","?","R","E","R","T","R","M","?","E","T","R","B"],"character_chosen":"THE_SILENT","items_purchased":["Footwork","Deadly Poison","Blur","Footwork","Mayhem","Weak Potion"],"campfire_rested":2,"item_purchase_floors":[4,4,11,20,36,36],"current_hp_per_floor":[47,47,42,42,41,41,33,33,33,29,29,29,17,17,17,42,60,59,52,52,52,52,52,52,25,25,44,42,42,31,14,33,37,59,59,59,66,6,54,54,54,54,54,54,54,44,46,46,46,0],"gold":241,"neow_bonus":"TRANSFORM_TWO_CARDS","is_prod":false,"is_daily":false,"chose_seed":false,"campfire_upgraded":6,"win_rate":0,"timestamp":1549383591,"path_taken":["M","?","?","$","M","R","E","M","T","M","?","R","E","M","R","BOSS","M","M","$","M","M","M","R","?","T","R","E","R","E","?","R","BOSS","M","$","?","?","?","R","E","R","T","R","?","?","E","?","R","BOSS"],"build_version":"2019-01-23","purchased_purges":2,"victory":false,"max_hp_per_floor":[66,66,66,66,66,66,66,66,66,66,66,66,66,66,66,66,66,66,66,66,66,66,66,66,66,66,66,66,66,66,66,66,66,66,66,66,66,66,54,54,54,54,54,54,54,54,54,54,54,54],"card_choices":[{"not_picked":["Backstab","Deflect"],"picked":"Predator","floor":1},{"not_picked":["Cloak And Dagger","Dash"],"picked":"Leg Sweep","floor":3},{"not_picked":["Dodge and Roll","Dash"],"picked":"Dagger Spray","floor":5},{"not_picked":["Flying Knee","Poisoned Stab"],"picked":"Leg Sweep","floor":7},{"not_picked":["Outmaneuver","Tactician"],"picked":"Deflect","floor":8},{"not_picked":["Expertise","Dodge and Roll"],"picked":"Heel Hook","floor":10},{"not_picked":["Blade Dance","Outmaneuver"],"picked":"Cloak And Dagger","floor":13},{"not_picked":["Cloak And Dagger","Flying Knee"],"picked":"Deadly Poison","floor":14},{"not_picked":["Wraith Form v2","Bullet Time"],"picked":"Corpse Explosion","floor":16},{"not_picked":["Terror","Bane"],"picked":"Well Laid Plans","floor":18},{"not_picked":["Bane","Dagger Throw"],"picked":"PiercingWail","floor":19},{"not_picked":["Distraction","Poisoned Stab"],"picked":"Acrobatics","floor":21},{"not_picked":["Bullet Time","Dagger Spray"],"picked":"Dodge and Roll","floor":22},{"not_picked":["Backstab+1","Expertise","PiercingWail"],"picked":"SKIP","floor":23},{"not_picked":["Concentrate","Tactician"],"picked":"Infinite Blades","floor":25},{"not_picked":["Underhanded Strike+1","PiercingWail"],"picked":"After Image","floor":28},{"not_picked":["After Image","PiercingWail","Skewer"],"picked":"SKIP","floor":30},{"not_picked":["Deflect","All Out Attack"],"picked":"Dodge and Roll","floor":31},{"not_picked":["Wraith Form v2","Envenom"],"picked":"Burst","floor":33},{"not_picked":["Finisher+1","Quick Slash+1"],"picked":"Deadly Poison","floor":35},{"not_picked":["Skewer+1","Setup"],"picked":"Tools of the Trade","floor":38},{"not_picked":["Underhanded Strike","Escape Plan"],"picked":"Backflip","floor":41},{"not_picked":["Slice","Acrobatics+1"],"picked":"Crippling Poison","floor":45},{"not_picked":["Heel Hook","Wraith Form v2"],"picked":"Footwork","floor":47}],"player_experience":2723507,"relics_obtained":[{"floor":2,"key":"Thread and Needle"},{"floor":7,"key":"Bag of Marbles"},{"floor":9,"key":"Pantograph"},{"floor":13,"key":"Omamori"},{"floor":26,"key":"Happy Flower"},{"floor":28,"key":"Orichalcum"},{"floor":30,"key":"Tiny Chest"},{"floor":37,"key":"Pocketwatch"},{"floor":38,"key":"Shovel"},{"floor":41,"key":"Blood Vial"},{"floor":42,"key":"Incense Burner"},{"floor":43,"key":"Sundial"},{"floor":44,"key":"Centennial Puzzle"},{"floor":47,"key":"Potion Belt"}],"event_choices":[{"damage_healed":0,"gold_gain":0,"player_choice":"Relic","damage_taken":0,"max_hp_gain":0,"max_hp_loss":0,"event_name":"Wheel of Change","floor":2,"gold_loss":0},{"damage_healed":0,"gold_gain":0,"player_choice":"Fight","damage_taken":0,"max_hp_gain":0,"max_hp_loss":0,"event_name":"MindBloom","floor":37,"gold_loss":0},{"damage_healed":0,"gold_gain":0,"player_choice":"Fight","damage_taken":0,"max_hp_gain":0,"max_hp_loss":0,"event_name":"Mysterious Sphere","floor":38,"gold_loss":0},{"damage_healed":54,"gold_gain":0,"player_choice":"Heal","damage_taken":0,"max_hp_gain":0,"max_hp_loss":12,"event_name":"The Moai Head","floor":39,"gold_loss":0},{"damage_healed":0,"gold_gain":0,"player_choice":"Embrace Madness","damage_taken":10,"max_hp_gain":0,"max_hp_loss":0,"event_name":"Winding Halls","floor":46,"gold_loss":0,"cards_obtained":["Madness","Madness"]}],"is_beta":false,"boss_relics":[{"not_picked":["Lizard Tail","Sozu"],"picked":"Cursed Key"},{"not_picked":["Tiny House","Black Star"],"picked":"Ring of the Serpent"}],"items_purged_floors":[11,20],"is_endless":false,"potions_floor_spawned":[3,7,10,13,14,18,21,23,25,30,33,41,45,47],"killed_by":"Awakened One","ascension_level":20}