{"gold_per_floor":[111,111,186,3,23,23,54,54,54,5,24,56,70,82,82,180,180,195,48,63,162,182,211,211,132,432,347,347,380,380,395,395,498,498,514,514,527,527,24,24,24,36,59,59,59],"floor_reached":45,"playtime":3037,"items_purged":[],"score":609,"play_id":"ec98afba-4d9b-4fda-8e04-22f5fff24116","local_time":"20190324205448","is_ascension_mode":false,"campfire_choices":[{"data":"Buffer","floor":6,"key":"SMITH"},{"floor":8,"key":"REST"},{"floor":15,"key":"REST"},{"floor":24,"key":"REST"},{"floor":30,"key":"REST"},{"floor":32,"key":"REST"},{"floor":40,"key":"DIG"}],"neow_cost":"NONE","seed_source_timestamp":388470824493544,"circlet_count":0,"master_deck":["Strike_B","Strike_B","Strike_B","Defend_B","Zap+1","Dualcast","Glacier","Buffer+1","Defragment","Rebound","Glacier+1","Go for the Eyes","Loop","Go for the Eyes+1","Coolheaded","Sweeping Beam+1","Biased Cognition","Fission+1","Machine Learning+1","Reboot+1","Sweeping Beam+1","Redo+1","Barrage+1","Buffer","Storm","Jack Of All Trades","Conserve Battery","Rainbow","Sweeping Beam+1","Secret Technique","Cold Snap+1","Writhe","Dark Shackles","Sweeping Beam+1","Conserve Battery","Redo+1"],"relics":["Inserter","Vajra","Pen Nib","Calipers","Molten Egg 2","Astrolabe","Lantern","War Paint","Old Coin","Dodecahedron","WingedGreaves","Black Star","Shovel","Smiling Mask","Bag of Marbles","Pear"],"potions_floor_usage":[14,29,29,33],"damage_taken":[{"damage":15,"enemies":"Jaw Worm","floor":1,"turns":4},{"damage":0,"enemies":"Small Slimes","floor":5,"turns":6},{"damage":43,"enemies":"Gremlin Nob","floor":7,"turns":6},{"damage":0,"enemies":"2 Louse","floor":11,"turns":5},{"damage":0,"enemies":"Lagavulin","floor":12,"turns":13},{"damage":2,"enemies":"2 Fungi Beasts","floor":13,"turns":4},{"damage":1,"enemies":"3 Louse","floor":14,"turns":6},{"damage":0,"enemies":"Slime Boss","floor":16,"turns":15},{"damage":0,"enemies":"Spheric Guardian","floor":18,"turns":7},{"damage":0,"enemies":"Shell Parasite","floor":20,"turns":9},{"damage":3,"enemies":"Shelled Parasite and Fungi","floor":22,"turns":8},{"damage":23,"enemies":"Gremlin Leader","floor":23,"turns":7},{"damage":41,"enemies":"Slavers","floor":29,"turns":5},{"damage":0,"enemies":"Snake Plant","floor":31,"turns":6},{"damage":26,"enemies":"Collector","floor":33,"turns":12},{"damage":37,"enemies":"3 Shapes","floor":35,"turns":4},{"damage":17,"enemies":"3 Darklings","floor":37,"turns":7},{"damage":31,"enemies":"Jaw Worm Horde","floor":42,"turns":7},{"damage":31,"enemies":"Spire Growth","floor":45,"turns":4}],"seed_played":"-73062257876008111","potions_obtained":[{"floor":1,"key":"FearPotion"},{"floor":11,"key":"Poison Potion"},{"floor":13,"key":"Fire Potion"},{"floor":14,"key":"Weak Potion"},{"floor":18,"key":"FocusPotion"},{"floor":22,"key":"Explosive Potion"},{"floor":23,"key":"PowerPotion"},{"floor":33,"key":"Weak Potion"},{"floor":35,"key":"SpeedPotion"},{"floor":42,"key":"LiquidBronze"}],"is_trial":false,"path_per_floor":["?","?","M","?","?","?","M","?","?","?"],"character_chosen":"DEFECT","items_purchased":["Defragment","Vajra","Go for the Eyes","Lantern","Storm","Dark Shackles","Sweeping Beam+1","Shovel","Conserve Battery"],"campfire_rested":5,"item_purchase_floors":[4,4,10,19,25,39,39,39,39],"current_hp_per_floor":[60,60,49,49,49,49,6,28,28,28,28,28,26,25,47,47,75,75,75,75,75,72,49,71,71,71,71,57,16,38,38,60,34,75,38,38,21,40,40,40,40,9,9,19,0],"gold":59,"neow_bonus":"BOSS_RELIC","is_prod":false,"is_daily":false,"chose_seed":false,"campfire_upgraded":1,"win_rate":0.0,"timestamp":1553457288,"path_taken":["M","?","?","$","M","R","E","R","T","$","?","E","M","M","R","BOSS","M","$","M","?","M","E","R","$","T","?","?","E","R","?","R","BOSS","M","?","M","?","$","R","$","M","T","?","M"],"build_version":"2019-01-23","purchased_purges":0,"victory":false,"max_hp_per_floor":[75,75,75,75,75,75,75,75,75,75,75,75,75,75,75,75,75,75,75,75,75,75,75,75,75,75,75,75,75,75,75,75,75,75,75,75,75,75,75,75,75,75,75,85,85],"card_choices":[{"not_picked":["Loop","Compile Driver"],"picked":"Glacier","floor":1},{"not_picked":["Fusion","Chaos"],"picked":"Rebound","floor":5},{"not_picked":["Redo","Chill"],"picked":"Glacier","floor":7},{"not_picked":["Fusion","Barrage"],"picked":"Loop","floor":11},{"not_picked":["Gash","Machine Learning"],"picked":"Go for the Eyes","floor":12},{"not_picked":["Hologram","Darkness"],"picked":"Coolheaded","floor":13},{"not_picked":["Auto Shields","Stack"],"picked":"Sweeping Beam+1","floor":14},{"not_picked":["Electrodynamics","Machine Learning"],"picked":"Biased Cognition","floor":16},{"not_picked":["Rebound+1","Self Repair+1"],"picked":"Sweeping Beam+1","floor":18},{"not_picked":["Steam Power+1","Lockon+1"],"picked":"Redo+1","floor":20},{"not_picked":["Static Discharge","Reprogram"],"picked":"Barrage+1","floor":22},{"not_picked":["Steam+1","Capacitor"],"picked":"Buffer","floor":23},{"not_picked":["Compile Driver+1","Gash+1","Streamline+1"],"picked":"SKIP","floor":29},{"not_picked":["Compile Driver+1","Coolheaded"],"picked":"Conserve Battery","floor":31},{"not_picked":["Amplify","Reboot"],"picked":"Rainbow","floor":33},{"not_picked":["Self Repair","Lockon+1"],"picked":"Sweeping Beam+1","floor":35},{"not_picked":["Trip","Magnetism"],"picked":"Secret Technique","floor":36},{"not_picked":["Coolheaded","Steam+1"],"picked":"Cold Snap+1","floor":37},{"not_picked":["Rip and Tear+1","Hologram+1"],"picked":"Redo+1","floor":42}],"player_experience":10894,"relics_obtained":[{"floor":7,"key":"Pen Nib"},{"floor":9,"key":"Calipers"},{"floor":12,"key":"Molten Egg 2"},{"floor":23,"key":"War Paint"},{"floor":26,"key":"Old Coin"},{"floor":29,"key":"WingedGreaves"},{"floor":40,"key":"Smiling Mask"},{"floor":43,"key":"Bag of Marbles"}],"event_choices":[{"damage_healed":0,"gold_gain":0,"cards_transformed":["Strike_B"],"player_choice":"Change","damage_taken":0,"max_hp_gain":0,"max_hp_loss":0,"event_name":"Living Wall","floor":2,"gold_loss":0,"cards_obtained":["Buffer"]},{"damage_healed":0,"gold_gain":75,"player_choice":"Gather Gold","damage_taken":11,"max_hp_gain":0,"max_hp_loss":0,"event_name":"World of Goop","floor":3,"gold_loss":0},{"damage_healed":0,"gold_gain":99,"player_choice":"Stole From Cult","damage_taken":0,"max_hp_gain":0,"max_hp_loss":0,"event_name":"Nest","floor":21,"gold_loss":0},{"damage_healed":0,"gold_gain":0,"player_choice":"Obtained Relic","damage_taken":0,"relics_obtained":["Dodecahedron"],"max_hp_gain":0,"max_hp_loss":0,"event_name":"Addict","floor":27,"gold_loss":85},{"damage_healed":0,"gold_gain":0,"player_choice":"CARD ","damage_taken":14,"max_hp_gain":0,"max_hp_loss":0,"event_name":"Knowing Skull","floor":28,"potions_obtained":[],"gold_loss":0,"cards_obtained":["Jack Of All Trades"]},{"damage_healed":0,"gold_gain":0,"player_choice":"Memory 1","damage_taken":0,"max_hp_gain":0,"max_hp_loss":0,"event_name":"SensoryStone","floor":36,"gold_loss":0},{"damage_healed":19,"gold_gain":0,"player_choice":"Writhe","damage_taken":0,"max_hp_gain":0,"max_hp_loss":0,"event_name":"Winding Halls","floor":38,"gold_loss":0,"cards_obtained":["Writhe"]},{"damage_healed":0,"gold_gain":0,"player_choice":"Gave Potion","damage_taken":0,"relics_obtained":["Pear"],"max_hp_gain":0,"max_hp_loss":0,"event_name":"WeMeetAgain","floor":44,"gold_loss":0}],"is_beta":false,"boss_relics":[{"not_picked":["Lizard Tail","Busted Crown"],"picked":"Astrolabe"},{"not_picked":["Tiny House","Runic Pyramid"],"picked":"Black Star"}],"items_purged_floors":[],"is_endless":false,"potions_floor_spawned":[1,11,13,14,18,22,23,33,35,42],"killed_by":"Spire Growth","ascension_level":0}