{"gold_per_floor":[109,109,128,140,54,82,82,116,193,193,193,343,303],"floor_reached":13,"playtime":411,"items_purged":[],"score":173,"play_id":"5c989ce6-575a-4a1b-a447-41f4ef289994","local_time":"20190509234026","is_ascension_mode":true,"campfire_choices":[{"floor":7,"key":"REST"},{"floor":10,"key":"REST"}],"neow_cost":"NONE","seed_source_timestamp":343902792547000,"circlet_count":0,"master_deck":["AscendersBane","Defend_G","Defend_G","Defend_G","Defend_G","Defend_G","Strike_G","Strike_G","Strike_G","Strike_G","Survivor","Neutralize","Dagger Spray","Dagger Spray","Leg Sweep","Die Die Die","Doubt"],"relics":["Ring of the Snake","NeowsBlessing","Incense Burner","Regal Pillow","Paper Crane","Shuriken"],"potions_floor_usage":[8],"damage_taken":[{"damage":0,"enemies":"Jaw Worm","floor":1,"turns":1},{"damage":0,"enemies":"Cultist","floor":3,"turns":1},{"damage":0,"enemies":"Small Slimes","floor":4,"turns":1},{"damage":49,"enemies":"Gremlin Nob","floor":6,"turns":5},{"damage":20,"enemies":"3 Sentries","floor":8,"turns":7},{"damage":12,"enemies":"Exordium Thugs","floor":13,"turns":2}],"seed_played":"3783635528576516242","potions_obtained":[{"floor":3,"key":"SkillPotion"}],"is_trial":false,"path_per_floor":["M","?","M","M","$","E","R","E","T","R","?","?","M"],"character_chosen":"THE_SILENT","items_purchased":["Leg Sweep"],"campfire_rested":2,"item_purchase_floors":[5],"current_hp_per_floor":[59,59,59,59,59,10,29,9,9,43,8,8,0],"gold":303,"neow_bonus":"THREE_ENEMY_KILL","is_prod":false,"is_daily":false,"chose_seed":false,"campfire_upgraded":0,"win_rate":0,"timestamp":1557470426,"path_taken":["M","?","M","?","$","E","R","E","T","R","?","?","M"],"build_version":"2019-01-23","purchased_purges":0,"victory":false,"max_hp_per_floor":[66,66,66,66,66,66,66,66,66,66,66,66,66],"card_choices":[{"not_picked":["Deflect","Outmaneuver","Bane"],"picked":"SKIP","floor":1},{"not_picked":["Calculated Gamble","Acrobatics"],"picked":"Dagger Spray","floor":3},{"not_picked":["Choke","Venomology"],"picked":"Dagger Spray","floor":4},{"not_picked":["Quick Slash","Masterful Stab"],"picked":"Die Die Die","floor":6},{"not_picked":["Calculated Gamble","Sucker Punch","Underhanded Strike"],"picked":"SKIP","floor":8}],"player_experience":455081,"relics_obtained":[{"floor":6,"key":"Incense Burner"},{"floor":8,"key":"Regal Pillow"},{"floor":9,"key":"Paper Crane"}],"event_choices":[{"cards_removed":["Strike_G"],"damage_healed":0,"gold_gain":0,"player_choice":"Purged","damage_taken":0,"max_hp_gain":0,"max_hp_loss":0,"event_name":"Purifier","floor":2,"gold_loss":0},{"damage_healed":0,"gold_gain":0,"player_choice":"Success","damage_taken":35,"relics_obtained":["Shuriken"],"max_hp_gain":0,"max_hp_loss":0,"event_name":"Scrap Ooze","floor":11,"gold_loss":0},{"damage_healed":0,"gold_gain":150,"player_choice":"AGREE","damage_taken":0,"max_hp_gain":0,"max_hp_loss":0,"event_name":"Liars Game","floor":12,"gold_loss":0,"cards_obtained":["Doubt"]}],"is_beta":false,"boss_relics":[],"items_purged_floors":[],"is_endless":false,"potions_floor_spawned":[3],"killed_by":"Exordium Thugs","ascension_level":18}