{"gold_per_floor":[112,112,13,13,88,121,42,74,98,23,34,34,44,100,100,202,202,221,239,15,33,33],"floor_reached":22,"playtime":597,"items_purged":["Strike_B"],"score":303,"play_id":"c8eb44ff-fb21-44b7-9caf-288271477e67","local_time":"20190428173043","is_ascension_mode":true,"campfire_choices":[{"floor":15,"key":"REST"}],"neow_cost":"NONE","seed_source_timestamp":198236897384606,"circlet_count":0,"master_deck":["Strike_B","Strike_B","Strike_B","Defend_B","Defend_B","Defend_B","Zap+1","Dualcast","Ball Lightning","Turbo","Hologram","Self Repair","Conserve Battery","Capacitor","Loop","Conserve Battery","BootSequence","Echo Form","Ball Lightning","Coolheaded","Auto Shields","Self Repair"],"relics":["Cracked Core","NeowsBlessing","Ornamental Fan","Emotion Chip","Ancient Tea Set","Cables","Pear","Coffee Dripper","Happy Flower"],"potions_floor_usage":[18,21,21],"damage_taken":[{"damage":0,"enemies":"2 Louse","floor":1,"turns":1},{"damage":0,"enemies":"Lagavulin","floor":6,"turns":1},{"damage":0,"enemies":"Gremlin Nob","floor":8,"turns":1},{"damage":0,"enemies":"Cultist","floor":11,"turns":2},{"damage":12,"enemies":"Jaw Worm","floor":13,"turns":2},{"damage":26,"enemies":"Lagavulin Event","floor":14,"turns":5},{"damage":57,"enemies":"Slime Boss","floor":16,"turns":7},{"damage":20,"enemies":"2 Thieves","floor":18,"turns":4},{"damage":0,"enemies":"Chosen","floor":19,"turns":5},{"damage":45,"enemies":"3 Cultists","floor":21,"turns":6},{"damage":44,"enemies":"Snecko","floor":22,"turns":4}],"seed_played":"120149037507728761","potions_obtained":[{"floor":8,"key":"SkillPotion"},{"floor":14,"key":"Block Potion"},{"floor":16,"key":"SkillPotion"}],"is_trial":false,"path_per_floor":["?","$","?","?","T","M","?"],"character_chosen":"DEFECT","items_purchased":["Turbo","Self Repair","Capacitor","Auto Shields","Happy Flower"],"campfire_rested":1,"item_purchase_floors":[3,7,10,20,20],"current_hp_per_floor":[75,75,75,68,57,57,57,57,57,57,57,57,52,43,68,18,68,55,62,62,24,0],"gold":33,"neow_bonus":"THREE_ENEMY_KILL","is_prod":false,"is_daily":false,"chose_seed":false,"campfire_upgraded":0,"win_rate":0,"timestamp":1556465443,"path_taken":["M","?","?","?","?","E","$","E","T","$","M","?","?","?","R","BOSS","M","M","$","M","M"],"build_version":"2019-01-23","purchased_purges":1,"victory":false,"max_hp_per_floor":[75,75,75,75,75,75,75,75,75,75,75,75,75,85,85,85,85,85,85,85,85,85],"card_choices":[{"not_picked":["Cold Snap","Reprogram"],"picked":"Ball Lightning","floor":1},{"not_picked":["Compile Driver","Gash"],"picked":"Hologram","floor":6},{"not_picked":["Beam Cell","Chaos"],"picked":"Conserve Battery","floor":8},{"not_picked":["Compile Driver","Cold Snap"],"picked":"Loop","floor":11},{"not_picked":["Hello World","Biased Cognition"],"picked":"Conserve Battery","floor":13},{"not_picked":["Redo","Gash"],"picked":"BootSequence","floor":14},{"not_picked":["Hyperbeam","Meteor Strike"],"picked":"Echo Form","floor":16},{"not_picked":["Blizzard","Streamline"],"picked":"Ball Lightning","floor":18},{"not_picked":["Turbo","BootSequence"],"picked":"Coolheaded","floor":19},{"not_picked":["Go for the Eyes","Leap"],"picked":"Self Repair","floor":21}],"player_experience":191730,"relics_obtained":[{"floor":6,"key":"Ornamental Fan"},{"floor":8,"key":"Emotion Chip"},{"floor":9,"key":"Ancient Tea Set"},{"floor":12,"key":"Cables"},{"floor":14,"key":"Pear"}],"event_choices":[{"damage_healed":0,"gold_gain":0,"player_choice":"Forge","damage_taken":0,"max_hp_gain":0,"max_hp_loss":0,"event_name":"Accursed Blacksmith","floor":2,"gold_loss":0,"cards_upgraded":["Zap"]},{"cards_removed":["Defend_B"],"damage_healed":0,"gold_gain":0,"player_choice":"Card Removal","damage_taken":7,"max_hp_gain":0,"max_hp_loss":0,"event_name":"Golden Wing","floor":4,"gold_loss":0},{"damage_healed":0,"gold_gain":75,"player_choice":"Gather Gold","damage_taken":11,"max_hp_gain":0,"max_hp_loss":0,"event_name":"World of Goop","floor":5,"gold_loss":0},{"damage_healed":0,"gold_gain":30,"player_choice":"Searched \u00272\u0027 times","damage_taken":0,"max_hp_gain":0,"max_hp_loss":0,"event_name":"Dead Adventurer","floor":14,"gold_loss":0}],"is_beta":false,"boss_relics":[{"not_picked":["White Beast Statue","Empty Cage"],"picked":"Coffee Dripper"}],"items_purged_floors":[3],"is_endless":false,"potions_floor_spawned":[8,14,16],"killed_by":"Snecko","ascension_level":5}