{"gold_per_floor":[117,42,42,59,59,59,77,112,112,135,135,154,154,154,154,245,245,268,13,31,31,31,31,47,17,41,41,60,60,100,125,125,221,221,234,290,290,304,14,14,52,76,76,76],"floor_reached":44,"playtime":10520,"items_purged":["Strike_G"],"score":962,"play_id":"cf98a075-53e8-4b2e-a1f6-7c9f162ace1f","local_time":"20190327010918","is_ascension_mode":true,"campfire_choices":[{"data":"Noxious Fumes","floor":6,"key":"SMITH"},{"floor":11,"key":"REST"},{"data":"Neutralize","floor":13,"key":"SMITH"},{"data":"Predator","floor":15,"key":"SMITH"},{"data":"Well Laid Plans","floor":23,"key":"SMITH"},{"floor":29,"key":"REST"},{"data":"Footwork","floor":32,"key":"SMITH"},{"floor":40,"key":"REST"}],"neow_cost":"NONE","seed_source_timestamp":737063718901170,"circlet_count":0,"master_deck":["AscendersBane","Survivor","Neutralize+1","Noxious Fumes+1","Bane","Backflip","Infinite Blades","Cloak And Dagger+1","Predator+1","Malaise+1","Reflex+1","Predator","Dagger Throw","Deadly Poison+1","PiercingWail+1","Storm of Steel+1","Endless Agony","Reflex+1","Deflect+1","Deflect+1","Well Laid Plans+1","Noxious Fumes","Blind+1","PiercingWail+1","Concentrate+1","Footwork+1","Catalyst+1","Footwork","Footwork","A Thousand Cuts","PiercingWail+1","Dodge and Roll+1","PiercingWail+1","Trip+1","Noxious Fumes"],"relics":["Ring of the Snake","NeowsBlessing","Golden Idol","The Courier","Toxic Egg 2","Pandora\u0027s Box","Regal Pillow","Paper Crane","Bottled Lightning","Sozu","Torii","Mummified Hand","Bottled Flame"],"potions_floor_usage":[8,16,31,36,36],"damage_taken":[{"damage":0,"enemies":"Cultist","floor":1,"turns":1},{"damage":0,"enemies":"Jaw Worm","floor":4,"turns":1},{"damage":0,"enemies":"Small Slimes","floor":7,"turns":1},{"damage":21,"enemies":"Lagavulin","floor":8,"turns":9},{"damage":0,"enemies":"2 Fungi Beasts","floor":10,"turns":4},{"damage":0,"enemies":"Blue Slaver","floor":12,"turns":5},{"damage":12,"enemies":"Hexaghost","floor":16,"turns":9},{"damage":4,"enemies":"3 Byrds","floor":18,"turns":4},{"damage":8,"enemies":"Spheric Guardian","floor":20,"turns":6},{"damage":6,"enemies":"Snake Plant","floor":24,"turns":5},{"damage":7,"enemies":"Shelled Parasite and Fungi","floor":28,"turns":5},{"damage":5,"enemies":"Book of Stabbing","floor":30,"turns":7},{"damage":0,"enemies":"Centurion and Healer","floor":31,"turns":8},{"damage":9,"enemies":"Automaton","floor":33,"turns":10},{"damage":0,"enemies":"Orb Walker","floor":35,"turns":4},{"damage":26,"enemies":"2 Orb Walkers","floor":36,"turns":5},{"damage":9,"enemies":"3 Darklings","floor":38,"turns":6},{"damage":11,"enemies":"Nemesis","floor":41,"turns":7},{"damage":40,"enemies":"Transient","floor":42,"turns":6},{"damage":11,"enemies":"Jaw Worm Horde","floor":44,"turns":1}],"seed_played":"2229183885351845707","potions_obtained":[{"floor":1,"key":"Ancient Potion"},{"floor":4,"key":"GhostInAJar"},{"floor":8,"key":"SkillPotion"},{"floor":12,"key":"Fire Potion"},{"floor":16,"key":"SteroidPotion"},{"floor":30,"key":"Block Potion"},{"floor":31,"key":"Block Potion"}],"is_trial":false,"path_per_floor":["M","$","?","M","?","R","M","E","T","M","R","M","R","?","R","B",null,"M","$","M","?","?","R","M","$","T","T","M","R","E","M","R","B",null,"M","?","?","M","$","R","E","M","T","M"],"character_chosen":"THE_SILENT","items_purchased":["Deflect+1","Well Laid Plans","Noxious Fumes","Blind+1","Footwork","Mummified Hand","Trip+1"],"campfire_rested":3,"item_purchase_floors":[19,19,19,19,25,39,39],"current_hp_per_floor":[59,59,59,59,36,36,36,15,15,15,34,34,34,34,34,22,55,51,51,43,43,43,43,37,37,37,37,30,64,59,59,59,50,62,62,36,36,27,27,61,50,10,10,0],"gold":76,"neow_bonus":"THREE_ENEMY_KILL","is_prod":false,"is_daily":false,"chose_seed":false,"campfire_upgraded":5,"win_rate":0,"timestamp":1553645358,"path_taken":["M","?","?","?","?","R","M","E","T","M","R","M","R","?","R","BOSS","M","$","M","?","?","R","M","?","T","?","M","R","E","?","R","BOSS","M","?","?","M","$","R","E","?","T","M"],"build_version":"2019-01-23","purchased_purges":1,"victory":false,"max_hp_per_floor":[66,66,66,66,66,66,66,66,66,66,66,66,66,66,66,66,66,66,66,66,66,66,66,66,66,66,66,66,66,66,66,66,66,66,66,66,66,66,66,66,66,66,66,66],"card_choices":[{"not_picked":["Concentrate","Quick Slash"],"picked":"Noxious Fumes","floor":1},{"not_picked":["Outmaneuver","Dodge and Roll"],"picked":"Bane","floor":4},{"not_picked":["Deflect","Flechettes"],"picked":"Backflip","floor":7},{"not_picked":["Prepared","Heel Hook"],"picked":"Infinite Blades","floor":8},{"not_picked":["Underhanded Strike","Bane"],"picked":"Cloak And Dagger+1","floor":10},{"not_picked":["Backstab","Flying Knee"],"picked":"Predator","floor":12},{"not_picked":["Phantasmal Killer+1","Storm of Steel+1"],"picked":"Malaise+1","floor":16},{"not_picked":["PiercingWail+1","Deadly Poison+1"],"picked":"Deflect+1","floor":18},{"not_picked":["Flying Knee","Dagger Throw"],"picked":"PiercingWail+1","floor":20},{"not_picked":["Riddle With Holes","Finisher"],"picked":"Concentrate+1","floor":24},{"not_picked":["Blade Dance+1","Dagger Spray"],"picked":"Catalyst+1","floor":28},{"not_picked":["Distraction+1","Backstab"],"picked":"Footwork","floor":30},{"not_picked":["Prepared+1","Backflip+1"],"picked":"Footwork","floor":31},{"not_picked":["Phantasmal Killer+1","Doppelganger+1"],"picked":"A Thousand Cuts","floor":33},{"not_picked":["Acrobatics+1","Outmaneuver+1"],"picked":"PiercingWail+1","floor":35},{"not_picked":["Flying Knee","PiercingWail+1"],"picked":"Dodge and Roll+1","floor":36},{"not_picked":["Dagger Throw+1","Deadly Poison+1"],"picked":"PiercingWail+1","floor":38},{"not_picked":["Acrobatics+1","Finisher","PiercingWail+1"],"picked":"SKIP","floor":41},{"not_picked":["Expertise+1","Tactician+1"],"picked":"Noxious Fumes","floor":42}],"player_experience":2959921,"relics_obtained":[{"floor":8,"key":"The Courier"},{"floor":9,"key":"Toxic Egg 2"},{"floor":26,"key":"Regal Pillow"},{"floor":27,"key":"Paper Crane"},{"floor":30,"key":"Bottled Lightning"},{"floor":36,"key":"Torii"},{"floor":41,"key":"Bottled Flame"}],"event_choices":[{"cards_removed":["Strike_G"],"damage_healed":0,"gold_gain":0,"player_choice":"Purged","damage_taken":0,"max_hp_gain":0,"max_hp_loss":0,"event_name":"Purifier","floor":3,"gold_loss":0},{"damage_healed":0,"gold_gain":0,"player_choice":"Take Damage","damage_taken":23,"relics_obtained":["Golden Idol"],"max_hp_gain":0,"max_hp_loss":0,"event_name":"Golden Idol","floor":5,"gold_loss":0},{"damage_healed":0,"gold_gain":0,"player_choice":"Ignored","damage_taken":0,"max_hp_gain":0,"max_hp_loss":0,"event_name":"Liars Game","floor":14,"gold_loss":0},{"damage_healed":0,"gold_gain":0,"player_choice":"Ignored","damage_taken":0,"max_hp_gain":0,"max_hp_loss":0,"event_name":"Beggar","floor":21,"gold_loss":0},{"damage_healed":0,"gold_gain":0,"player_choice":"Ignored","damage_taken":0,"max_hp_gain":0,"max_hp_loss":0,"event_name":"Ghosts","floor":22,"gold_loss":0},{"damage_healed":0,"gold_gain":0,"player_choice":"Fight","damage_taken":0,"max_hp_gain":0,"max_hp_loss":0,"event_name":"Mysterious Sphere","floor":36,"gold_loss":0},{"damage_healed":0,"gold_gain":0,"player_choice":"Got Potions","damage_taken":0,"max_hp_gain":0,"max_hp_loss":0,"event_name":"Lab","floor":37,"gold_loss":0}],"is_beta":false,"boss_relics":[{"not_picked":["Snecko Eye","Runic Dome"],"picked":"Pandora\u0027s Box"},{"not_picked":["Coffee Dripper","Velvet Choker"],"picked":"Sozu"}],"items_purged_floors":[2],"is_endless":false,"potions_floor_spawned":[1,4,8,12,16,30,31,35,38],"killed_by":"Jaw Worm Horde","ascension_level":20}