{"gold_per_floor":[111,27,40,60,60,88,88,118,190,223,223,17,30,48,48,126,126,145,145,165,179,179],"floor_reached":22,"playtime":1731,"items_purged":["Strike_G"],"score":392,"play_id":"6df09046-529c-473a-8e6e-189012dc9a70","local_time":"20190214204411","is_ascension_mode":true,"campfire_choices":[{"data":"Neutralize","floor":7,"key":"SMITH"},{"floor":11,"key":"REST"},{"data":"Blade Dance","floor":15,"key":"SMITH"}],"neow_cost":"NONE","seed_source_timestamp":76052870260100,"circlet_count":0,"master_deck":["AscendersBane","Defend_G","Defend_G","Defend_G","Defend_G","Defend_G","Strike_G","Strike_G","Strike_G","Strike_G","Survivor","Neutralize+1","Blade Dance+1","Flechettes","Backflip","Terror","Envenom","Accuracy","Backflip","Infinite Blades","Crippling Poison","Corpse Explosion","Dash","Acrobatics+1","Dodge and Roll"],"relics":["Ring of the Snake","NeowsBlessing","Omamori","Matryoshka","Tiny Chest","Bronze Scales","Ornamental Fan","Mercury Hourglass","Coffee Dripper"],"potions_floor_usage":[6,14,14],"damage_taken":[{"damage":0,"enemies":"Jaw Worm","floor":1,"turns":1},{"damage":0,"enemies":"Cultist","floor":3,"turns":1},{"damage":0,"enemies":"2 Louse","floor":4,"turns":1},{"damage":27,"enemies":"3 Sentries","floor":6,"turns":10},{"damage":24,"enemies":"Lagavulin","floor":10,"turns":6},{"damage":7,"enemies":"Exordium Wildlife","floor":13,"turns":4},{"damage":0,"enemies":"Large Slime","floor":14,"turns":4},{"damage":7,"enemies":"Hexaghost","floor":16,"turns":8},{"damage":0,"enemies":"3 Byrds","floor":18,"turns":2},{"damage":16,"enemies":"2 Thieves","floor":20,"turns":2},{"damage":19,"enemies":"Snake Plant","floor":21,"turns":4},{"damage":21,"enemies":"Sentry and Sphere","floor":22,"turns":5}],"seed_played":"-7633774087786247852","potions_obtained":[{"floor":4,"key":"AttackPotion"},{"floor":10,"key":"Ancient Potion"},{"floor":13,"key":"PowerPotion"},{"floor":20,"key":"FearPotion"}],"is_trial":false,"path_per_floor":["M","?","M","M","?","E","R","?","T","E","R","$","M","M","R","B",null,"M","?","M","M","M"],"character_chosen":"THE_SILENT","items_purchased":["Accuracy","Backflip"],"campfire_rested":1,"item_purchase_floors":[12,12],"current_hp_per_floor":[59,59,59,59,59,32,32,32,32,8,27,27,20,20,20,13,53,53,53,37,18,0],"gold":179,"neow_bonus":"THREE_ENEMY_KILL","is_prod":false,"is_daily":false,"chose_seed":false,"campfire_upgraded":2,"win_rate":0,"timestamp":1550173451,"path_taken":["M","?","?","M","?","E","R","?","T","E","R","$","M","?","R","BOSS","M","?","M","M","M"],"build_version":"2019-01-23","purchased_purges":1,"victory":false,"max_hp_per_floor":[66,66,66,66,66,66,66,66,66,66,66,66,66,66,66,66,66,66,66,66,66,66],"card_choices":[{"not_picked":["Quick Slash","Tactician"],"picked":"Blade Dance","floor":1},{"not_picked":["Blade Dance","Quick Slash"],"picked":"Flechettes","floor":3},{"not_picked":["Prepared","Blade Dance"],"picked":"Backflip","floor":4},{"not_picked":["Underhanded Strike","Setup"],"picked":"Terror","floor":6},{"not_picked":["Flechettes","All Out Attack"],"picked":"Envenom","floor":10},{"not_picked":["Choke","Bane"],"picked":"Infinite Blades","floor":13},{"not_picked":["Poisoned Stab","Blur"],"picked":"Crippling Poison","floor":14},{"not_picked":["Doppelganger","Malaise"],"picked":"Corpse Explosion","floor":16},{"not_picked":["Slice","PiercingWail"],"picked":"Dash","floor":18},{"not_picked":["Masterful Stab","Underhanded Strike"],"picked":"Acrobatics+1","floor":20},{"not_picked":["Setup","Bane"],"picked":"Dodge and Roll","floor":21}],"player_experience":2775031,"relics_obtained":[{"floor":6,"key":"Matryoshka"},{"floor":9,"key":"Bronze Scales"},{"floor":9,"key":"Ornamental Fan"},{"floor":10,"key":"Mercury Hourglass"}],"event_choices":[{"damage_healed":0,"gold_gain":0,"player_choice":"Paid Gold","damage_taken":0,"relics_obtained":["Omamori"],"max_hp_gain":0,"max_hp_loss":0,"event_name":"WeMeetAgain","floor":2,"gold_loss":84},{"damage_healed":0,"gold_gain":0,"player_choice":"Leave","damage_taken":0,"max_hp_gain":0,"max_hp_loss":0,"event_name":"The Cleric","floor":5,"gold_loss":0},{"damage_healed":0,"gold_gain":0,"player_choice":"Box","damage_taken":0,"relics_obtained":["Tiny Chest"],"max_hp_gain":0,"max_hp_loss":0,"event_name":"Big Fish","floor":8,"gold_loss":0,"cards_obtained":["Regret"]},{"damage_healed":0,"gold_gain":0,"player_choice":"Smashed Altar","damage_taken":0,"max_hp_gain":0,"max_hp_loss":0,"event_name":"Forgotten Altar","floor":19,"gold_loss":0,"cards_obtained":["Decay"]}],"is_beta":false,"boss_relics":[{"not_picked":["Tiny House","Velvet Choker"],"picked":"Coffee Dripper"}],"items_purged_floors":[12],"is_endless":false,"potions_floor_spawned":[4,10,13,20],"killed_by":"Sentry and Sphere","ascension_level":20}