{"gold_per_floor":[109,109,122,122,135,135,149,149,149,24,24,42,52,77,77,155,155,171,221,10,10,20,20,20],"floor_reached":24,"playtime":2002,"items_purged":[],"score":392,"play_id":"d0c23535-200e-49e3-8180-493f189ebe87","local_time":"20190510203506","is_ascension_mode":true,"campfire_choices":[{"data":"Consume","floor":6.0,"key":"SMITH"},{"data":"Self Repair","floor":8.0,"key":"SMITH"},{"data":"Defragment","floor":15.0,"key":"SMITH"},{"data":"Capacitor","floor":23,"key":"SMITH"}],"neow_cost":"NONE","seed_source_timestamp":0,"circlet_count":0,"master_deck":["AscendersBane","Strike_B","Strike_B","Strike_B","Strike_B","Defend_B","Defend_B","Defend_B","Defend_B","Zap","Dualcast","Consume+1","Loop+1","Leap","Self Repair+1","Capacitor+1","Reinforced Body","Glacier","Defragment+1","Creative AI","Capacitor"],"special_seed":0,"relics":["Cracked Core","Strawberry","Thread and Needle","Peace Pipe","Oddly Smooth Stone","Pen Nib","Busted Crown","Membership Card"],"potions_floor_usage":[16,18,22,24],"damage_taken":[{"damage":7.0,"enemies":"2 Louse","floor":1.0,"turns":3.0},{"damage":3.0,"enemies":"Small Slimes","floor":3.0,"turns":4.0},{"damage":3.0,"enemies":"Jaw Worm","floor":5.0,"turns":3.0},{"damage":9.0,"enemies":"Blue Slaver","floor":7.0,"turns":4.0},{"damage":3.0,"enemies":"Large Slime","floor":12.0,"turns":6.0},{"damage":0.0,"enemies":"2 Fungi Beasts","floor":13.0,"turns":4.0},{"damage":18.0,"enemies":"Gremlin Nob","floor":14.0,"turns":9.0},{"damage":18,"enemies":"Hexaghost","floor":16,"turns":22},{"damage":0,"enemies":"Spheric Guardian","floor":18,"turns":8},{"damage":25,"enemies":"2 Thieves","floor":22,"turns":5},{"damage":69,"enemies":"Gremlin Leader","floor":24,"turns":4}],"seed_played":"2511939706116505865","potions_obtained":[{"floor":3.0,"key":"AttackPotion"},{"floor":12.0,"key":"Block Potion"},{"floor":13.0,"key":"Dexterity Potion"},{"floor":18,"key":"AttackPotion"},{"floor":22,"key":"Dexterity Potion"}],"is_trial":false,"path_per_floor":["M","?","M","?","M","R","M","R","T","$","?","M","M","E","R","B",null,"M","?","$","?","M","R","E"],"character_chosen":"DEFECT","items_purchased":["Capacitor","Reinforced Body","Membership Card"],"campfire_rested":0,"item_purchase_floors":[10,10,20],"current_hp_per_floor":[64,46,43,43,40,40,31,31,31,31,31,38,38,30,30,22,64,74,74,74,74,59,59,0],"gold":20,"neow_bonus":"RANDOM_COMMON_RELIC","is_prod":false,"is_daily":false,"chose_seed":false,"campfire_upgraded":4,"win_rate":0,"timestamp":1557513306,"path_taken":["M","?","M","?","M","R","M","R","T","$","?","M","?","E","R","BOSS","M","?","$","?","M","R","E"],"build_version":"2019-01-23","purchased_purges":0,"victory":false,"max_hp_per_floor":[78,78,78,78,78,78,78,78,78,78,78,78,78,78,78,78,78,78,78,78,78,78,78,78],"card_choices":[{"not_picked":["Stack","Ball Lightning"],"picked":"Consume","floor":1.0},{"not_picked":["Scrape","Lockon"],"picked":"Loop","floor":3.0},{"not_picked":["Stack","Force Field"],"picked":"Leap","floor":5.0},{"not_picked":["Streamline","Beam Cell"],"picked":"Self Repair","floor":7.0},{"not_picked":["Reprogram","Streamline","Barrage"],"picked":"SKIP","floor":12.0},{"not_picked":["Capacitor","Lockon"],"picked":"Glacier","floor":13.0},{"not_picked":["Darkness","Core Surge"],"picked":"Defragment","floor":14.0},{"not_picked":["Fission","Biased Cognition"],"picked":"Creative AI","floor":16},{"not_picked":["Storm"],"picked":"SKIP","floor":18},{"not_picked":["Beam Cell"],"picked":"SKIP","floor":22}],"player_experience":3204114,"relics_obtained":[{"floor":9.0,"key":"Peace Pipe"},{"floor":14.0,"key":"Pen Nib"}],"event_choices":[{"damage_healed":0.0,"max_hp_gain":0.0,"max_hp_loss":0.0,"gold_gain":0.0,"event_name":"Scrap Ooze","player_choice":"Success","floor":2.0,"gold_loss":0.0,"damage_taken":18.0,"relics_obtained":["Thread and Needle"]},{"damage_healed":0.0,"max_hp_gain":0.0,"max_hp_loss":0.0,"gold_gain":0.0,"event_name":"Living Wall","player_choice":"Grow","floor":4.0,"gold_loss":0.0,"damage_taken":0.0,"cards_upgraded":["Loop"]},{"damage_healed":0.0,"max_hp_gain":0.0,"max_hp_loss":0.0,"gold_gain":0.0,"event_name":"Dead Adventurer","player_choice":"Searched \u00271\u0027 times","floor":11.0,"gold_loss":0.0,"damage_taken":0.0,"relics_obtained":["Oddly Smooth Stone"]},{"damage_healed":0,"gold_gain":50,"player_choice":"Stole From Cult","damage_taken":0,"max_hp_gain":0,"max_hp_loss":0,"event_name":"Nest","floor":19,"gold_loss":0},{"damage_healed":0,"gold_gain":0,"player_choice":"Read","damage_taken":0,"max_hp_gain":0,"max_hp_loss":0,"event_name":"The Library","floor":21,"gold_loss":0,"cards_obtained":["Capacitor"]}],"is_beta":false,"boss_relics":[{"not_picked":["White Beast Statue","Lizard Tail"],"picked":"Busted Crown"}],"items_purged_floors":[],"is_endless":false,"potions_floor_spawned":[3,12,13,14,18,22],"killed_by":"Gremlin Leader","ascension_level":20}