{"gold_per_floor":[118,129,129,146,146,146,224,288,288,288,321,321,355,288,288,384,384,396,416,102,17,92,92,105,105,131,141,141,141,176,196,196,301,301,320,335,335,347,363,36,36,53,53,53,70,88,88,107,107,107,107,107,32,63,63],"floor_reached":56,"playtime":3538,"items_purged":["Defend_B"],"score":1212,"play_id":"19de8ee6-1425-4e2d-9475-6e5921d94b3a","local_time":"20190510231147","is_ascension_mode":false,"campfire_choices":[{"data":"Dualcast","floor":6.0,"key":"SMITH"},{"data":"Zap","floor":10.0,"key":"SMITH"},{"floor":12.0,"key":"REST"},{"floor":15.0,"key":"REST"},{"data":"Defragment","floor":23,"key":"SMITH"},{"data":"Echo Form","floor":25,"key":"SMITH"},{"data":"Sunder","floor":28,"key":"SMITH"},{"floor":32,"key":"RECALL"},{"floor":41,"key":"REST"},{"floor":44,"key":"REST"},{"data":"Buffer","floor":49,"key":"SMITH"},{"data":"Glacier","floor":52,"key":"SMITH"}],"neow_cost":"PERCENT_DAMAGE","seed_source_timestamp":1188128466625896,"circlet_count":0,"master_deck":["Strike_B","Strike_B+1","Strike_B+1","Defend_B","Defend_B","Defend_B","Zap+1","Dualcast+1","Blizzard","Coolheaded","Conserve Battery","Cold Snap","Sunder+1","Defragment+1","Echo Form+1","BootSequence","White Noise","Chill","BootSequence+1","Glacier+1","Buffer+1","Ball Lightning+1","Coolheaded+1","Capacitor","Coolheaded+1","Capacitor+1","Cold Snap+1","Recycle+1","Barrage+1"],"special_seed":0,"relics":["Cracked Core","Pear","Tiny Chest","Oddly Smooth Stone","Anchor","Orrery","Ice Cream","Gambling Chip","Dream Catcher","Torii","Lizard Tail","Pocketwatch","Bottled Tornado","Pen Nib","Whetstone"],"potions_floor_usage":[30,30,33,54,55],"damage_taken":[{"damage":1.0,"enemies":"Cultist","floor":1.0,"turns":3.0},{"damage":4.0,"enemies":"2 Louse","floor":2.0,"turns":3.0},{"damage":1.0,"enemies":"Jaw Worm","floor":4.0,"turns":4.0},{"damage":17.0,"enemies":"3 Sentries","floor":8.0,"turns":10.0},{"damage":33.0,"enemies":"Gremlin Nob","floor":11.0,"turns":5.0},{"damage":15.0,"enemies":"3 Sentries","floor":13.0,"turns":8.0},{"damage":17.0,"enemies":"Slime Boss","floor":16.0,"turns":11.0},{"damage":13,"enemies":"3 Byrds","floor":18,"turns":6},{"damage":0,"enemies":"Spheric Guardian","floor":19,"turns":5},{"damage":0,"enemies":"Snake Plant","floor":24,"turns":4},{"damage":0,"enemies":"Snecko","floor":27,"turns":6},{"damage":0,"enemies":"Book of Stabbing","floor":30,"turns":7},{"damage":6,"enemies":"Sentry and Sphere","floor":31,"turns":4},{"damage":54,"enemies":"Collector","floor":33,"turns":12},{"damage":0,"enemies":"3 Shapes","floor":35,"turns":7},{"damage":8,"enemies":"Orb Walker","floor":36,"turns":5},{"damage":38,"enemies":"Jaw Worm Horde","floor":38,"turns":6},{"damage":29,"enemies":"Writhing Mass","floor":39,"turns":9},{"damage":14,"enemies":"3 Darklings","floor":42,"turns":7},{"damage":1,"enemies":"Jaw Worm Horde","floor":45,"turns":5},{"damage":0,"enemies":"Spire Growth","floor":46,"turns":6},{"damage":9,"enemies":"Transient","floor":48,"turns":5},{"damage":26,"enemies":"Donu and Deca","floor":50,"turns":12},{"damage":25,"enemies":"Shield and Spear","floor":54,"turns":11},{"damage":98,"enemies":"The Heart","floor":55,"turns":10}],"seed_played":"6829753954564758787","potions_obtained":[{"floor":4.0,"key":"LiquidBronze"},{"floor":8.0,"key":"Swift Potion"},{"floor":11.0,"key":"EssenceOfSteel"},{"floor":27,"key":"Weak Potion"},{"floor":30,"key":"SkillPotion"},{"floor":36,"key":"Strength Potion"},{"floor":38,"key":"PowerPotion"},{"floor":39,"key":"AttackPotion"},{"floor":46,"key":"SneckoOil"},{"floor":54,"key":"Fruit Juice"}],"is_trial":false,"path_per_floor":["M","M","?","M","?","R","T","E","T","R","E","R","E","$","R","B",null,"M","M","$","?","?","R","M","R","T","M","R","?","E","M","R","B",null,"M","M","?","M","M","$","R","M","T","R","M","M","$","M","R","B",null,"R","$","E","B",null],"character_chosen":"DEFECT","items_purchased":["Defragment","Ice Cream","Bottled Tornado","Capacitor"],"campfire_rested":4,"item_purchase_floors":[14,20,40,40],"current_hp_per_floor":[67,63,68,67,60,60,70,53,53,53,20,51,36,36,67,50,104,91,91,91,91,81,81,81,81,81,81,81,81,81,75,75,21,104,104,96,96,58,29,29,60,46,46,77,76,76,76,67,67,41,104,104,104,84,45],"gold":63,"neow_bonus":"TWENTY_PERCENT_HP_BONUS","is_prod":false,"is_daily":false,"chose_seed":false,"campfire_upgraded":7,"win_rate":0,"timestamp":1557501107,"path_taken":["M","?","?","M","?","R","?","E","T","R","E","R","E","$","R","BOSS","M","?","$","?","?","R","M","R","T","?","R","?","E","M","R","BOSS","M","M","?","?","M","$","R","M","T","R","M","M","$","M","R","BOSS","R","$","E","BOSS"],"build_version":"2019-01-23","purchased_purges":1,"victory":true,"max_hp_per_floor":[89,89,94,94,94,94,104,104,104,104,104,104,104,104,104,104,104,104,104,104,104,104,104,104,104,104,104,104,104,104,104,104,104,104,104,104,104,104,104,104,104,104,104,104,104,104,104,104,104,104,104,104,104,109,109],"card_choices":[{"not_picked":["Turbo","Storm"],"picked":"Blizzard","floor":1.0},{"not_picked":["Undo","Leap"],"picked":"Coolheaded","floor":2.0},{"not_picked":["Stack","Coolheaded"],"picked":"Conserve Battery","floor":4.0},{"not_picked":["Ball Lightning","Scrape","Barrage"],"picked":"SKIP","floor":8.0},{"not_picked":["Rebound","Steam Power"],"picked":"Cold Snap","floor":11.0},{"not_picked":["Beam Cell","Fission"],"picked":"Sunder","floor":13.0},{"not_picked":["Hyperbeam","Seek"],"picked":"Echo Form","floor":16.0},{"not_picked":["Go for the Eyes","Hologram"],"picked":"BootSequence","floor":17.0},{"not_picked":["Sweeping Beam","Go for the Eyes"],"picked":"White Noise","floor":17.0},{"not_picked":["Stack","Go for the Eyes","Heatsinks"],"picked":"SKIP","floor":18},{"not_picked":["Hologram","Double Energy","Beam Cell"],"picked":"SKIP","floor":19},{"not_picked":["Recycle","Aggregate+1","Rebound"],"picked":"SKIP","floor":24},{"not_picked":["Leap","Lockon+1","Compile Driver"],"picked":"SKIP","floor":27},{"not_picked":["Undo","Beam Cell"],"picked":"BootSequence+1","floor":30},{"not_picked":["Compile Driver","Rebound"],"picked":"Glacier","floor":31},{"not_picked":["Machine Learning","Biased Cognition"],"picked":"Buffer","floor":33},{"not_picked":["Streamline","Redo","Gash+1"],"picked":"SKIP","floor":35},{"not_picked":["Sweeping Beam","Aggregate"],"picked":"Ball Lightning+1","floor":36},{"not_picked":["Sweeping Beam+1","Gash","Turbo"],"picked":"SKIP","floor":38},{"not_picked":["Steam+1","Go for the Eyes"],"picked":"Coolheaded+1","floor":39},{"not_picked":["Streamline","Tempest"],"picked":"Coolheaded+1","floor":42},{"not_picked":["Fission","Coolheaded"],"picked":"Capacitor+1","floor":44},{"not_picked":["Leap","Compile Driver+1","Steam+1"],"picked":"SKIP","floor":45},{"not_picked":["Leap","Stack"],"picked":"Cold Snap+1","floor":46},{"not_picked":["Beam Cell+1","Double Energy"],"picked":"Recycle+1","floor":48},{"not_picked":["Meteor Strike","Double Energy"],"picked":"Barrage+1","floor":54}],"player_experience":503594,"relics_obtained":[{"floor":7.0,"key":"Pear"},{"floor":8.0,"key":"Tiny Chest"},{"floor":11.0,"key":"Oddly Smooth Stone"},{"floor":13.0,"key":"Anchor"},{"floor":26,"key":"Dream Catcher"},{"floor":30,"key":"Torii"},{"floor":43,"key":"Pen Nib"},{"floor":54,"key":"Whetstone"}],"event_choices":[{"damage_healed":0.0,"max_hp_gain":5.0,"max_hp_loss":0.0,"gold_gain":0.0,"event_name":"Big Fish","player_choice":"Donut","floor":3.0,"gold_loss":0.0,"damage_taken":0.0},{"cards_removed":["Strike_B"],"damage_healed":0.0,"max_hp_gain":0.0,"max_hp_loss":0.0,"gold_gain":0.0,"event_name":"Golden Wing","player_choice":"Card Removal","floor":5.0,"gold_loss":0.0,"damage_taken":7.0},{"damage_healed":0,"gold_gain":0,"player_choice":"Obtained Relic","damage_taken":0,"relics_obtained":["Gambling Chip"],"max_hp_gain":0,"max_hp_loss":0,"event_name":"Addict","floor":21,"gold_loss":85},{"damage_healed":0,"gold_gain":75,"player_choice":"Touch","damage_taken":10,"max_hp_gain":0,"max_hp_loss":0,"event_name":"FaceTrader","floor":22,"gold_loss":0},{"damage_healed":0,"gold_gain":0,"player_choice":"Read","damage_taken":0,"max_hp_gain":0,"max_hp_loss":0,"event_name":"The Library","floor":29,"gold_loss":0,"cards_obtained":["Chill"]},{"damage_healed":0,"gold_gain":0,"player_choice":"Gave Potion","damage_taken":0,"relics_obtained":["Pocketwatch"],"max_hp_gain":0,"max_hp_loss":0,"event_name":"WeMeetAgain","floor":37,"gold_loss":0}],"is_beta":false,"boss_relics":[{"not_picked":["Philosopher\u0027s Stone","Calling Bell"],"picked":"Orrery"},{"not_picked":["Sozu","Eternal Feather"],"picked":"Lizard Tail"}],"items_purged_floors":[53],"is_endless":false,"potions_floor_spawned":[4,8,11,27,30,36,38,39,46,54],"ascension_level":0}