{"gold_per_floor":[10,23,42,42,42,42,42,42,94,123,136,146,146,159,159,236,236,236,236,216,216],"floor_reached":21,"playtime":1277,"items_purged":[],"score":326,"play_id":"6f9788c9-ca84-4463-9c5a-5a502b5dc362","local_time":"20190502221122","is_ascension_mode":true,"campfire_choices":[{"data":"Bash","floor":6.0,"key":"SMITH"},{"data":"Armaments","floor":8.0,"key":"SMITH"},{"floor":13.0,"key":"REST"},{"data":"Warcry","floor":15.0,"key":"SMITH"}],"neow_cost":"NO_GOLD","seed_source_timestamp":120887487999217,"circlet_count":0,"master_deck":["AscendersBane","Strike_R","Strike_R","Strike_R","Strike_R","Defend_R","Defend_R","Defend_R","Defend_R","Bash+1","Reaper","Havoc","Havoc","Armaments+1","Warcry+1","Hemokinesis","Blood for Blood","Evolve","Warcry","Demon Form","Shrug It Off"],"special_seed":0,"relics":["Burning Blood","Paper Frog","Dream Catcher","Regal Pillow","Ectoplasm"],"potions_floor_usage":[21,21],"damage_taken":[{"damage":14.0,"enemies":"Jaw Worm","floor":1.0,"turns":6.0},{"damage":7.0,"enemies":"Small Slimes","floor":2.0,"turns":4.0},{"damage":6.0,"enemies":"2 Louse","floor":3.0,"turns":3.0},{"damage":7.0,"enemies":"Lagavulin","floor":10.0,"turns":7.0},{"damage":13.0,"enemies":"Red Slaver","floor":11.0,"turns":5.0},{"damage":35.0,"enemies":"Large Slime","floor":12.0,"turns":7.0},{"damage":11.0,"enemies":"Gremlin Gang","floor":14.0,"turns":6.0},{"damage":32.0,"enemies":"Slime Boss","floor":16.0,"turns":8.0},{"damage":30.0,"enemies":"Chosen","floor":18.0,"turns":5.0},{"damage":27.0,"enemies":"Shell Parasite","floor":19.0,"turns":4.0},{"damage":52,"enemies":"Centurion and Healer","floor":21,"turns":5}],"seed_played":"-2173629380249432907","potions_obtained":[{"floor":2.0,"key":"Ancient Potion"},{"floor":3.0,"key":"Poison Potion"},{"floor":11.0,"key":"GamblersBrew"},{"floor":16.0,"key":"SpeedPotion"},{"floor":19.0,"key":"Fire Potion"},{"floor":20.0,"key":"Fruit Juice"}],"is_trial":false,"path_per_floor":["M","M","M","?","?","R","$","R","T","E","M","M","R","M","R","B",null,"M","M","?","M"],"character_chosen":"IRONCLAD","items_purchased":[],"campfire_rested":1,"item_purchase_floors":[],"current_hp_per_floor":[66,68,75,68,57,57,57,57,57,56,56,33,70,75,75,56,70,50,29,29,0],"gold":216,"neow_bonus":"THREE_RARE_CARDS","is_prod":false,"is_daily":false,"chose_seed":false,"campfire_upgraded":3,"win_rate":0,"timestamp":1556860282,"path_taken":["M","M","M","?","?","R","?","R","T","E","M","M","R","M","R","BOSS","M","M","?","M"],"build_version":"2019-01-23","purchased_purges":0,"victory":false,"max_hp_per_floor":[75,75,75,75,75,75,75,75,75,75,75,75,75,75,75,75,75,75,75,75,80],"card_choices":[{"not_picked":["Limit Break","Dark Embrace"],"picked":"Reaper","floor":0.0},{"not_picked":["Flex","Evolve"],"picked":"Havoc","floor":1.0},{"not_picked":["Intimidate","Twin Strike"],"picked":"Havoc","floor":2.0},{"not_picked":["Sword Boomerang","Warcry"],"picked":"Armaments","floor":3.0},{"not_picked":["Flex","Perfected Strike"],"picked":"Warcry","floor":10.0},{"not_picked":["Body Slam","Sword Boomerang"],"picked":"Hemokinesis","floor":11.0},{"not_picked":["Immolate","Perfected Strike"],"picked":"Blood for Blood","floor":12.0},{"not_picked":["Rage","Havoc"],"picked":"Evolve","floor":13.0},{"not_picked":["Clothesline","Carnage"],"picked":"Warcry","floor":14.0},{"not_picked":["Offering","Reaper"],"picked":"Demon Form","floor":16.0},{"not_picked":["Clash","Pommel Strike","Havoc"],"picked":"SKIP","floor":18.0},{"not_picked":["Thunderclap","Sword Boomerang"],"picked":"Shrug It Off","floor":19.0}],"player_experience":629778,"relics_obtained":[{"floor":9.0,"key":"Dream Catcher"},{"floor":10.0,"key":"Regal Pillow"}],"event_choices":[{"cards_removed":["Strike_R"],"damage_healed":0.0,"max_hp_gain":0.0,"max_hp_loss":0.0,"gold_gain":0.0,"event_name":"Golden Wing","player_choice":"Card Removal","floor":4.0,"gold_loss":0.0,"damage_taken":7.0},{"damage_healed":0.0,"max_hp_gain":0.0,"max_hp_loss":0.0,"gold_gain":0.0,"event_name":"Scrap Ooze","player_choice":"Success","floor":5.0,"gold_loss":0.0,"damage_taken":11.0,"relics_obtained":["Paper Frog"]},{"damage_healed":0.0,"max_hp_gain":0.0,"max_hp_loss":0.0,"gold_gain":0.0,"event_name":"The Woman in Blue","player_choice":"Bought 1 Potion","floor":20.0,"gold_loss":0.0,"damage_taken":0.0}],"is_beta":false,"boss_relics":[{"not_picked":["Tiny House","Runic Cube"],"picked":"Ectoplasm"}],"items_purged_floors":[],"is_endless":false,"potions_floor_spawned":[2,3,11,16,19],"killed_by":"Centurion and Healer","ascension_level":16}