{"gold_per_floor":[115,115,132,151,151,151,180,180,228,245,255,180,61,92,92,171,171,186,220,135,135,147,147,47,47,71,71,85,96,96,108,108,184,184,198,198,420,420,439,439,465,484,484,484,29,49,49,149,149,149],"floor_reached":51,"playtime":4676,"items_purged":["Strike_R","Strike_R+1","Strike_R+1"],"score":1283,"play_id":"b85713b6-f486-46f8-be55-331f65ed2bc3","local_time":"20181203114010","is_ascension_mode":true,"campfire_choices":[{"data":"Demon Form","floor":6,"key":"SMITH"},{"data":"Armaments","floor":8,"key":"SMITH"},{"data":"Uppercut","floor":15,"key":"SMITH"},{"data":"Battle Trance","floor":23,"key":"SMITH"},{"data":"Exhume","floor":25,"key":"SMITH"},{"floor":30,"key":"REST"},{"floor":32,"key":"REST"},{"data":"Shrug It Off","floor":40,"key":"SMITH"},{"data":"Shrug It Off","floor":44,"key":"SMITH"},{"data":"Metallicize","floor":47,"key":"SMITH"},{"floor":49,"key":"DIG"}],"neow_cost":"NONE","seed_source_timestamp":1628617360341954,"circlet_count":0,"master_deck":["AscendersBane","Defend_R+1","Defend_R+1","Defend_R+1","Bash+1","Cleave","Reaper","Demon Form+1","Disarm","Armaments+1","Sword Boomerang","Headbutt","Disarm","Uppercut+1","Exhume+1","Heavy Blade","Battle Trance+1","Power Through","Shrug It Off+1","Disarm","Impervious","Shrug It Off+1","Shrug It Off","Metallicize+1","Headbutt"],"relics":["Burning Blood","Bronze Scales","Juzu Bracelet","Anchor","Dodecahedron","Mark of Pain","Red Mask","Potion Belt","Blood Vial","Velvet Choker","Oddly Smooth Stone","Ancient Tea Set","Shovel","Nunchaku"],"potions_floor_usage":[4,14,18,19,22,31,31,41,41,50,50],"damage_taken":[{"damage":7,"enemies":"Small Slimes","floor":1,"turns":3},{"damage":1,"enemies":"Cultist","floor":3,"turns":3},{"damage":1,"enemies":"2 Louse","floor":4,"turns":3},{"damage":21,"enemies":"Lagavulin","floor":7,"turns":6},{"damage":10,"enemies":"Blue Slaver","floor":10,"turns":5},{"damage":3,"enemies":"3 Louse","floor":11,"turns":4},{"damage":31,"enemies":"Gremlin Nob","floor":14,"turns":4},{"damage":28,"enemies":"Slime Boss","floor":16,"turns":5},{"damage":16,"enemies":"Chosen","floor":18,"turns":7},{"damage":47,"enemies":"Masked Bandits","floor":19,"turns":5},{"damage":3,"enemies":"3 Byrds","floor":22,"turns":4},{"damage":12,"enemies":"Snake Plant","floor":28,"turns":4},{"damage":30,"enemies":"Chosen and Byrds","floor":29,"turns":6},{"damage":32,"enemies":"Sentry and Sphere","floor":31,"turns":7},{"damage":20,"enemies":"Collector","floor":33,"turns":9},{"damage":14,"enemies":"3 Darklings","floor":35,"turns":10},{"damage":2,"enemies":"Orb Walker","floor":39,"turns":5},{"damage":42,"enemies":"Reptomancer","floor":41,"turns":11},{"damage":6,"enemies":"3 Darklings","floor":42,"turns":6},{"damage":10,"enemies":"Maw","floor":46,"turns":8},{"damage":0,"enemies":"Mind Bloom Boss Battle","floor":48,"turns":6},{"damage":9,"enemies":"Awakened One","floor":50,"turns":13}],"seed_played":"2650161325903105987","potions_obtained":[{"floor":3,"key":"Fruit Juice"},{"floor":7,"key":"Poison Potion"},{"floor":11,"key":"Dexterity Potion"},{"floor":16,"key":"Fire Potion"},{"floor":19,"key":"AttackPotion"},{"floor":28,"key":"Fire Potion"},{"floor":29,"key":"Fire Potion"},{"floor":38,"key":"SpeedPotion"},{"floor":38,"key":"EssenceOfSteel"},{"floor":39,"key":"Swift Potion"},{"floor":46,"key":"PowerPotion"}],"is_trial":false,"path_per_floor":["M","?","M","M","?","R","E","R","T","M","M","?","$","E","R","B",null,"M","?","?","?","M","R","$","R","T","?","M","M","R","M","R","B",null,"M","?","?","?","M","R","E","M","T","R","$","M","R","?","R","B",null],"character_chosen":"IRONCLAD","items_purchased":["Disarm","Shrug It Off","Metallicize","BloodPotion","SteroidPotion","Energy Potion"],"campfire_rested":2,"item_purchase_floors":[13,45,45,45,45,45],"current_hp_per_floor":[67,67,72,80,62,62,63,63,63,59,74,74,74,55,55,33,68,62,36,36,36,47,47,47,47,47,47,43,21,45,21,45,72,78,80,80,80,80,80,80,80,80,80,80,80,80,80,80,80,80],"gold":149,"neow_bonus":"UPGRADE_CARD","is_prod":false,"is_daily":false,"chose_seed":false,"campfire_upgraded":8,"win_rate":0,"timestamp":1543833610,"path_taken":["M","?","M","?","?","R","E","R","T","M","M","?","$","E","R","BOSS","M","?","?","?","M","R","$","R","T","?","M","M","R","M","R","BOSS","M","?","?","?","M","R","E","M","T","R","$","M","R","?","R","BOSS"],"build_version":"2018-11-15","purchased_purges":3,"victory":true,"max_hp_per_floor":[75,75,75,80,80,80,80,80,80,80,80,80,80,80,80,80,80,80,80,80,80,80,80,80,80,80,80,80,80,80,80,80,80,80,80,80,80,80,80,80,80,80,80,80,80,80,80,80,80,80],"card_choices":[{"not_picked":["Armaments","Anger"],"picked":"Cleave","floor":1},{"not_picked":["Shrug It Off","Warcry"],"picked":"Demon Form","floor":3},{"not_picked":["Sword Boomerang","Uppercut"],"picked":"Disarm","floor":4},{"not_picked":["Headbutt","Clash"],"picked":"Armaments","floor":7},{"not_picked":["Wild Strike","Entrench"],"picked":"Sword Boomerang","floor":10},{"not_picked":["Entrench","Armaments"],"picked":"Headbutt","floor":11},{"not_picked":["Heavy Blade","Dual Wield"],"picked":"Uppercut","floor":14},{"not_picked":["Bludgeon","Juggernaut"],"picked":"Exhume","floor":16},{"not_picked":["Rampage","Pommel Strike"],"picked":"Heavy Blade","floor":18},{"not_picked":["Havoc","Hemokinesis"],"picked":"Battle Trance","floor":19},{"not_picked":["Iron Wave","Wild Strike","Heavy Blade"],"picked":"SKIP","floor":22},{"not_picked":["Armaments","Whirlwind"],"picked":"Shrug It Off","floor":28},{"not_picked":["Battle Trance","Pommel Strike"],"picked":"Disarm","floor":29},{"not_picked":["Anger","Perfected Strike","Clash"],"picked":"SKIP","floor":31},{"not_picked":["Reaper","Barricade"],"picked":"Impervious","floor":33},{"not_picked":["Seeing Red","Battle Trance","Pummel"],"picked":"SKIP","floor":35},{"not_picked":["Cleave","Sword Boomerang"],"picked":"Shrug It Off","floor":39},{"not_picked":["Wild Strike","Intimidate+1","Rage"],"picked":"SKIP","floor":41},{"not_picked":["Rupture","Iron Wave","Perfected Strike"],"picked":"SKIP","floor":42},{"not_picked":["Battle Trance","Thunderclap","Warcry+1"],"picked":"SKIP","floor":46},{"not_picked":["Anger+1","Berserk"],"picked":"Headbutt","floor":48}],"player_experience":2509136,"relics_obtained":[{"floor":7,"key":"Juzu Bracelet"},{"floor":9,"key":"Anchor"},{"floor":14,"key":"Dodecahedron"},{"floor":19,"key":"Red Mask"},{"floor":26,"key":"Blood Vial"},{"floor":41,"key":"Oddly Smooth Stone"},{"floor":43,"key":"Ancient Tea Set"},{"floor":48,"key":"Shovel"},{"floor":49,"key":"Nunchaku"}],"event_choices":[{"damage_healed":0,"gold_gain":0,"player_choice":"1 cards matched","damage_taken":0,"max_hp_gain":0,"max_hp_loss":0,"event_name":"Match and Keep!","floor":2,"gold_loss":0,"cards_obtained":["Reaper"]},{"damage_healed":0,"gold_gain":0,"player_choice":"Success","damage_taken":18,"relics_obtained":["Bronze Scales"],"max_hp_gain":0,"max_hp_loss":0,"event_name":"Scrap Ooze","floor":5,"gold_loss":0},{"cards_removed":["Strike_R"],"damage_healed":0,"gold_gain":0,"player_choice":"Card Removal","damage_taken":0,"max_hp_gain":0,"max_hp_loss":0,"event_name":"The Cleric","floor":12,"gold_loss":75},{"damage_healed":0,"gold_gain":0,"player_choice":"Fought Bandits","damage_taken":0,"max_hp_gain":0,"max_hp_loss":0,"event_name":"Masked Bandits","floor":19,"gold_loss":0},{"damage_healed":0,"gold_gain":0,"player_choice":"Obtained Relic","damage_taken":0,"relics_obtained":["Potion Belt"],"max_hp_gain":0,"max_hp_loss":0,"event_name":"Addict","floor":20,"gold_loss":85},{"damage_healed":0,"gold_gain":0,"player_choice":"Simplicity","damage_taken":0,"max_hp_gain":0,"max_hp_loss":0,"event_name":"Back to Basics","floor":21,"gold_loss":0,"cards_upgraded":["Strike_R","Strike_R","Strike_R","Defend_R","Defend_R","Defend_R","Defend_R"]},{"damage_healed":0,"gold_gain":0,"cards_transformed":["Strike_R"],"player_choice":"Transformed","damage_taken":0,"max_hp_gain":0,"max_hp_loss":0,"event_name":"Transmorgrifier","floor":27,"gold_loss":0,"cards_obtained":["Power Through"]},{"cards_removed":["Defend_R"],"damage_healed":0,"gold_gain":0,"player_choice":"Removed Skill","damage_taken":0,"max_hp_gain":0,"max_hp_loss":0,"event_name":"Falling","floor":36,"gold_loss":0},{"damage_healed":0,"gold_gain":222,"player_choice":"Wore Mask","damage_taken":0,"max_hp_gain":0,"max_hp_loss":0,"event_name":"Tomb of Lord Red Mask","floor":37,"gold_loss":0},{"damage_healed":0,"gold_gain":0,"player_choice":"Got Potions","damage_taken":0,"max_hp_gain":0,"max_hp_loss":0,"event_name":"Lab","floor":38,"gold_loss":0},{"damage_healed":0,"gold_gain":0,"player_choice":"Fight","damage_taken":0,"max_hp_gain":0,"max_hp_loss":0,"event_name":"MindBloom","floor":48,"gold_loss":0}],"is_beta":false,"boss_relics":[{"not_picked":["Busted Crown","Philosopher\u0027s Stone"],"picked":"Mark of Pain"},{"not_picked":["Black Blood","Astrolabe"],"picked":"Velvet Choker"}],"items_purged_floors":[13,24,45],"is_endless":false,"potions_floor_spawned":[3,7,11,16,19,28,29,39,46,48],"ascension_level":19}