{"gold_per_floor":[119,44,44,59,234,234,234,234,306,306,363,376,376,391,391,493,493,507,507,521,49,49,49,4,4,4,104,120,147,147,165,165,165],"floor_reached":33,"playtime":923,"items_purged":["Strike_R","Doubt"],"score":435,"play_id":"8aac4958-ab8c-4b9c-a272-8bd6b1e2e4cc","local_time":"20190508184718","is_ascension_mode":true,"campfire_choices":[{"data":"Spot Weakness","floor":6.0,"key":"SMITH"},{"data":"Bash","floor":8.0,"key":"SMITH"},{"data":"Armaments","floor":10.0,"key":"SMITH"},{"data":"Whirlwind","floor":13.0,"key":"SMITH"},{"data":"Metallicize","floor":15.0,"key":"SMITH"},{"data":"Demon Form","floor":23,"key":"SMITH"},{"data":"Flex","floor":25,"key":"SMITH"},{"data":"Double Tap","floor":30,"key":"SMITH"},{"data":"Rupture","floor":32,"key":"SMITH"}],"neow_cost":"NONE","seed_source_timestamp":1066310618521644,"circlet_count":0,"master_deck":["Strike_R","Strike_R","Strike_R","Defend_R","Defend_R","Defend_R+1","Defend_R+1","Bash+1","Armaments+1","Spot Weakness+1","Clothesline","Whirlwind+1","Metallicize+1","Demon Form+1","Intimidate","Bloodletting","Impatience","Flex+1","Metallicize","Double Tap+1","Rupture+1"],"special_seed":0,"relics":["Burning Blood","NeowsBlessing","Paper Frog","Tiny Chest","Coffee Dripper","Chemical X","War Paint","Gambling Chip","Nunchaku"],"potions_floor_usage":[19,33,33],"damage_taken":[{"damage":0.0,"enemies":"Jaw Worm","floor":1.0,"turns":1.0},{"damage":0.0,"enemies":"Small Slimes","floor":4.0,"turns":1.0},{"damage":0.0,"enemies":"Gremlin Nob","floor":11.0,"turns":1.0},{"damage":1.0,"enemies":"2 Louse","floor":12.0,"turns":2.0},{"damage":0.0,"enemies":"Exordium Wildlife","floor":14.0,"turns":1.0},{"damage":8.0,"enemies":"The Guardian","floor":16.0,"turns":10.0},{"damage":3.0,"enemies":"3 Byrds","floor":18.0,"turns":3.0},{"damage":27,"enemies":"Colosseum Slavers","floor":19,"turns":2},{"damage":8,"enemies":"Chosen","floor":20,"turns":4},{"damage":28,"enemies":"Sentry and Sphere","floor":28,"turns":4},{"damage":3,"enemies":"Gremlin Leader","floor":29,"turns":4},{"damage":0,"enemies":"3 Cultists","floor":31,"turns":2},{"damage":66,"enemies":"Collector","floor":33,"turns":5}],"seed_played":"6796836211232926226","potions_obtained":[{"floor":11.0,"key":"Strength Potion"},{"floor":14.0,"key":"Energy Potion"},{"floor":28,"key":"FearPotion"},{"floor":29,"key":"Poison Potion"}],"is_trial":false,"path_per_floor":["?","?","?","M","?","T","?","M"],"character_chosen":"IRONCLAD","items_purchased":["Chemical X","Bloodletting","Impatience","Flex"],"campfire_rested":0,"item_purchase_floors":[21,21,21,24],"current_hp_per_floor":[78,78,78,80,80,80,85,85,85,85,85,85,85,85,85,83,85,85,64,62,62,62,62,62,62,62,62,40,43,43,49,49,0],"gold":165,"neow_bonus":"THREE_ENEMY_KILL","is_prod":false,"is_daily":false,"chose_seed":false,"campfire_upgraded":9,"win_rate":0,"timestamp":1557334038,"path_taken":["M","$","?","M","?","R","?","R","T","R","E","M","R","?","R","BOSS","M","?","M","$","?","R","$","R","T","?","?","E","R","M","R","BOSS"],"build_version":"2019-01-23","purchased_purges":2,"victory":false,"max_hp_per_floor":[80,80,80,80,80,80,85,85,85,85,85,85,85,85,85,85,85,85,85,85,85,85,85,85,85,85,85,85,85,85,85,85,85],"card_choices":[{"not_picked":["Clash","Power Through"],"picked":"Armaments","floor":1.0},{"not_picked":["True Grit","Shrug It Off"],"picked":"Spot Weakness","floor":4.0},{"not_picked":["Thunderclap","Armaments"],"picked":"Clothesline","floor":11.0},{"not_picked":["Feel No Pain","Combust"],"picked":"Whirlwind","floor":12.0},{"not_picked":["Infernal Blade","Perfected Strike"],"picked":"Metallicize","floor":14.0},{"not_picked":["Dark Embrace","Feed"],"picked":"Demon Form","floor":16.0},{"not_picked":["Havoc","Wild Strike","Blood for Blood"],"picked":"SKIP","floor":18.0},{"not_picked":["Clash","Clothesline+1"],"picked":"Intimidate","floor":20},{"not_picked":["Burning Pact","Havoc"],"picked":"Metallicize","floor":28},{"not_picked":["Dropkick","Sword Boomerang"],"picked":"Double Tap","floor":29},{"not_picked":["Twin Strike","Feel No Pain"],"picked":"Rupture","floor":31}],"player_experience":258163,"relics_obtained":[{"floor":9.0,"key":"Paper Frog"},{"floor":11.0,"key":"Tiny Chest"},{"floor":22,"key":"War Paint"},{"floor":26,"key":"Gambling Chip"},{"floor":29,"key":"Nunchaku"}],"event_choices":[{"cards_removed":["Strike_R"],"damage_healed":0.0,"max_hp_gain":0.0,"max_hp_loss":0.0,"gold_gain":0.0,"event_name":"Living Wall","player_choice":"Forget","floor":3.0,"gold_loss":0.0,"damage_taken":0.0},{"damage_healed":0.0,"max_hp_gain":0.0,"max_hp_loss":0.0,"gold_gain":175.0,"event_name":"Liars Game","player_choice":"AGREE","floor":5.0,"gold_loss":0.0,"damage_taken":0.0,"cards_obtained":["Doubt"]},{"damage_healed":0.0,"max_hp_gain":5.0,"max_hp_loss":0.0,"gold_gain":0.0,"event_name":"Big Fish","player_choice":"Donut","floor":7.0,"gold_loss":0.0,"damage_taken":0.0},{"damage_healed":0,"gold_gain":0,"player_choice":"Fight","damage_taken":0,"max_hp_gain":0,"max_hp_loss":0,"event_name":"Colosseum","floor":19,"gold_loss":0},{"damage_healed":0,"gold_gain":0,"player_choice":"Fled From Nobs","damage_taken":0,"max_hp_gain":0,"max_hp_loss":0,"event_name":"Colosseum","floor":19,"gold_loss":0},{"damage_healed":0,"gold_gain":100,"player_choice":"Pray","damage_taken":0,"max_hp_gain":0,"max_hp_loss":0,"event_name":"Golden Shrine","floor":27,"gold_loss":0}],"is_beta":false,"boss_relics":[{"not_picked":["Busted Crown","White Beast Statue"],"picked":"Coffee Dripper"}],"items_purged_floors":[2,21],"is_endless":false,"potions_floor_spawned":[11,14,19,28,29],"killed_by":"Collector","ascension_level":8}