{"path_per_floor":["M","$","?","M","M","R","M","R","T","M","M","M","M","T","R"],"character_chosen":"IRONCLAD","items_purchased":["Shrug It Off","Pommel Strike"],"gold_per_floor":[119,20,95,111,123,123,135,135,135,152,172,190,209,209,209,209],"floor_reached":16,"campfire_rested":2,"playtime":2053,"current_hp_per_floor":[80,80,69,65,69,69,31,55,55,41,44,37,40,40,64,0],"items_purged":[],"gold":209,"score":96,"play_id":"89826813-145f-4bf6-9177-b6c61536c34e","local_time":"20180408033629","is_prod":false,"is_daily":false,"is_ascension_mode":false,"campfire_upgraded":1,"timestamp":1523172989,"path_taken":["M","$","?","M","M","R","M","R","T","M","M","M","M","?","R","BOSS"],"build_version":"2018-04-05v2","purchased_purges":0,"victory":false,"master_deck":["Strike_R","Strike_R","Strike_R","Strike_R","Strike_R","Defend_R","Defend_R","Defend_R","Defend_R","Bash","Headbutt","Shrug It Off","Pommel Strike+1","Feel No Pain","Warcry","Warcry","Bloodletting","Thunderclap","Metallicize","Second Wind"],"max_hp_per_floor":[80,80,80,80,80,80,80,80,80,80,80,80,80,80,80,80],"relics":["Burning Blood","Red Skull","Anchor"],"card_choices":[{"not_picked":["True Grit","Iron Wave"],"picked":"Headbutt","floor":1},{"not_picked":["Pummel","Twin Strike"],"picked":"Feel No Pain","floor":4},{"not_picked":["Anger","Rupture"],"picked":"Warcry","floor":5},{"not_picked":["True Grit","Shrug It Off"],"picked":"Warcry","floor":7},{"not_picked":["Dropkick","Shrug It Off"],"picked":"Bloodletting","floor":10},{"not_picked":["Demon Form","Body Slam"],"picked":"Thunderclap","floor":11},{"not_picked":["Pommel Strike","Thunderclap"],"picked":"Metallicize","floor":12},{"not_picked":["Carnage","Dropkick"],"picked":"Second Wind","floor":13}],"player_experience":0,"potions_floor_usage":[],"damage_taken":[{"damage":2,"enemies":"2 Louse","floor":1,"turns":3},{"damage":10,"enemies":"Jaw Worm","floor":4,"turns":4},{"damage":2,"enemies":"Small Slimes","floor":5,"turns":4},{"damage":44,"enemies":"Exordium Wildlife","floor":7,"turns":5},{"damage":20,"enemies":"Exordium Thugs","floor":10,"turns":5},{"damage":3,"enemies":"2 Fungi Beasts","floor":11,"turns":3},{"damage":13,"enemies":"Lots of Slimes","floor":12,"turns":3},{"damage":3,"enemies":"3 Louse","floor":13,"turns":3},{"damage":65,"enemies":"The Guardian","floor":16,"turns":9}],"event_choices":[{"event_name":"World of Goop","player_choice":"Gather Gold","floor":3,"damage_taken":0}],"boss_relics":[],"potions_floor_spawned":[5,11,13],"seed_played":"7225725539568050361","killed_by":"The Guardian","ascension_level":0,"is_trial":false}