{"gold_per_floor":[117,10,10,22,22,22,39,39,62,95,107,146,333,365,377,389],"floor_reached":16,"playtime":527,"items_purged":[],"score":151,"play_id":"a8e175b9-1168-4cb3-8a9d-9b3d2e7aa08b","local_time":"20190508080931","is_ascension_mode":true,"campfire_choices":[{"data":"Body Slam","floor":6.0,"key":"SMITH"},{"floor":11,"key":"REST"},{"data":"Carnage","floor":15,"key":"SMITH"}],"neow_cost":"NONE","seed_source_timestamp":1028553582269616,"circlet_count":0,"master_deck":["Strike_R","Strike_R","Strike_R","Strike_R","Defend_R","Defend_R","Defend_R","Defend_R","Bash+1","Armaments","Shrug It Off","Body Slam+1","Sentinel","Warcry","Immolate","Rage","Doubt","Carnage+1"],"special_seed":0,"relics":["Burning Blood","Blood Vial","Bag of Marbles","MawBank","Bag of Preparation"],"potions_floor_usage":[16],"damage_taken":[{"damage":7.0,"enemies":"Small Slimes","floor":1.0,"turns":4.0},{"damage":0.0,"enemies":"2 Louse","floor":4.0,"turns":3.0},{"damage":12.0,"enemies":"Jaw Worm","floor":7.0,"turns":4.0},{"damage":57,"enemies":"Lagavulin","floor":10,"turns":9},{"damage":15,"enemies":"3 Sentries","floor":12,"turns":4},{"damage":1,"enemies":"2 Fungi Beasts","floor":14,"turns":3},{"damage":61,"enemies":"The Guardian","floor":16,"turns":11}],"seed_played":"667714831212245461","potions_obtained":[{"floor":4.0,"key":"SteroidPotion"},{"floor":7.0,"key":"GamblersBrew"},{"floor":12,"key":"Poison Potion"}],"is_trial":false,"path_per_floor":["?","?","?","?"],"character_chosen":"IRONCLAD","items_purchased":["Shrug It Off","Body Slam"],"campfire_rested":1,"item_purchase_floors":[2,2],"current_hp_per_floor":[71,71,71,77,74,74,70,70,70,21,45,38,38,45,45,0],"gold":389,"neow_bonus":"UPGRADE_CARD","is_prod":false,"is_daily":false,"chose_seed":false,"campfire_upgraded":2,"win_rate":0,"timestamp":1557295771,"path_taken":["M","$","?","M","?","R","M","?","T","E","R","E","?","M","R","BOSS"],"build_version":"2019-01-23","purchased_purges":0,"victory":false,"max_hp_per_floor":[80,80,80,80,80,80,80,80,80,80,80,80,80,80,80,80],"card_choices":[{"not_picked":["True Grit","Corruption"],"picked":"Armaments","floor":1.0},{"not_picked":["True Grit","Infernal Blade"],"picked":"Sentinel","floor":4.0},{"not_picked":["Armaments","Pummel"],"picked":"Warcry","floor":7.0},{"not_picked":["Wild Strike","Clash"],"picked":"Immolate","floor":10},{"not_picked":["Headbutt","Power Through"],"picked":"Rage","floor":12},{"not_picked":["Perfected Strike","Clothesline"],"picked":"Carnage","floor":14}],"player_experience":249715,"relics_obtained":[{"floor":9,"key":"Bag of Marbles"},{"floor":10,"key":"MawBank"},{"floor":12,"key":"Bag of Preparation"}],"event_choices":[{"cards_removed":["Strike_R"],"damage_healed":0.0,"max_hp_gain":0.0,"max_hp_loss":0.0,"gold_gain":0.0,"event_name":"Living Wall","player_choice":"Forget","floor":3.0,"gold_loss":0.0,"damage_taken":0.0},{"damage_healed":0.0,"max_hp_gain":0.0,"max_hp_loss":0.0,"gold_gain":0.0,"event_name":"Scrap Ooze","player_choice":"Success","floor":5.0,"gold_loss":0.0,"damage_taken":3.0,"relics_obtained":["Blood Vial"]},{"damage_healed":0,"gold_gain":0,"player_choice":"Searched \u00270\u0027 times","damage_taken":0,"max_hp_gain":0,"max_hp_loss":0,"event_name":"Dead Adventurer","floor":8,"gold_loss":0},{"damage_healed":0,"gold_gain":175,"player_choice":"AGREE","damage_taken":0,"max_hp_gain":0,"max_hp_loss":0,"event_name":"Liars Game","floor":13,"gold_loss":0,"cards_obtained":["Doubt"]}],"is_beta":false,"boss_relics":[],"items_purged_floors":[],"is_endless":false,"potions_floor_spawned":[4,7,12],"killed_by":"The Guardian","ascension_level":8}