{"gold_per_floor":[360,360,380,181,195,195,227,227,227,260,435,435,535,546,546,645,645,665,680,680,680],"floor_reached":21,"playtime":1074,"items_purged":[],"score":271,"play_id":"2356e53f-e75f-4b21-a047-1936ab99ad1f","local_time":"20190511000118","is_ascension_mode":true,"campfire_choices":[{"floor":6,"key":"REST"},{"data":"Impervious","floor":8,"key":"SMITH"},{"floor":12,"key":"REST"},{"floor":15,"key":"REST"}],"neow_cost":"PERCENT_DAMAGE","seed_source_timestamp":561979695159494,"circlet_count":0,"master_deck":["Strike_R","Strike_R","Strike_R","Strike_R","Defend_R","Defend_R","Defend_R","Defend_R","Bash","Battle Trance","Impervious+1","Anger+1","Juggernaut+1","Seeing Red+1","Warcry+1","Entrench+1"],"relics":["Burning Blood","HandDrill","Toxic Egg 2","Molten Egg 2","Omamori","Orrery"],"potions_floor_usage":[7,10,18],"damage_taken":[{"damage":0,"enemies":"Small Slimes","floor":1,"turns":5},{"damage":6,"enemies":"Cultist","floor":3,"turns":4},{"damage":8,"enemies":"Jaw Worm","floor":5,"turns":4},{"damage":10,"enemies":"Lagavulin","floor":7,"turns":6},{"damage":40,"enemies":"3 Sentries","floor":10,"turns":14},{"damage":17,"enemies":"Looter","floor":14,"turns":3},{"damage":37,"enemies":"Hexaghost","floor":16,"turns":9},{"damage":20,"enemies":"Shell Parasite","floor":18,"turns":7},{"damage":9,"enemies":"Spheric Guardian","floor":19,"turns":5},{"damage":59,"enemies":"Cultist and Chosen","floor":21,"turns":8}],"seed_played":"6667897508940885069","potions_obtained":[{"floor":1,"key":"PowerPotion"},{"floor":5,"key":"GamblersBrew"},{"floor":16,"key":"Weak Potion"}],"is_trial":false,"path_per_floor":["M","?","M","$","M","R","E","R","T","E","?","R","?","M","R","B",null,"M","M","?","M"],"character_chosen":"IRONCLAD","items_purchased":["HandDrill"],"campfire_rested":3,"item_purchase_floors":[4],"current_hp_per_floor":[57,57,57,57,55,79,75,75,75,41,41,65,65,54,78,47,72,58,55,55,0],"gold":680,"neow_bonus":"TWO_FIFTY_GOLD","is_prod":false,"is_daily":false,"chose_seed":false,"campfire_upgraded":1,"win_rate":0,"timestamp":1557525678,"path_taken":["M","?","M","$","?","R","E","R","T","E","?","R","?","M","R","BOSS","M","M","?","?"],"build_version":"2019-01-23","purchased_purges":0,"victory":false,"max_hp_per_floor":[80,80,80,80,80,80,80,80,80,80,80,80,80,80,80,80,80,80,80,80,80],"card_choices":[{"not_picked":["Thunderclap","Twin Strike"],"picked":"Battle Trance","floor":1},{"not_picked":["Sword Boomerang","Dual Wield","Cleave"],"picked":"SKIP","floor":3},{"not_picked":["Clothesline","Reckless Charge"],"picked":"Impervious","floor":5},{"not_picked":["Rupture","Second Wind","Perfected Strike"],"picked":"SKIP","floor":7},{"not_picked":["Immolate+1","Clothesline+1","True Grit+1"],"picked":"SKIP","floor":10},{"not_picked":["Warcry+1","Cleave+1"],"picked":"Anger+1","floor":14},{"not_picked":["Double Tap+1","Fiend Fire+1"],"picked":"Juggernaut","floor":16},{"not_picked":["Twin Strike+1","Bloodletting+1"],"picked":"Seeing Red+1","floor":17},{"not_picked":["Heavy Blade+1","Combust"],"picked":"Warcry+1","floor":17},{"not_picked":["Twin Strike+1","True Grit+1"],"picked":"Entrench+1","floor":17},{"not_picked":["Clothesline+1","Pommel Strike+1","Seeing Red+1"],"picked":"SKIP","floor":18},{"not_picked":["Clash+1","Armaments+1","Bloodletting+1"],"picked":"SKIP","floor":19}],"player_experience":451261,"relics_obtained":[{"floor":7,"key":"Toxic Egg 2"},{"floor":9,"key":"Molten Egg 2"},{"floor":10,"key":"Omamori"}],"event_choices":[{"cards_removed":["Strike_R"],"damage_healed":0,"gold_gain":0,"player_choice":"Purged","damage_taken":0,"max_hp_gain":0,"max_hp_loss":0,"event_name":"Purifier","floor":2,"gold_loss":0},{"damage_healed":0,"gold_gain":175,"player_choice":"AGREE","damage_taken":0,"max_hp_gain":0,"max_hp_loss":0,"event_name":"Liars Game","floor":11,"gold_loss":0,"cards_obtained":["Doubt"]},{"damage_healed":0,"gold_gain":100,"player_choice":"Gold","damage_taken":0,"max_hp_gain":0,"max_hp_loss":0,"event_name":"Wheel of Change","floor":13,"gold_loss":0},{"damage_healed":0,"gold_gain":0,"player_choice":"Forge","damage_taken":0,"max_hp_gain":0,"max_hp_loss":0,"event_name":"Accursed Blacksmith","floor":20,"gold_loss":0,"cards_upgraded":["Juggernaut"]}],"is_beta":false,"boss_relics":[{"not_picked":["Ectoplasm","Coffee Dripper"],"picked":"Orrery"}],"items_purged_floors":[],"is_endless":false,"potions_floor_spawned":[1,5,16],"killed_by":"Cultist and Chosen","ascension_level":9}