{"gold_per_floor":[361,20,33,33,58,58,79,79,79,110,133,133,133,158,158,257,320,336,461,386,410,410,410,443,443,489,502,545,559,573,611,611,707,707,727,751,816,139,159,225,225,244,244,68,68,102,126,151,151,151],"floor_reached":51,"playtime":5554,"items_purged":["Strike_R","Strike_R"],"score":1283,"play_id":"c34570eb-1835-4a9d-b983-6ccb6753e2cd","local_time":"20190326215310","is_ascension_mode":true,"campfire_choices":[{"data":"Body Slam","floor":6.0,"key":"SMITH"},{"data":"Pommel Strike","floor":8.0,"key":"SMITH"},{"data":"Metallicize","floor":13.0,"key":"SMITH"},{"floor":15.0,"key":"REST"},{"floor":23.0,"key":"REST"},{"floor":25.0,"key":"REST"},{"data":"Armaments","floor":32.0,"key":"SMITH"},{"data":"Heavy Blade","floor":41.0,"key":"SMITH"},{"data":"Heavy Blade","floor":45.0,"key":"SMITH"},{"data":"Pummel","floor":49.0,"key":"SMITH"}],"neow_cost":"PERCENT_DAMAGE","seed_source_timestamp":239368898434062,"circlet_count":0,"master_deck":["AscendersBane","Strike_R+1","Defend_R","Defend_R","Defend_R","Defend_R","Bash","Pommel Strike+1","Cleave+1","Battle Trance+1","Injury","Body Slam+1","Impervious","Metallicize+1","Heavy Blade+1","Bludgeon","Shrug It Off","Offering","Thunderclap","Armaments+1","Pummel","Anger","J.A.X.+1","Anger+1","Exhume+1","Pummel+1","Heavy Blade+1","Reaper","Pummel+1","Battle Trance+1","Armaments+1"],"special_seed":0,"relics":["Burning Blood","Regal Pillow","Whetstone","Golden Idol","Mercury Hourglass","Shuriken","Odd Mushroom","Tiny House","Du-Vu Doll","Toxic Egg 2","Potion Belt","Pen Nib","Red Mask","Sundial","Mark of Pain","Pocketwatch","Turnip","Mango","Tiny Chest","Bag of Preparation","Anchor"],"potions_floor_usage":[50,50,50],"damage_taken":[{"damage":1.0,"enemies":"Cultist","floor":1.0,"turns":3.0},{"damage":0.0,"enemies":"2 Louse","floor":3.0,"turns":2.0},{"damage":10.0,"enemies":"Small Slimes","floor":5.0,"turns":2.0},{"damage":2.0,"enemies":"Looter","floor":7.0,"turns":3.0},{"damage":41.0,"enemies":"Lagavulin","floor":10.0,"turns":7.0},{"damage":7.0,"enemies":"Exordium Wildlife","floor":11.0,"turns":3.0},{"damage":3.0,"enemies":"The Mushroom Lair","floor":14.0,"turns":3.0},{"damage":52.0,"enemies":"The Guardian","floor":16.0,"turns":16.0},{"damage":16.0,"enemies":"Shell Parasite","floor":18.0,"turns":6.0},{"damage":23.0,"enemies":"Colosseum Slavers","floor":19.0,"turns":4.0},{"damage":30.0,"enemies":"Colosseum Nobs","floor":19.0,"turns":4.0},{"damage":0.0,"enemies":"Spheric Guardian","floor":21.0,"turns":3.0},{"damage":34.0,"enemies":"Book of Stabbing","floor":24.0,"turns":4.0},{"damage":13.0,"enemies":"Snecko","floor":27.0,"turns":3.0},{"damage":11.0,"enemies":"Masked Bandits","floor":28.0,"turns":2.0},{"damage":27.0,"enemies":"Shelled Parasite and Fungi","floor":29.0,"turns":3.0},{"damage":6.0,"enemies":"Snake Plant","floor":30.0,"turns":2.0},{"damage":3.0,"enemies":"Gremlin Leader","floor":31.0,"turns":3.0},{"damage":48.0,"enemies":"Champ","floor":33.0,"turns":6.0},{"damage":6.0,"enemies":"3 Darklings","floor":35.0,"turns":3.0},{"damage":17.0,"enemies":"3 Shapes","floor":36.0,"turns":13.0},{"damage":9.0,"enemies":"2 Orb Walkers","floor":37.0,"turns":2.0},{"damage":3.0,"enemies":"3 Darklings","floor":39.0,"turns":4.0},{"damage":30.0,"enemies":"Nemesis","floor":40.0,"turns":5.0},{"damage":5.0,"enemies":"4 Shapes","floor":42.0,"turns":7.0},{"damage":19.0,"enemies":"Giant Head","floor":46.0,"turns":5.0},{"damage":15.0,"enemies":"Spire Growth","floor":47.0,"turns":4.0},{"damage":8.0,"enemies":"Sphere and 2 Shapes","floor":48.0,"turns":3.0},{"damage":87,"enemies":"Time Eater","floor":50,"turns":9}],"seed_played":"-3101253944639234244","potions_obtained":[{"floor":5.0,"key":"Strength Potion"},{"floor":7.0,"key":"SpeedPotion"},{"floor":16.0,"key":"LiquidBronze"},{"floor":18.0,"key":"BloodPotion"},{"floor":24.0,"key":"Ancient Potion"},{"floor":27.0,"key":"SteroidPotion"},{"floor":29.0,"key":"Block Potion"},{"floor":30.0,"key":"Dexterity Potion"},{"floor":36.0,"key":"Explosive Potion"},{"floor":40.0,"key":"Energy Potion"},{"floor":42.0,"key":"Block Potion"},{"floor":46.0,"key":"Fire Potion"}],"is_trial":false,"path_per_floor":["M","$","M","?","M","R","M","R","T","E","M","?","R","?","R","B",null,"M","?","?","M","?","R","E","R","T","M","?","M","M","E","R","B",null,"M","M","?","$","M","E","R","M","T","$","R","E","M","M","R","B",null],"character_chosen":"IRONCLAD","items_purchased":["Cleave","Regal Pillow","Whetstone","Turnip","Mango","LiquidBronze"],"campfire_rested":3,"item_purchase_floors":[2,2,2,38,38,44],"current_hp_per_floor":[56,56,62,62,58,58,62,62,62,27,26,26,26,29,68,22,71,61,28,28,34,34,74,46,85,85,78,73,52,52,55,55,13,67,67,74,71,85,99,76,76,99,99,99,99,99,90,99,99,48],"gold":151,"neow_bonus":"TWO_FIFTY_GOLD","is_prod":false,"is_daily":false,"chose_seed":false,"campfire_upgraded":7,"win_rate":0,"timestamp":1553662390,"path_taken":["M","$","M","?","M","R","M","R","T","E","M","?","R","?","R","BOSS","M","?","?","?","?","R","E","R","T","M","?","M","M","E","R","BOSS","M","M","?","$","M","E","R","M","T","$","R","E","M","M","R","BOSS"],"build_version":"2019-01-23","purchased_purges":2,"victory":true,"max_hp_per_floor":[80,80,80,80,80,80,80,80,80,80,80,80,80,80,80,80,85,85,85,85,85,85,85,85,85,85,85,85,85,85,85,85,85,85,85,85,85,99,99,99,99,99,99,99,99,99,99,99,99,99],"card_choices":[{"not_picked":["Warcry","Wild Strike"],"picked":"Pommel Strike","floor":1.0},{"not_picked":["Dual Wield","True Grit"],"picked":"Battle Trance","floor":3.0},{"not_picked":["Fire Breathing","Blood for Blood"],"picked":"Body Slam","floor":5.0},{"not_picked":["Armaments","Perfected Strike"],"picked":"Impervious","floor":7.0},{"not_picked":["Shrug It Off","Armaments"],"picked":"Metallicize","floor":10.0},{"not_picked":["Ghostly Armor","Dropkick"],"picked":"Heavy Blade","floor":11.0},{"not_picked":["Disarm","Twin Strike"],"picked":"Shrug It Off","floor":14.0},{"not_picked":["Juggernaut","Dark Embrace"],"picked":"Offering","floor":16.0},{"not_picked":["Flex","Clash"],"picked":"Thunderclap","floor":17.0},{"not_picked":["Warcry","True Grit"],"picked":"Armaments","floor":18.0},{"not_picked":["Dropkick","Evolve"],"picked":"Pummel","floor":19.0},{"not_picked":["Twin Strike","True Grit+1"],"picked":"Anger","floor":21.0},{"not_picked":["Pommel Strike","Wild Strike+1"],"picked":"Anger+1","floor":24.0},{"not_picked":["Anger","Blood for Blood+1"],"picked":"Exhume+1","floor":27.0},{"not_picked":["Combust","Battle Trance+1"],"picked":"Pummel","floor":28.0},{"not_picked":["Dropkick","True Grit+1"],"picked":"Heavy Blade","floor":29.0},{"not_picked":["Headbutt","Dropkick","Second Wind+1"],"picked":"SKIP","floor":30.0},{"not_picked":["Wild Strike","Brutality","Cleave"],"picked":"SKIP","floor":31.0},{"not_picked":["Juggernaut","Limit Break+1"],"picked":"Reaper","floor":33.0},{"not_picked":["Clothesline","Havoc+1","Wild Strike"],"picked":"SKIP","floor":35.0},{"not_picked":["Power Through+1","Shrug It Off+1"],"picked":"Pummel+1","floor":36.0},{"not_picked":["Wild Strike+1","Warcry+1"],"picked":"Battle Trance+1","floor":37.0},{"not_picked":["Battle Trance+1","Rage+1","Clothesline+1"],"picked":"SKIP","floor":39.0},{"not_picked":["Sword Boomerang","Uppercut+1","Immolate"],"picked":"SKIP","floor":40.0},{"not_picked":["Battle Trance+1","Sentinel+1"],"picked":"Armaments+1","floor":42.0},{"not_picked":["Clothesline+1","Pommel Strike","Clash+1"],"picked":"SKIP","floor":46.0},{"not_picked":["Clash","Rampage","Twin Strike+1"],"picked":"SKIP","floor":47.0},{"not_picked":["Twin Strike+1","Feel No Pain+1","Warcry+1"],"picked":"SKIP","floor":48.0}],"player_experience":552214,"relics_obtained":[{"floor":9.0,"key":"Mercury Hourglass"},{"floor":10.0,"key":"Shuriken"},{"floor":14.0,"key":"Odd Mushroom"},{"floor":19.0,"key":"Du-Vu Doll"},{"floor":19.0,"key":"Toxic Egg 2"},{"floor":24.0,"key":"Potion Belt"},{"floor":26.0,"key":"Pen Nib"},{"floor":28.0,"key":"Red Mask"},{"floor":31.0,"key":"Sundial"},{"floor":37.0,"key":"Pocketwatch"},{"floor":40.0,"key":"Tiny Chest"},{"floor":43.0,"key":"Bag of Preparation"},{"floor":46.0,"key":"Anchor"}],"event_choices":[{"damage_healed":0.0,"max_hp_gain":0.0,"max_hp_loss":0.0,"gold_gain":0.0,"event_name":"Golden Idol","player_choice":"Take Wound","floor":4.0,"gold_loss":0.0,"damage_taken":0.0,"relics_obtained":["Golden Idol"],"cards_obtained":["Injury"]},{"damage_healed":0.0,"max_hp_gain":0.0,"max_hp_loss":0.0,"gold_gain":0.0,"cards_transformed":["Strike_R"],"event_name":"Living Wall","player_choice":"Change","floor":12.0,"gold_loss":0.0,"damage_taken":0.0,"cards_obtained":["Bludgeon"]},{"damage_healed":0.0,"max_hp_gain":0.0,"max_hp_loss":0.0,"gold_gain":0.0,"event_name":"Mushrooms","player_choice":"Fought Mushrooms","floor":14.0,"gold_loss":0.0,"damage_taken":0.0},{"damage_healed":0.0,"max_hp_gain":0.0,"max_hp_loss":0.0,"gold_gain":0.0,"event_name":"Colosseum","player_choice":"Fight","floor":19.0,"gold_loss":0.0,"damage_taken":0.0},{"damage_healed":0.0,"max_hp_gain":0.0,"max_hp_loss":0.0,"gold_gain":0.0,"event_name":"Colosseum","player_choice":"Fought Nobs","floor":19.0,"gold_loss":0.0,"damage_taken":0.0},{"cards_removed":["Strike_R"],"damage_healed":0.0,"max_hp_gain":0.0,"max_hp_loss":0.0,"gold_gain":0.0,"event_name":"Beggar","player_choice":"Gave Gold","floor":20.0,"gold_loss":75.0,"damage_taken":0.0},{"damage_healed":0.0,"max_hp_gain":0.0,"max_hp_loss":0.0,"gold_gain":0.0,"event_name":"Drug Dealer","player_choice":"Obtain J.A.X.","floor":22.0,"gold_loss":0.0,"damage_taken":0.0,"cards_obtained":["J.A.X."]},{"damage_healed":0.0,"max_hp_gain":0.0,"max_hp_loss":0.0,"gold_gain":0.0,"event_name":"Masked Bandits","player_choice":"Fought Bandits","floor":28.0,"gold_loss":0.0,"damage_taken":0.0},{"damage_healed":0.0,"max_hp_gain":0.0,"max_hp_loss":0.0,"gold_gain":0.0,"event_name":"Mysterious Sphere","player_choice":"Fight","floor":37.0,"gold_loss":0.0,"damage_taken":0.0}],"is_beta":false,"boss_relics":[{"not_picked":["Orrery","Runic Pyramid"],"picked":"Tiny House"},{"not_picked":["Runic Cube","Runic Dome"],"picked":"Mark of Pain"}],"items_purged_floors":[38,44],"is_endless":false,"potions_floor_spawned":[5,7,10,16,18,24,27,29,30,36,40,42,46],"ascension_level":13}