{"gold_per_floor":[19,38,55,73,148,148,180,145,172,172,172,184,27,58,58,132,132,150,65,91,107,107,107,127,127,127,12,62,62,92,103,103,182,182,202,218,238,252,252,252,280,15,15,29,29,29],"floor_reached":46,"playtime":2865,"items_purged":["Strike_R"],"score":930,"play_id":"51a88236-22fd-4edb-ab3e-4f54cca8f089","local_time":"20190502230906","is_ascension_mode":true,"campfire_choices":[{"data":"Body Slam","floor":6.0,"key":"SMITH"},{"data":"Bash","floor":11.0,"key":"SMITH"},{"floor":15.0,"key":"REST"},{"data":"Demon Form","floor":23.0,"key":"SMITH"},{"data":"Body Slam","floor":25.0,"key":"SMITH"},{"floor":29.0,"key":"REST"},{"floor":32.0,"key":"REST"},{"floor":40.0,"key":"REST"},{"data":"1","floor":45.0,"key":"LIFT"}],"neow_cost":"NO_GOLD","seed_source_timestamp":122640238905953,"circlet_count":0,"master_deck":["AscendersBane","Strike_R","Strike_R","Strike_R","Defend_R","Defend_R","Defend_R","Defend_R","Bash+1","Spot Weakness","Body Slam+1","Battle Trance","Anger","Dropkick","Headbutt","Thunderclap","Demon Form+1","Body Slam+1","Infernal Blade+1","Intimidate+1","Thunderclap","Inflame","True Grit","Demon Form","Heavy Blade+1","Flame Barrier+1","Ghostly Armor","Writhe","Heavy Blade","Iron Wave","Armaments","Metallicize"],"special_seed":0,"relics":["Burning Blood","Champion Belt","Red Skull","Lantern","Strawberry","Pen Nib","Velvet Choker","Regal Pillow","Red Mask","Question Card","Mango","Mark of Pain","Girya","Bag of Preparation","Meat on the Bone"],"potions_floor_usage":[],"damage_taken":[{"damage":3.0,"enemies":"Cultist","floor":1.0,"turns":4.0},{"damage":2.0,"enemies":"2 Louse","floor":2.0,"turns":3.0},{"damage":4.0,"enemies":"Small Slimes","floor":3.0,"turns":4.0},{"damage":20.0,"enemies":"Exordium Wildlife","floor":4.0,"turns":5.0},{"damage":36.0,"enemies":"Gremlin Nob","floor":7.0,"turns":4.0},{"damage":8.0,"enemies":"Red Slaver","floor":12.0,"turns":3.0},{"damage":20.0,"enemies":"3 Sentries","floor":14.0,"turns":6.0},{"damage":55.0,"enemies":"The Guardian","floor":16.0,"turns":11.0},{"damage":14.0,"enemies":"Shell Parasite","floor":18.0,"turns":4.0},{"damage":25.0,"enemies":"Masked Bandits","floor":20.0,"turns":4.0},{"damage":2.0,"enemies":"3 Byrds","floor":21.0,"turns":3.0},{"damage":18.0,"enemies":"Snecko","floor":24.0,"turns":5.0},{"damage":25.0,"enemies":"Slavers","floor":30.0,"turns":4.0},{"damage":28.0,"enemies":"Centurion and Healer","floor":31.0,"turns":4.0},{"damage":78.0,"enemies":"Automaton","floor":33.0,"turns":8.0},{"damage":31.0,"enemies":"3 Darklings","floor":35.0,"turns":5.0},{"damage":16.0,"enemies":"3 Shapes","floor":36.0,"turns":2.0},{"damage":36.0,"enemies":"Spire Growth","floor":37.0,"turns":4.0},{"damage":12.0,"enemies":"Transient","floor":38.0,"turns":5.0},{"damage":38.0,"enemies":"Nemesis","floor":41.0,"turns":5.0},{"damage":17.0,"enemies":"Sphere and 2 Shapes","floor":44.0,"turns":5.0},{"damage":9,"enemies":"Writhing Mass","floor":46,"turns":5}],"seed_played":"-6869413535041084053","potions_obtained":[{"floor":1.0,"key":"Fruit Juice"},{"floor":7.0,"key":"Swift Potion"},{"floor":12.0,"key":"SmokeBomb"},{"floor":14.0,"key":"PowerPotion"},{"floor":16.0,"key":"Swift Potion"},{"floor":20.0,"key":"LiquidBronze"},{"floor":30.0,"key":"Swift Potion"},{"floor":33.0,"key":"EntropicBrew"},{"floor":44.0,"key":"SteroidPotion"}],"is_trial":false,"path_per_floor":["M","M","M","M","?","R","E","?","T","?","R","M","$","E","R","B",null,"M","?","?","M","?","R","M","R","T","$","?","R","E","M","R","B",null,"M","M","M","M","?","R","E","$","T","M","R","M"],"character_chosen":"IRONCLAD","items_purchased":["Strawberry","Inflame","Bag of Preparation","Iron Wave","Armaments"],"campfire_rested":4,"item_purchase_floors":[13,27,42,42,42],"current_hp_per_floor":[71,80,80,66,55,55,25,45,45,45,45,43,50,36,62,13,69,61,61,42,46,46,46,34,34,34,34,34,75,70,48,93,21,81,56,46,16,10,30,75,43,43,43,44,44,35],"gold":29,"neow_bonus":"ONE_RARE_RELIC","is_prod":false,"is_daily":false,"chose_seed":false,"campfire_upgraded":4,"win_rate":0,"timestamp":1556863746,"path_taken":["M","M","M","M","?","R","E","?","T","?","R","?","?","E","R","BOSS","M","?","?","M","?","R","M","R","T","$","?","R","E","M","R","BOSS","M","M","M","?","?","R","E","?","T","M","R","M"],"build_version":"2019-01-23","purchased_purges":1,"victory":false,"max_hp_per_floor":[75,80,80,80,80,80,80,80,80,80,80,80,87,87,87,87,87,87,87,87,87,87,87,87,87,87,87,87,87,101,101,101,101,101,101,101,101,101,101,101,101,101,101,101,101,101],"card_choices":[{"not_picked":["Twin Strike","Wild Strike"],"picked":"Spot Weakness","floor":1.0},{"not_picked":["Havoc","Wild Strike"],"picked":"Body Slam","floor":2.0},{"not_picked":["Armaments","Cleave"],"picked":"Battle Trance","floor":3.0},{"not_picked":["Reckless Charge","Havoc"],"picked":"Anger","floor":4.0},{"not_picked":["Sever Soul","Clothesline","Disarm"],"picked":"SKIP","floor":7.0},{"not_picked":["Second Wind","Rupture"],"picked":"Headbutt","floor":12.0},{"not_picked":["Shockwave","Flex"],"picked":"Thunderclap","floor":14.0},{"not_picked":["Dark Embrace","Brutality"],"picked":"Demon Form","floor":16.0},{"not_picked":["Second Wind","Iron Wave"],"picked":"Body Slam","floor":18.0},{"not_picked":["True Grit","Sword Boomerang"],"picked":"Infernal Blade+1","floor":20.0},{"not_picked":["Clothesline","Perfected Strike"],"picked":"Intimidate+1","floor":21.0},{"not_picked":["Pummel","Shrug It Off"],"picked":"Thunderclap","floor":24.0},{"not_picked":["Sentinel","Infernal Blade","Clothesline","Flex"],"picked":"SKIP","floor":30.0},{"not_picked":["Thunderclap","Clash","Bloodletting"],"picked":"True Grit","floor":31.0},{"not_picked":["Berserk","Bludgeon","Double Tap"],"picked":"Demon Form","floor":33.0},{"not_picked":["Thunderclap","Wild Strike","Sword Boomerang+1","Cleave"],"picked":"SKIP","floor":35.0},{"not_picked":["Searing Blow+1","Burning Pact+1","Perfected Strike"],"picked":"Heavy Blade+1","floor":36.0},{"not_picked":["Sever Soul","Rampage+1","Sword Boomerang+1"],"picked":"Flame Barrier+1","floor":37.0},{"not_picked":["Pommel Strike","Cleave","Whirlwind+1"],"picked":"Ghostly Armor","floor":38.0},{"not_picked":["Brutality","Cleave+1","Headbutt"],"picked":"Heavy Blade","floor":41.0},{"not_picked":["Sword Boomerang","Heavy Blade","Iron Wave"],"picked":"Metallicize","floor":44.0}],"player_experience":631055,"relics_obtained":[{"floor":7.0,"key":"Red Skull"},{"floor":9.0,"key":"Lantern"},{"floor":14.0,"key":"Pen Nib"},{"floor":20.0,"key":"Red Mask"},{"floor":26.0,"key":"Question Card"},{"floor":30.0,"key":"Mango"},{"floor":41.0,"key":"Girya"},{"floor":43.0,"key":"Meat on the Bone"}],"event_choices":[{"damage_healed":0.0,"max_hp_gain":0.0,"max_hp_loss":0.0,"gold_gain":75.0,"event_name":"World of Goop","player_choice":"Gather Gold","floor":5.0,"gold_loss":0.0,"damage_taken":11.0},{"damage_healed":20.0,"max_hp_gain":0.0,"max_hp_loss":0.0,"gold_gain":0.0,"event_name":"The Cleric","player_choice":"Healed","floor":8.0,"gold_loss":35.0,"damage_taken":0.0},{"damage_healed":0.0,"max_hp_gain":0.0,"max_hp_loss":0.0,"gold_gain":0.0,"cards_transformed":["Strike_R"],"event_name":"Living Wall","player_choice":"Change","floor":10.0,"gold_loss":0.0,"damage_taken":0.0,"cards_obtained":["Dropkick"]},{"damage_healed":0.0,"max_hp_gain":0.0,"max_hp_loss":0.0,"gold_gain":0.0,"event_name":"Addict","player_choice":"Obtained Relic","floor":19.0,"gold_loss":85.0,"damage_taken":0.0,"relics_obtained":["Regal Pillow"]},{"damage_healed":0.0,"max_hp_gain":0.0,"max_hp_loss":0.0,"gold_gain":0.0,"event_name":"Masked Bandits","player_choice":"Fought Bandits","floor":20.0,"gold_loss":0.0,"damage_taken":0.0},{"damage_healed":0.0,"max_hp_gain":0.0,"max_hp_loss":0.0,"gold_gain":0.0,"event_name":"Ghosts","player_choice":"Ignored","floor":22.0,"gold_loss":0.0,"damage_taken":0.0},{"damage_healed":0.0,"max_hp_gain":0.0,"max_hp_loss":0.0,"gold_gain":50.0,"event_name":"Golden Shrine","player_choice":"Pray","floor":28.0,"gold_loss":0.0,"damage_taken":0.0},{"damage_healed":20.0,"max_hp_gain":0.0,"max_hp_loss":0.0,"gold_gain":0.0,"event_name":"Winding Halls","player_choice":"Writhe","floor":39.0,"gold_loss":0.0,"damage_taken":0.0,"cards_obtained":["Writhe"]}],"is_beta":false,"boss_relics":[{"not_picked":["Runic Dome","Busted Crown"],"picked":"Velvet Choker"},{"not_picked":["White Beast Statue","Empty Cage"],"picked":"Mark of Pain"}],"items_purged_floors":[27],"is_endless":false,"potions_floor_spawned":[1,7,12,14,16,20,21,30,33,37,44],"killed_by":"Writhing Mass","ascension_level":16}