{"gold_per_floor":[119,119,131,149,68,68,93,93,93,125,125,138,154,38,38,109,109,124,144,161,101,151,151,179,179,228,239,239,272,290,290,290,290],"floor_reached":33,"playtime":1757,"items_purged":["Clumsy"],"score":516,"play_id":"cdbdaf92-517b-4d3f-8cdf-bb058157d8b5","local_time":"20190428003156","is_ascension_mode":true,"campfire_choices":[{"data":"Armaments","floor":6.0,"key":"SMITH"},{"data":"Inflame","floor":8.0,"key":"SMITH"},{"floor":11.0,"key":"REST"},{"data":"Pommel Strike","floor":15.0,"key":"SMITH"},{"floor":23.0,"key":"REST"},{"floor":25.0,"key":"REST"},{"floor":32,"key":"REST"}],"neow_cost":"CURSE","seed_source_timestamp":57850675837582,"circlet_count":0,"master_deck":["AscendersBane","Strike_R","Strike_R","Strike_R","Strike_R","Defend_R","Defend_R","Defend_R","Bash","Whirlwind","Fiend Fire","Pommel Strike+1","Armaments","Clash","Inflame+1","Armaments+1","Limit Break","Metallicize","Body Slam","Demon Form","Heavy Blade","Inflame","Shrug It Off","Shrug It Off","Battle Trance"],"special_seed":0,"relics":["Burning Blood","Blue Candle","Oddly Smooth Stone","The Courier","Paper Frog","Bag of Marbles","Velvet Choker","Letter Opener","Potion Belt","Frozen Egg 2"],"potions_floor_usage":[30,33],"damage_taken":[{"damage":5.0,"enemies":"2 Louse","floor":1.0,"turns":2.0},{"damage":2.0,"enemies":"Jaw Worm","floor":3.0,"turns":3.0},{"damage":0.0,"enemies":"Cultist","floor":4.0,"turns":2.0},{"damage":23.0,"enemies":"Lagavulin","floor":7.0,"turns":6.0},{"damage":34.0,"enemies":"Gremlin Nob","floor":10.0,"turns":4.0},{"damage":0.0,"enemies":"Large Slime","floor":12.0,"turns":4.0},{"damage":17.0,"enemies":"Red Slaver","floor":13.0,"turns":3.0},{"damage":11.0,"enemies":"Slime Boss","floor":16.0,"turns":10.0},{"damage":26.0,"enemies":"3 Byrds","floor":18.0,"turns":6.0},{"damage":26.0,"enemies":"2 Thieves","floor":19.0,"turns":4.0},{"damage":22.0,"enemies":"3 Cultists","floor":20.0,"turns":4.0},{"damage":26.0,"enemies":"Book of Stabbing","floor":24.0,"turns":4.0},{"damage":12.0,"enemies":"Chosen and Byrds","floor":27.0,"turns":3.0},{"damage":14.0,"enemies":"Gremlin Leader","floor":29.0,"turns":5.0},{"damage":22,"enemies":"Shelled Parasite and Fungi","floor":30,"turns":5},{"damage":42,"enemies":"Collector","floor":33,"turns":3}],"seed_played":"-7758116928654603479","potions_obtained":[{"floor":1.0,"key":"SteroidPotion"},{"floor":10.0,"key":"EssenceOfSteel"},{"floor":20.0,"key":"GamblersBrew"},{"floor":24.0,"key":"FearPotion"},{"floor":29.0,"key":"BloodPotion"},{"floor":30,"key":"GamblersBrew"}],"is_trial":false,"path_per_floor":["M","?","M","M","$","R","E","R","T","E","R","M","M","$","R","B",null,"M","M","M","$","?","R","E","R","T","M","?","E","M","?","R","B"],"character_chosen":"IRONCLAD","items_purchased":["Inflame","Armaments","Bag of Marbles"],"campfire_rested":4,"item_purchase_floors":[5,5,14],"current_hp_per_floor":[69,64,68,74,74,74,57,57,57,29,51,57,46,46,46,41,67,47,27,11,11,11,33,13,35,35,29,29,21,12,12,34,0],"gold":290,"neow_bonus":"TRANSFORM_TWO_CARDS","is_prod":false,"is_daily":false,"chose_seed":false,"campfire_upgraded":3,"win_rate":0,"timestamp":1556436716,"path_taken":["M","?","M","M","$","R","E","R","T","E","R","M","M","$","R","BOSS","M","M","M","$","?","R","E","R","T","?","?","E","?","?","R","BOSS"],"build_version":"2019-01-23","purchased_purges":1,"victory":false,"max_hp_per_floor":[75,75,75,75,75,75,75,75,75,75,75,75,75,75,75,75,75,75,75,75,75,75,75,75,75,75,75,75,75,75,75,75,75],"card_choices":[{"not_picked":["Perfected Strike","Havoc"],"picked":"Pommel Strike","floor":1.0},{"not_picked":["Perfected Strike","Hemokinesis"],"picked":"Armaments","floor":3.0},{"not_picked":["Clothesline","Searing Blow"],"picked":"Clash","floor":4.0},{"not_picked":["Iron Wave","Headbutt"],"picked":"Limit Break","floor":7.0},{"not_picked":["Ghostly Armor","Havoc"],"picked":"Metallicize","floor":10.0},{"not_picked":["Clothesline","Bludgeon","Corruption"],"picked":"SKIP","floor":12.0},{"not_picked":["Warcry","Wild Strike"],"picked":"Body Slam","floor":13.0},{"not_picked":["Limit Break","Fiend Fire"],"picked":"Demon Form","floor":16.0},{"not_picked":["Seeing Red","Iron Wave"],"picked":"Heavy Blade","floor":18.0},{"not_picked":["True Grit","Ghostly Armor"],"picked":"Inflame","floor":19.0},{"not_picked":["Inflame","Havoc"],"picked":"Shrug It Off","floor":20.0},{"not_picked":["Iron Wave","Sentinel"],"picked":"Shrug It Off","floor":24.0},{"not_picked":["Twin Strike","Hemokinesis","Burning Pact"],"picked":"SKIP","floor":27.0},{"not_picked":["Immolate","Corruption"],"picked":"Battle Trance","floor":29.0},{"not_picked":["Evolve+1","Dual Wield","Sword Boomerang"],"picked":"SKIP","floor":30}],"player_experience":602660,"relics_obtained":[{"floor":7.0,"key":"Oddly Smooth Stone"},{"floor":9.0,"key":"The Courier"},{"floor":10.0,"key":"Paper Frog"},{"floor":24.0,"key":"Letter Opener"},{"floor":26.0,"key":"Potion Belt"},{"floor":29.0,"key":"Frozen Egg 2"}],"event_choices":[{"damage_healed":0.0,"max_hp_gain":0.0,"max_hp_loss":0.0,"gold_gain":0.0,"event_name":"Scrap Ooze","player_choice":"Success","floor":2.0,"gold_loss":0.0,"damage_taken":5.0,"relics_obtained":["Blue Candle"]},{"damage_healed":0.0,"max_hp_gain":0.0,"max_hp_loss":0.0,"gold_gain":50.0,"event_name":"Golden Shrine","player_choice":"Pray","floor":22.0,"gold_loss":0.0,"damage_taken":0.0},{"damage_healed":0.0,"max_hp_gain":0.0,"max_hp_loss":0.0,"gold_gain":0.0,"event_name":"FaceTrader","player_choice":"Leave","floor":28.0,"gold_loss":0.0,"damage_taken":0.0},{"damage_healed":0,"gold_gain":0,"player_choice":"Ignored","damage_taken":0,"max_hp_gain":0,"max_hp_loss":0,"event_name":"Vampires","floor":31,"gold_loss":0}],"is_beta":false,"boss_relics":[{"not_picked":["Runic Pyramid","Cursed Key"],"picked":"Velvet Choker"}],"items_purged_floors":[21],"is_endless":false,"potions_floor_spawned":[1,10,12,13,20,24,29,30],"killed_by":"Collector","ascension_level":15}