{"gold_per_floor":[12,12,30,41,55,55,86,86,86,86],"floor_reached":10,"playtime":894,"items_purged":[],"score":136,"play_id":"997fbaa5-b8a8-4aec-ac3e-5c3ec9569e35","local_time":"20190326214114","is_ascension_mode":true,"campfire_choices":[{"data":"Dagger Spray","floor":6,"key":"SMITH"},{"data":"Well Laid Plans","floor":8,"key":"SMITH"}],"neow_cost":"NO_GOLD","seed_source_timestamp":734214417675209,"circlet_count":0,"master_deck":["AscendersBane","Defend_G","Defend_G","Defend_G","Defend_G","Defend_G","Strike_G","Strike_G","Strike_G","Survivor","Neutralize","Well Laid Plans+1","After Image","PiercingWail","Footwork","Backflip","Dagger Spray+1","Distraction"],"relics":["Ring of the Snake","Question Card","Dream Catcher","Singing Bowl"],"potions_floor_usage":[7,7],"damage_taken":[{"damage":0,"enemies":"Small Slimes","floor":1,"turns":5},{"damage":0,"enemies":"Jaw Worm","floor":3,"turns":8},{"damage":1,"enemies":"Cultist","floor":4,"turns":6},{"damage":1,"enemies":"Blue Slaver","floor":5,"turns":6},{"damage":7,"enemies":"Lagavulin","floor":7,"turns":6},{"damage":33,"enemies":"Gremlin Nob","floor":10,"turns":4}],"seed_played":"6207605092819800305","potions_obtained":[{"floor":3,"key":"AttackPotion"},{"floor":5,"key":"SkillPotion"},{"floor":7,"key":"Swift Potion"}],"is_trial":false,"path_per_floor":["M","?","M","M","M","R","E","R","T","E"],"character_chosen":"THE_SILENT","items_purchased":[],"campfire_rested":0,"item_purchase_floors":[],"current_hp_per_floor":[59,41,41,40,39,39,32,32,32,0],"gold":86,"neow_bonus":"TRANSFORM_TWO_CARDS","is_prod":false,"is_daily":false,"chose_seed":false,"campfire_upgraded":2,"win_rate":0,"timestamp":1553632874,"path_taken":["M","?","M","M","M","R","E","R","T","E"],"build_version":"2019-01-23","purchased_purges":0,"victory":false,"max_hp_per_floor":[66,66,66,66,66,66,66,66,66,66],"card_choices":[{"not_picked":["Cloak And Dagger","Expertise"],"picked":"PiercingWail","floor":1},{"not_picked":["Outmaneuver","Escape Plan","Eviscerate"],"picked":"Footwork","floor":3},{"not_picked":["Tactician","Dodge and Roll","PiercingWail"],"picked":"Backflip","floor":4},{"not_picked":["Distraction","Outmaneuver","Blade Dance"],"picked":"Dagger Spray","floor":5},{"not_picked":["Slice","Dodge and Roll","Phantasmal Killer"],"picked":"Distraction","floor":7}],"player_experience":2959027,"relics_obtained":[{"floor":7,"key":"Dream Catcher"},{"floor":9,"key":"Singing Bowl"}],"event_choices":[{"damage_healed":0,"gold_gain":0,"player_choice":"Success","damage_taken":18,"relics_obtained":["Question Card"],"max_hp_gain":0,"max_hp_loss":0,"event_name":"Scrap Ooze","floor":2,"gold_loss":0}],"is_beta":false,"boss_relics":[],"items_purged_floors":[],"is_endless":false,"potions_floor_spawned":[3,5,7],"killed_by":"Gremlin Nob","ascension_level":20}