{"gold_per_floor":[110,110,135,135,160,160,179,179,179,179,215,215,236,5,5,5],"floor_reached":16,"playtime":1147,"items_purged":["Pain"],"score":175,"play_id":"04621775-d12c-4451-9a8a-62d3d6e539dd","local_time":"20190428184640","is_ascension_mode":true,"campfire_choices":[{"data":"Footwork","floor":6.0,"key":"SMITH"},{"data":"Neutralize","floor":8.0,"key":"SMITH"},{"floor":10.0,"key":"REST"},{"data":"Deadly Poison","floor":12.0,"key":"SMITH"},{"floor":15,"key":"REST"}],"neow_cost":"CURSE","seed_source_timestamp":71506772017965,"circlet_count":0,"master_deck":["AscendersBane","Defend_G","Defend_G","Defend_G","Defend_G","Defend_G","Strike_G","Strike_G","Strike_G","Strike_G","Strike_G","Survivor","Neutralize+1","Tools of the Trade","Deadly Poison+1","Injury","Well Laid Plans","Footwork+1","Flying Knee","Dodge and Roll"],"special_seed":0,"relics":["Ring of the Snake","Golden Idol","Pocketwatch","WingedGreaves","Snake Skull"],"potions_floor_usage":[16,16],"damage_taken":[{"damage":3.0,"enemies":"Jaw Worm","floor":1.0,"turns":7.0},{"damage":16.0,"enemies":"Small Slimes","floor":3.0,"turns":5.0},{"damage":0.0,"enemies":"Cultist","floor":5.0,"turns":4.0},{"damage":8.0,"enemies":"2 Fungi Beasts","floor":7.0,"turns":5.0},{"damage":18.0,"enemies":"3 Sentries","floor":11.0,"turns":12.0},{"damage":2,"enemies":"Blue Slaver","floor":13,"turns":6},{"damage":52,"enemies":"Slime Boss","floor":16,"turns":13}],"seed_played":"3915920313280168848","potions_obtained":[{"floor":1.0,"key":"Poison Potion"},{"floor":13,"key":"Ancient Potion"}],"is_trial":false,"path_per_floor":["M","?","M","?","M","R","M","R","T","R","E","R","M","$","R","B"],"character_chosen":"THE_SILENT","items_purchased":["Snake Skull"],"campfire_rested":2,"item_purchase_floors":[14],"current_hp_per_floor":[56,56,40,40,40,40,32,32,32,51,33,33,31,31,50,0],"gold":5,"neow_bonus":"THREE_RARE_CARDS","is_prod":false,"is_daily":false,"chose_seed":false,"campfire_upgraded":3,"win_rate":0,"timestamp":1556502400,"path_taken":["M","?","M","?","M","R","M","R","T","R","E","R","M","$","R","BOSS"],"build_version":"2019-01-23","purchased_purges":1,"victory":false,"max_hp_per_floor":[66,66,66,66,66,66,66,66,66,66,66,66,66,66,66,66],"card_choices":[{"not_picked":["Glass Knife","Venomology"],"picked":"Tools of the Trade","floor":0.0},{"not_picked":["Outmaneuver","Acrobatics"],"picked":"Deadly Poison","floor":1.0},{"not_picked":["Acrobatics","Outmaneuver"],"picked":"Well Laid Plans","floor":3.0},{"not_picked":["Sucker Punch","Tactician"],"picked":"Footwork","floor":5.0},{"not_picked":["Crippling Poison","Sucker Punch","PiercingWail"],"picked":"SKIP","floor":7.0},{"not_picked":["Prepared","Deflect"],"picked":"Flying Knee","floor":11.0},{"not_picked":["Masterful Stab","Quick Slash"],"picked":"Dodge and Roll","floor":13}],"player_experience":611489,"relics_obtained":[{"floor":9.0,"key":"Pocketwatch"},{"floor":11.0,"key":"WingedGreaves"}],"event_choices":[{"damage_healed":0.0,"max_hp_gain":0.0,"max_hp_loss":0.0,"gold_gain":0.0,"event_name":"Golden Idol","player_choice":"Take Wound","floor":2.0,"gold_loss":0.0,"damage_taken":0.0,"relics_obtained":["Golden Idol"],"cards_obtained":["Injury"]},{"damage_healed":0.0,"max_hp_gain":0.0,"max_hp_loss":0.0,"gold_gain":0.0,"event_name":"Shining Light","player_choice":"Ignored","floor":4.0,"gold_loss":0.0,"damage_taken":0.0}],"is_beta":false,"boss_relics":[],"items_purged_floors":[14],"is_endless":false,"potions_floor_spawned":[1,13],"killed_by":"Slime Boss","ascension_level":15}