{"gold_per_floor":[368,23,23,23,35,68,68,85,85,102,102,102,102],"floor_reached":13,"playtime":929,"items_purged":["Strike_G"],"score":166,"play_id":"0fe9dac1-365a-48b7-984c-841347fd2f94","local_time":"20190312044421","is_ascension_mode":true,"campfire_choices":[{"data":"Dash","floor":7,"key":"SMITH"},{"floor":11,"key":"REST"}],"neow_cost":"TEN_PERCENT_HP_LOSS","seed_source_timestamp":492597850345321,"circlet_count":0,"master_deck":["AscendersBane","Defend_G","Defend_G","Defend_G","Defend_G","Defend_G","Strike_G","Strike_G","Strike_G","Strike_G","Survivor","Neutralize","PiercingWail","A Thousand Cuts","Blade Dance","Dash+1","Calculated Gamble","Backflip","Escape Plan","Injury"],"relics":["Ring of the Snake","Tiny Chest","Mercury Hourglass","Ninja Scroll","Golden Idol"],"potions_floor_usage":[6,10],"damage_taken":[{"damage":0,"enemies":"Jaw Worm","floor":1,"turns":5},{"damage":14,"enemies":"2 Louse","floor":5,"turns":4},{"damage":30,"enemies":"3 Sentries","floor":6,"turns":9},{"damage":0,"enemies":"Cultist","floor":8,"turns":3},{"damage":5,"enemies":"Exordium Thugs","floor":10,"turns":2},{"damage":49,"enemies":"Gremlin Nob","floor":13,"turns":4}],"seed_played":"7644743631335690918","potions_obtained":[{"floor":5,"key":"AttackPotion"},{"floor":8,"key":"Poison Potion"}],"is_trial":false,"path_per_floor":["M","$","?","?","M","E","R","M","T","M","R","?","E"],"character_chosen":"THE_SILENT","items_purchased":["Tiny Chest","A Thousand Cuts","Blade Dance"],"campfire_rested":1,"item_purchase_floors":[2,2,2],"current_hp_per_floor":[59,59,59,64,50,20,20,20,20,15,34,34,0],"gold":102,"neow_bonus":"TWO_FIFTY_GOLD","is_prod":false,"is_daily":false,"chose_seed":false,"campfire_upgraded":1,"win_rate":0,"timestamp":1552362261,"path_taken":["M","$","?","?","M","E","R","M","T","M","R","?","E"],"build_version":"2019-01-23","purchased_purges":1,"victory":false,"max_hp_per_floor":[60,60,60,65,65,65,65,65,65,65,65,65,65],"card_choices":[{"not_picked":["Outmaneuver","Backflip"],"picked":"PiercingWail","floor":1},{"not_picked":["Backflip","Deadly Poison"],"picked":"Dash","floor":5},{"not_picked":["Underhanded Strike","Backflip"],"picked":"Calculated Gamble","floor":6},{"not_picked":["Quick Slash","Venomology"],"picked":"Backflip","floor":8},{"not_picked":["Poisoned Stab","Dash"],"picked":"Escape Plan","floor":10}],"player_experience":2898635,"relics_obtained":[{"floor":6,"key":"Mercury Hourglass"},{"floor":9,"key":"Ninja Scroll"}],"event_choices":[{"damage_healed":0,"gold_gain":0,"player_choice":"Ignored","damage_taken":0,"max_hp_gain":0,"max_hp_loss":0,"event_name":"Liars Game","floor":3,"gold_loss":0},{"damage_healed":0,"gold_gain":0,"player_choice":"Donut","damage_taken":0,"max_hp_gain":5,"max_hp_loss":0,"event_name":"Big Fish","floor":4,"gold_loss":0},{"damage_healed":0,"gold_gain":0,"player_choice":"Take Wound","damage_taken":0,"relics_obtained":["Golden Idol"],"max_hp_gain":0,"max_hp_loss":0,"event_name":"Golden Idol","floor":12,"gold_loss":0,"cards_obtained":["Injury"]}],"is_beta":false,"boss_relics":[],"items_purged_floors":[2],"is_endless":false,"potions_floor_spawned":[5,8],"killed_by":"Gremlin Nob","ascension_level":20}