{"gold_per_floor":[117,117,134,145,70,98,98,125,151,181,192,220,220,60,60,164,164,176,191,16,16,33,33,59,59,84,84,97,97,97,24,24,126,126,144,144,144,69,82,93,121,45,45,0,31,31,31,49,49,49,49,49,49,80,80],"floor_reached":56,"playtime":2922,"items_purged":["Strike_G","Strike_G"],"score":1644,"play_id":"249bca89-a9da-4fd2-bc5c-9afe523ba2d6","local_time":"20190507184748","is_ascension_mode":true,"campfire_choices":[{"data":"A Thousand Cuts","floor":7.0,"key":"SMITH"},{"floor":15.0,"key":"REST"},{"data":"Neutralize","floor":23.0,"key":"SMITH"},{"data":"Burst","floor":27.0,"key":"SMITH"},{"data":"Cloak And Dagger","floor":30.0,"key":"SMITH"},{"data":"Catalyst","floor":32.0,"key":"SMITH"},{"floor":47.0,"key":"RECALL"},{"data":"Noxious Fumes","floor":49.0,"key":"SMITH"},{"data":"Well Laid Plans","floor":52.0,"key":"SMITH"}],"neow_cost":"NONE","seed_source_timestamp":977192687001566,"circlet_count":0,"master_deck":["Defend_G+1","Defend_G+1","Defend_G+1","Defend_G+1","Defend_G+1","Strike_G+1","Strike_G+1","Strike_G+1","Survivor","Neutralize+1","Dodge and Roll","Sucker Punch+1","Dagger Spray","A Thousand Cuts+1","After Image","Well Laid Plans+1","Burst+1","After Image","Corpse Explosion","Blade Dance+1","Cloak And Dagger+1","Crippling Poison","Escape Plan+1","Catalyst+1","Die Die Die","Bouncing Flask","Envenom","Noxious Fumes+1","Endless Agony+1","PiercingWail+1","Tools of the Trade"],"special_seed":0,"relics":["Ring of the Snake","Blood Vial","CultistMask","Ancient Tea Set","Oddly Smooth Stone","Omamori","Art of War","Busted Crown","Whetstone","Bag of Preparation","Lizard Tail","Girya","Lantern","Red Mask","Incense Burner","Pantograph"],"potions_floor_usage":[55,55],"damage_taken":[{"damage":0.0,"enemies":"Jaw Worm","floor":1.0,"turns":6.0},{"damage":1.0,"enemies":"Cultist","floor":3.0,"turns":6.0},{"damage":0.0,"enemies":"Small Slimes","floor":4.0,"turns":3.0},{"damage":35.0,"enemies":"3 Sentries","floor":6.0,"turns":12.0},{"damage":22.0,"enemies":"Lagavulin","floor":8.0,"turns":8.0},{"damage":2.0,"enemies":"2 Fungi Beasts","floor":11.0,"turns":3.0},{"damage":12.0,"enemies":"3 Sentries","floor":12.0,"turns":5.0},{"damage":1.0,"enemies":"The Guardian","floor":16.0,"turns":16.0},{"damage":4.0,"enemies":"Shell Parasite","floor":18.0,"turns":8.0},{"damage":0.0,"enemies":"3 Byrds","floor":19.0,"turns":4.0},{"damage":10.0,"enemies":"Snecko","floor":22.0,"turns":7.0},{"damage":0.0,"enemies":"Gremlin Leader","floor":24.0,"turns":8.0},{"damage":0.0,"enemies":"Snake Plant","floor":28.0,"turns":4.0},{"damage":0.0,"enemies":"Champ","floor":33.0,"turns":12.0},{"damage":4.0,"enemies":"3 Shapes","floor":35.0,"turns":2.0},{"damage":0.0,"enemies":"Orb Walker","floor":39.0,"turns":1.0},{"damage":21.0,"enemies":"4 Shapes","floor":40.0,"turns":5.0},{"damage":3.0,"enemies":"Giant Head","floor":41.0,"turns":7.0},{"damage":27.0,"enemies":"Nemesis","floor":45.0,"turns":9.0},{"damage":0.0,"enemies":"Sphere and 2 Shapes","floor":48.0,"turns":5.0},{"damage":67.0,"enemies":"Donu and Deca","floor":50.0,"turns":8.0},{"damage":32.0,"enemies":"Shield and Spear","floor":54.0,"turns":4.0},{"damage":89,"enemies":"The Heart","floor":55,"turns":9}],"seed_played":"2533256334213504032","potions_obtained":[{"floor":1.0,"key":"GamblersBrew"},{"floor":4.0,"key":"SneckoOil"},{"floor":6.0,"key":"PowerPotion"},{"floor":16.0,"key":"SneckoOil"},{"floor":18.0,"key":"SteroidPotion"},{"floor":19.0,"key":"PowerPotion"},{"floor":33.0,"key":"Ancient Potion"},{"floor":40.0,"key":"Energy Potion"},{"floor":41.0,"key":"Energy Potion"},{"floor":48.0,"key":"Regen Potion"},{"floor":54.0,"key":"Dexterity Potion"}],"is_trial":false,"path_per_floor":["?","M","?","?","?","?","?","?","?","M","?","?"],"character_chosen":"THE_SILENT","items_purchased":["After Image","Crippling Poison","Catalyst","Bouncing Flask","Noxious Fumes"],"campfire_rested":1,"item_purchase_floors":[14,20,31,38,42],"current_hp_per_floor":[65,65,66,68,68,35,35,15,15,15,15,5,28,28,49,50,65,63,65,65,52,44,44,46,71,71,71,73,73,73,73,73,75,75,71,71,71,71,73,54,53,53,53,53,28,75,75,75,75,18,61,61,61,31,7],"gold":80,"neow_bonus":"RANDOM_COMMON_RELIC","is_prod":false,"is_daily":false,"chose_seed":false,"campfire_upgraded":7,"win_rate":0,"timestamp":1557247668,"path_taken":["M","?","?","M","$","E","R","E","T","?","M","E","?","$","R","BOSS","M","M","$","?","M","R","E","?","T","R","M","?","R","$","R","BOSS","M","?","?","$","?","M","E","$","T","?","E","?","R","M","R","BOSS","R","$","E","BOSS"],"build_version":"2019-01-23","purchased_purges":2,"victory":true,"max_hp_per_floor":[70,70,70,70,70,70,70,70,70,70,70,70,70,70,70,70,70,70,70,70,75,75,75,75,75,75,75,75,75,75,75,75,75,75,75,75,75,75,75,75,75,75,75,75,75,75,75,75,75,75,75,75,75,75,75],"card_choices":[{"not_picked":["Blur","Dagger Throw"],"picked":"Dodge and Roll","floor":1.0},{"not_picked":["Underhanded Strike","Acrobatics"],"picked":"Sucker Punch","floor":3.0},{"not_picked":["Concentrate","Acrobatics"],"picked":"Dagger Spray","floor":4.0},{"not_picked":["Quick Slash","Dagger Throw"],"picked":"A Thousand Cuts","floor":6.0},{"not_picked":["Dagger Throw","Endless Agony"],"picked":"After Image","floor":8.0},{"not_picked":["Cloak And Dagger","Outmaneuver"],"picked":"Well Laid Plans","floor":11.0},{"not_picked":["Blur","Calculated Gamble"],"picked":"Burst","floor":12.0},{"not_picked":["Venomology","Burst"],"picked":"Corpse Explosion","floor":16.0},{"not_picked":[],"picked":"Blade Dance+1","floor":18.0},{"not_picked":[],"picked":"Cloak And Dagger","floor":19.0},{"not_picked":["Dagger Spray"],"picked":"SKIP","floor":22.0},{"not_picked":[],"picked":"Escape Plan+1","floor":24.0},{"not_picked":["Outmaneuver"],"picked":"SKIP","floor":28.0},{"not_picked":[],"picked":"Die Die Die","floor":33.0},{"not_picked":["Slice"],"picked":"SKIP","floor":35.0},{"not_picked":["Slice+1"],"picked":"SKIP","floor":39.0},{"not_picked":["Deflect"],"picked":"SKIP","floor":40.0},{"not_picked":[],"picked":"Envenom","floor":41.0},{"not_picked":[],"picked":"Endless Agony+1","floor":45.0},{"not_picked":[],"picked":"PiercingWail+1","floor":48.0},{"not_picked":[],"picked":"Tools of the Trade","floor":54.0}],"player_experience":245902,"relics_obtained":[{"floor":6.0,"key":"Ancient Tea Set"},{"floor":8.0,"key":"Oddly Smooth Stone"},{"floor":9.0,"key":"Omamori"},{"floor":12.0,"key":"Art of War"},{"floor":24.0,"key":"Whetstone"},{"floor":26.0,"key":"Bag of Preparation"},{"floor":37.0,"key":"Girya"},{"floor":41.0,"key":"Lantern"},{"floor":45.0,"key":"Incense Burner"},{"floor":54.0,"key":"Pantograph"}],"event_choices":[{"damage_healed":0.0,"max_hp_gain":0.0,"max_hp_loss":0.0,"gold_gain":0.0,"event_name":"FaceTrader","player_choice":"Trade","floor":2.0,"gold_loss":0.0,"damage_taken":0.0,"relics_obtained":["CultistMask"]},{"damage_healed":0.0,"max_hp_gain":0.0,"max_hp_loss":0.0,"gold_gain":30.0,"event_name":"Dead Adventurer","player_choice":"Searched \u00271\u0027 times","floor":10.0,"gold_loss":0.0,"damage_taken":0.0},{"damage_healed":23.0,"max_hp_gain":0.0,"max_hp_loss":0.0,"gold_gain":0.0,"event_name":"Big Fish","player_choice":"Banana","floor":13.0,"gold_loss":0.0,"damage_taken":0.0},{"damage_healed":0.0,"max_hp_gain":5.0,"max_hp_loss":0.0,"gold_gain":0.0,"event_name":"Forgotten Altar","player_choice":"Shed Blood","floor":21.0,"gold_loss":0.0,"damage_taken":18.0},{"damage_healed":25.0,"max_hp_gain":0.0,"max_hp_loss":0.0,"gold_gain":0.0,"event_name":"The Library","player_choice":"Heal","floor":25.0,"gold_loss":0.0,"damage_taken":0.0},{"damage_healed":0.0,"max_hp_gain":0.0,"max_hp_loss":0.0,"gold_gain":0.0,"event_name":"Back to Basics","player_choice":"Simplicity","floor":29.0,"gold_loss":0.0,"damage_taken":0.0,"cards_upgraded":["Defend_G","Defend_G","Defend_G","Defend_G","Defend_G","Strike_G","Strike_G"]},{"damage_healed":0.0,"max_hp_gain":0.0,"max_hp_loss":0.0,"gold_gain":0.0,"event_name":"Mysterious Sphere","player_choice":"Ignored","floor":36.0,"gold_loss":0.0,"damage_taken":0.0},{"damage_healed":0.0,"max_hp_gain":0.0,"max_hp_loss":0.0,"gold_gain":0.0,"event_name":"Wheel of Change","player_choice":"Relic","floor":37.0,"gold_loss":0.0,"damage_taken":0.0},{"damage_healed":0.0,"max_hp_gain":0.0,"max_hp_loss":0.0,"gold_gain":0.0,"event_name":"Tomb of Lord Red Mask","player_choice":"Paid","floor":44.0,"gold_loss":45.0,"damage_taken":0.0,"relics_obtained":["Red Mask"]},{"damage_healed":47.0,"max_hp_gain":0.0,"max_hp_loss":0.0,"gold_gain":0.0,"event_name":"MindBloom","player_choice":"Heal","floor":46.0,"gold_loss":0.0,"damage_taken":0.0,"cards_obtained":["Doubt"]}],"is_beta":false,"boss_relics":[{"not_picked":["Astrolabe","Philosopher\u0027s Stone"],"picked":"Busted Crown"},{"not_picked":["Ring of the Serpent","Eternal Feather"],"picked":"Lizard Tail"}],"items_purged_floors":[5,20],"is_endless":false,"potions_floor_spawned":[1,4,6,16,18,19,24,33,40,41,48,54],"ascension_level":7}