{"gold_per_floor":[110,185,19,19,36,65,65,65,90,90,100,100,100,117,117,191,191,201,201,213,213,128,128],"floor_reached":23,"playtime":4571,"items_purged":[],"score":424,"play_id":"a0561b63-05c9-4be6-88cf-315f50c34a31","local_time":"20190308081722","is_ascension_mode":true,"campfire_choices":[{"data":"Footwork","floor":7,"key":"SMITH"},{"data":"Noxious Fumes","floor":10,"key":"SMITH"},{"data":"Catalyst","floor":13,"key":"SMITH"},{"floor":15,"key":"REST"}],"neow_cost":"NONE","seed_source_timestamp":156132567618649,"circlet_count":0,"master_deck":["AscendersBane","Defend_G","Defend_G","Defend_G","Defend_G","Defend_G","Strike_G","Strike_G","Strike_G","Strike_G","Strike_G","Survivor","Neutralize","Noxious Fumes+1","Footwork+1","Catalyst+1","Predator","Noxious Fumes","Dodge and Roll+1","Deflect+1","Neutralize","Calculated Gamble+1","Venomology+1","PiercingWail+1","RitualDagger","Dodge and Roll+1","Ghostly+1","Ghostly+1","Ghostly+1"],"relics":["Ring of the Snake","NeowsBlessing","Oddly Smooth Stone","Toxic Egg 2","Bronze Scales","Eternal Feather","Anchor"],"potions_floor_usage":[16,16,20,20,23],"damage_taken":[{"damage":0,"enemies":"Jaw Worm","floor":1,"turns":1},{"damage":0,"enemies":"Small Slimes","floor":5,"turns":2},{"damage":0,"enemies":"Gremlin Nob","floor":6,"turns":1},{"damage":0,"enemies":"2 Louse","floor":11,"turns":2},{"damage":17,"enemies":"Exordium Thugs","floor":14,"turns":5},{"damage":15,"enemies":"Slime Boss","floor":16,"turns":10},{"damage":0,"enemies":"3 Byrds","floor":18,"turns":4},{"damage":31,"enemies":"Chosen","floor":20,"turns":8},{"damage":50,"enemies":"Slavers","floor":23,"turns":6}],"seed_played":"8492000846843468482","potions_obtained":[{"floor":1,"key":"GamblersBrew"},{"floor":14,"key":"PowerPotion"}],"is_trial":false,"path_per_floor":["M","?","$","?","M","E","R","?","T","R","M","?","R","M","R","B",null,"M","?","M","?","?","E"],"character_chosen":"THE_SILENT","items_purchased":["Footwork","Catalyst"],"campfire_rested":1,"item_purchase_floors":[3,3],"current_hp_per_floor":[59,48,48,53,53,53,53,35,35,35,35,35,35,18,39,24,59,59,53,37,35,35,0],"gold":128,"neow_bonus":"THREE_ENEMY_KILL","is_prod":false,"is_daily":false,"chose_seed":false,"campfire_upgraded":3,"win_rate":0,"timestamp":1552029442,"path_taken":["M","?","$","?","M","E","R","?","T","R","M","?","R","M","R","BOSS","M","?","M","?","?","E"],"build_version":"2019-01-23","purchased_purges":0,"victory":false,"max_hp_per_floor":[66,66,66,71,71,71,71,71,71,71,71,71,71,71,71,71,71,71,71,71,35,35,35],"card_choices":[{"not_picked":["Crippling Poison","Skewer"],"picked":"Noxious Fumes","floor":1},{"not_picked":["Blade Dance","Setup"],"picked":"Predator","floor":5},{"not_picked":["Blade Dance","Acrobatics"],"picked":"Noxious Fumes","floor":6},{"not_picked":["All Out Attack","Bane"],"picked":"Dodge and Roll+1","floor":11},{"not_picked":["Choke","PiercingWail+1"],"picked":"Calculated Gamble+1","floor":14},{"not_picked":["Storm of Steel+1","Bullet Time+1"],"picked":"Venomology+1","floor":16},{"not_picked":["Slice","Outmaneuver+1"],"picked":"PiercingWail+1","floor":18},{"not_picked":["Dash","Sucker Punch"],"picked":"Dodge and Roll+1","floor":20}],"player_experience":2868995,"relics_obtained":[{"floor":6,"key":"Oddly Smooth Stone"},{"floor":9,"key":"Bronze Scales"}],"event_choices":[{"damage_healed":0,"gold_gain":75,"player_choice":"Gather Gold","damage_taken":11,"max_hp_gain":0,"max_hp_loss":0,"event_name":"World of Goop","floor":2,"gold_loss":0},{"damage_healed":0,"gold_gain":0,"player_choice":"Donut","damage_taken":0,"max_hp_gain":5,"max_hp_loss":0,"event_name":"Big Fish","floor":4,"gold_loss":0},{"damage_healed":0,"gold_gain":0,"player_choice":"Success","damage_taken":18,"relics_obtained":["Toxic Egg 2"],"max_hp_gain":0,"max_hp_loss":0,"event_name":"Scrap Ooze","floor":8,"gold_loss":0},{"damage_healed":0,"gold_gain":0,"player_choice":"2 cards matched","damage_taken":0,"max_hp_gain":0,"max_hp_loss":0,"event_name":"Match and Keep!","floor":12,"gold_loss":0,"cards_obtained":["Deflect","Neutralize"]},{"damage_healed":0,"gold_gain":0,"player_choice":"Joined the Cult","damage_taken":6,"max_hp_gain":0,"max_hp_loss":0,"event_name":"Nest","floor":19,"gold_loss":0,"cards_obtained":["RitualDagger"]},{"damage_healed":0,"gold_gain":0,"player_choice":"Became a Ghost","damage_taken":0,"max_hp_gain":0,"max_hp_loss":36,"event_name":"Ghosts","floor":21,"gold_loss":0,"cards_obtained":["Ghostly","Ghostly","Ghostly"]},{"damage_healed":0,"gold_gain":0,"player_choice":"Obtained Relic","damage_taken":0,"relics_obtained":["Anchor"],"max_hp_gain":0,"max_hp_loss":0,"event_name":"Addict","floor":22,"gold_loss":85}],"is_beta":false,"boss_relics":[{"not_picked":["WristBlade","Snecko Eye"],"picked":"Eternal Feather"}],"items_purged_floors":[],"is_endless":false,"potions_floor_spawned":[1,14],"killed_by":"Slavers","ascension_level":20}