{"gold_per_floor":[113,133,133,208,133,133,133,33,33,45,45,64,83,101,101,206,206,223,223,223,48,66,78,96,96,174,174,174,24,24,41,41,140,140,158,25,37,37,49,66,66,111,111,111,111,126,226,238,238,238],"floor_reached":51,"playtime":5665,"items_purged":["Strike_R","Defend_R","Defend_R"],"score":614,"play_id":"ed672a32-e0e5-403e-a3d9-2d291199cb5f","local_time":"20190106210856","is_ascension_mode":false,"campfire_choices":[{"data":"Iron Wave","floor":6.0,"key":"SMITH"},{"data":"Iron Wave","floor":11.0,"key":"SMITH"},{"data":"Iron Wave","floor":15.0,"key":"SMITH"},{"data":"Inflame","floor":25.0,"key":"SMITH"},{"data":"Heavy Blade","floor":27.0,"key":"SMITH"},{"data":"Offering","floor":32.0,"key":"SMITH"},{"data":"Flex","floor":41,"key":"SMITH"},{"data":"Shockwave","floor":45,"key":"SMITH"},{"data":"Bash","floor":49,"key":"SMITH"}],"neow_cost":"NONE","seed_source_timestamp":0,"circlet_count":0,"master_deck":["Defend_R+1","Bash+1","Iron Wave+1","Battle Trance+1","Iron Wave+1","Iron Wave+1","Inflame+1","Offering+1","Heavy Blade+1","Body Slam+1","Flex+1","Shockwave+1","Iron Wave+1","Metallicize+1","Parasite","Thunderclap+1"],"special_seed":0,"relics":["Burning Blood","Busted Crown","Paper Frog","War Paint","Pantograph","Empty Cage","Gambling Chip","Ornamental Fan","Unceasing Top"],"potions_floor_usage":[37,39,39,50,50],"damage_taken":[{"damage":5.0,"enemies":"Jaw Worm","floor":1.0,"turns":4.0},{"damage":7.0,"enemies":"2 Louse","floor":2.0,"turns":3.0},{"damage":5.0,"enemies":"Small Slimes","floor":10.0,"turns":4.0},{"damage":0.0,"enemies":"2 Fungi Beasts","floor":12.0,"turns":4.0},{"damage":5.0,"enemies":"Looter","floor":13.0,"turns":3.0},{"damage":3.0,"enemies":"Exordium Wildlife","floor":14.0,"turns":3.0},{"damage":56.0,"enemies":"Slime Boss","floor":16.0,"turns":14.0},{"damage":19.0,"enemies":"2 Thieves","floor":18.0,"turns":3.0},{"damage":0.0,"enemies":"Chosen","floor":22.0,"turns":4.0},{"damage":2.0,"enemies":"Centurion and Healer","floor":23.0,"turns":6.0},{"damage":23.0,"enemies":"Sentry and Sphere","floor":24.0,"turns":5.0},{"damage":14.0,"enemies":"Snake Plant","floor":31.0,"turns":3.0},{"damage":54.0,"enemies":"Champ","floor":33.0,"turns":9.0},{"damage":0.0,"enemies":"Orb Walker","floor":35.0,"turns":3.0},{"damage":2,"enemies":"3 Darklings","floor":37,"turns":5},{"damage":1,"enemies":"Maw","floor":39,"turns":7},{"damage":20,"enemies":"Sphere and 2 Shapes","floor":40,"turns":4},{"damage":8,"enemies":"2 Orb Walkers","floor":42,"turns":4},{"damage":0,"enemies":"Writhing Mass","floor":46,"turns":4},{"damage":6,"enemies":"Mind Bloom Boss Battle","floor":47,"turns":5},{"damage":6,"enemies":"3 Darklings","floor":48,"turns":3},{"damage":52,"enemies":"Awakened One","floor":50,"turns":12}],"seed_played":"-3772811193896589933","potions_obtained":[{"floor":2.0,"key":"Fire Potion"},{"floor":13.0,"key":"FearPotion"},{"floor":24.0,"key":"LiquidBronze"},{"floor":31.0,"key":"Fire Potion"},{"floor":37,"key":"Weak Potion"},{"floor":39,"key":"Fruit Juice"},{"floor":46,"key":"Regen Potion"},{"floor":48,"key":"Weak Potion"}],"is_trial":false,"path_per_floor":["M","M","?","?","$","R","?","$","T","M","R","M","M","M","R","B",null,"M","?","?","$","M","M","M","R","T","R","?","$","T","M","R","B",null,"M","$","M","?","M","M","R","?","T","$","R","M","?","M","R","B",null],"character_chosen":"IRONCLAD","items_purchased":["SteroidPotion","War Paint","Flex","Shockwave"],"campfire_rested":0,"item_purchase_floors":[21,29,36,36],"current_hp_per_floor":[80,79,79,68,68,68,68,68,68,69,69,75,76,79,79,29,80,67,67,67,67,73,77,60,60,60,60,60,60,60,52,52,29,80,80,80,80,80,85,71,71,69,69,69,69,75,85,85,85,54],"gold":238,"neow_bonus":"THREE_CARDS","is_prod":false,"is_daily":false,"chose_seed":false,"campfire_upgraded":9,"win_rate":0,"timestamp":1546769336,"path_taken":["M","M","?","?","$","R","?","$","T","M","R","M","M","M","R","BOSS","M","?","?","$","M","?","M","R","T","R","?","?","?","?","R","BOSS","M","$","M","?","?","M","R","?","T","$","R","M","?","M","R","BOSS"],"build_version":"2019-01-03v4","purchased_purges":3,"victory":true,"max_hp_per_floor":[80,80,80,80,80,80,80,80,80,80,80,80,80,80,80,80,80,80,80,80,80,80,80,80,80,80,80,80,80,80,80,80,80,80,80,80,80,80,85,85,85,85,85,85,85,85,85,85,85,85],"card_choices":[{"not_picked":["Reckless Charge","Whirlwind"],"picked":"Iron Wave","floor":0.0},{"not_picked":["Sword Boomerang","Infernal Blade"],"picked":"Battle Trance","floor":1.0},{"not_picked":["Intimidate","Spot Weakness"],"picked":"Iron Wave","floor":2.0},{"not_picked":["Flame Barrier","Wild Strike"],"picked":"Iron Wave","floor":10.0},{"not_picked":["Hemokinesis","Rupture","Sword Boomerang"],"picked":"SKIP","floor":12.0},{"not_picked":["Ghostly Armor","Battle Trance","Pummel"],"picked":"SKIP","floor":13.0},{"not_picked":["Bloodletting","Sword Boomerang"],"picked":"Inflame","floor":14.0},{"not_picked":["Bludgeon","Impervious"],"picked":"Offering","floor":16.0},{"not_picked":["Thunderclap"],"picked":"SKIP","floor":18.0},{"not_picked":["Clothesline+1"],"picked":"SKIP","floor":22.0},{"not_picked":["Pummel"],"picked":"SKIP","floor":23.0},{"not_picked":[],"picked":"Heavy Blade","floor":24.0},{"not_picked":["Battle Trance"],"picked":"SKIP","floor":31.0},{"not_picked":[],"picked":"Body Slam+1","floor":35.0},{"not_picked":[],"picked":"Iron Wave+1","floor":37},{"not_picked":["Corruption+1"],"picked":"SKIP","floor":39},{"not_picked":[],"picked":"Metallicize+1","floor":40},{"not_picked":[],"picked":"Thunderclap+1","floor":46},{"not_picked":["Thunderclap+1"],"picked":"SKIP","floor":48}],"player_experience":27603,"relics_obtained":[{"floor":26.0,"key":"Paper Frog"},{"floor":30.0,"key":"Pantograph"},{"floor":42,"key":"Gambling Chip"},{"floor":43,"key":"Ornamental Fan"},{"floor":47,"key":"Unceasing Top"}],"event_choices":[{"damage_healed":0.0,"max_hp_gain":0.0,"max_hp_loss":0.0,"gold_gain":0.0,"event_name":"Golden Idol","player_choice":"Ignored","floor":3.0,"gold_loss":0.0,"damage_taken":0.0},{"damage_healed":0.0,"max_hp_gain":0.0,"max_hp_loss":0.0,"gold_gain":75.0,"event_name":"World of Goop","player_choice":"Gather Gold","floor":4.0,"gold_loss":0.0,"damage_taken":11.0},{"damage_healed":0.0,"max_hp_gain":0.0,"max_hp_loss":0.0,"gold_gain":0.0,"event_name":"Liars Game","player_choice":"Ignored","floor":7.0,"gold_loss":0.0,"damage_taken":0.0},{"damage_healed":0.0,"max_hp_gain":0.0,"max_hp_loss":0.0,"gold_gain":0.0,"event_name":"Cursed Tome","player_choice":"Ignored","floor":19.0,"gold_loss":0.0,"damage_taken":0.0},{"cards_removed":["Strike_R"],"damage_healed":0.0,"max_hp_gain":0.0,"max_hp_loss":0.0,"gold_gain":0.0,"event_name":"Back to Basics","player_choice":"Elegance","floor":20.0,"gold_loss":0.0,"damage_taken":0.0},{"cards_removed":["Strike_R"],"damage_healed":0.0,"max_hp_gain":0.0,"max_hp_loss":0.0,"gold_gain":0.0,"event_name":"Purifier","player_choice":"Purged","floor":28.0,"gold_loss":0.0,"damage_taken":0.0},{"cards_removed":["Strike_R"],"damage_healed":0,"gold_gain":0,"player_choice":"Offered Basic","damage_taken":0,"max_hp_gain":0,"max_hp_loss":0,"event_name":"Bonfire Elementals","floor":38,"gold_loss":0},{"damage_healed":0,"gold_gain":0,"player_choice":"Fight","damage_taken":0,"max_hp_gain":0,"max_hp_loss":0,"event_name":"Mysterious Sphere","floor":42,"gold_loss":0},{"damage_healed":0,"gold_gain":0,"player_choice":"Fight","damage_taken":0,"max_hp_gain":0,"max_hp_loss":0,"event_name":"MindBloom","floor":47,"gold_loss":0}],"is_beta":false,"boss_relics":[{"not_picked":["Runic Cube","Astrolabe"],"picked":"Busted Crown"},{"not_picked":["Eternal Feather","Lizard Tail"],"picked":"Empty Cage"}],"items_purged_floors":[5,8,21],"is_endless":false,"potions_floor_spawned":[2,13,24,31,37,39,46,48],"ascension_level":0}