{"path_per_floor":["M","M","?","$","?","R","E","M","T","R","M","R","M","E","R","B",null,"M","M","?","$","T","R","?","M","T","M","M","R","M"],"character_chosen":"IRONCLAD","items_purchased":[],"gold_per_floor":[110,125,125,50,50,50,78,91,91,91,103,103,123,148,148,248,248,235,253,178,78,78,78,78,90,90,107,120,120,140,140],"floor_reached":31,"campfire_rested":1,"playtime":11133,"current_hp_per_floor":[80,80,78,78,83,83,58,63,63,63,69,69,64,49,77,24,95,80,76,76,76,76,76,76,61,61,58,48,48,35,0],"items_purged":["Strike_R","Strike_R"],"gold":140,"score":272,"play_id":"f3571f25-4457-46da-9460-1e09e5f02f3d","local_time":"20180410223810","is_prod":false,"is_daily":false,"is_ascension_mode":false,"campfire_upgraded":4,"timestamp":1523414290,"path_taken":["M","M","?","$","?","R","E","M","T","R","M","R","M","E","R","BOSS","M","M","?","$","?","R","?","M","T","?","M","R","M","E"],"build_version":"2018-04-05v2","purchased_purges":2,"victory":false,"master_deck":["Strike_R","Defend_R","Defend_R","Defend_R","Defend_R","Bash+1","Anger","Inflame+1","Whirlwind+1","Fire Breathing","Feed","Flex","Flex+1","Headbutt","Seeing Red+1"],"max_hp_per_floor":[80,80,90,90,95,95,95,95,95,95,95,95,95,95,95,95,95,98,98,98,98,98,98,98,98,98,98,101,101,101,101],"relics":["Burning Blood","Pear","Red Skull","Shovel","Omamori","Runic Cube","Torii","Pen Nib","Dream Catcher","Blood Vial"],"card_choices":[{"not_picked":["Cleave","Dropkick"],"picked":"Anger","floor":1.0},{"not_picked":["Warcry","Metallicize"],"picked":"Inflame","floor":7.0},{"not_picked":["Flex","Brutality"],"picked":"Whirlwind","floor":11.0},{"not_picked":["Twin Strike","Dropkick"],"picked":"Fire Breathing","floor":14.0},{"not_picked":["Brutality","Juggernaut"],"picked":"Feed","floor":16.0},{"not_picked":["True Grit","Carnage"],"picked":"Flex","floor":18},{"not_picked":["Battle Trance","Armaments"],"picked":"Flex","floor":19},{"not_picked":["Thunderclap","Heavy Blade"],"picked":"Headbutt","floor":25},{"not_picked":["Flex","Twin Strike"],"picked":"Seeing Red","floor":28}],"player_experience":45022,"potions_floor_usage":[18,25,27,28],"damage_taken":[{"damage":2.0,"enemies":"Small Slimes","floor":1.0,"turns":5.0},{"damage":0.0,"enemies":"2 Louse","floor":2.0,"turns":2.0},{"damage":31.0,"enemies":"Lagavulin","floor":7.0,"turns":6.0},{"damage":1.0,"enemies":"Cultist","floor":8.0,"turns":3.0},{"damage":0.0,"enemies":"Exordium Wildlife","floor":11.0,"turns":4.0},{"damage":11.0,"enemies":"2 Fungi Beasts","floor":13.0,"turns":3.0},{"damage":21.0,"enemies":"Gremlin Nob","floor":14.0,"turns":4.0},{"damage":59.0,"enemies":"The Guardian","floor":16.0,"turns":7.0},{"damage":24,"enemies":"2 Thieves","floor":18,"turns":4},{"damage":10,"enemies":"3 Byrds","floor":19,"turns":3},{"damage":21,"enemies":"Centurion and Healer","floor":25,"turns":4},{"damage":11,"enemies":"Cultist and Chosen","floor":27,"turns":3},{"damage":30,"enemies":"Slaver and Parasite","floor":28,"turns":4},{"damage":21,"enemies":"Snecko","floor":30,"turns":5},{"damage":40,"enemies":"Book of Stabbing","floor":31,"turns":3}],"event_choices":[{"event_name":"Scrap Ooze","player_choice":"success","floor":3.0,"damage_taken":12.0},{"event_name":"Big Fish","player_choice":"Donut","floor":5.0,"damage_taken":0.0},{"event_name":"Beggar","player_choice":"Gave Gold","floor":20,"damage_taken":0},{"event_name":"Accursed Blacksmith","player_choice":"Rummage","floor":24,"damage_taken":0}],"boss_relics":[{"not_picked":["Snecko Eye","Cursed Key"],"picked":"Runic Cube"}],"potions_floor_spawned":[11,13,16,18,19],"seed_played":"7720634238803419830","killed_by":"Book of Stabbing","ascension_level":0,"is_trial":false}