{"gold_per_floor":[114,114,134,145,145,145,175,175,175,175,187,197,225,60,60,60],"floor_reached":16,"playtime":2288,"items_purged":[],"score":270,"play_id":"81052a2c-8ac6-48bb-8905-9de43effa174","local_time":"20190123165416","is_ascension_mode":true,"campfire_choices":[{"data":"Cloak And Dagger","floor":6,"key":"SMITH"},{"data":"Neutralize","floor":8,"key":"SMITH"},{"data":"Blade Dance","floor":10,"key":"SMITH"},{"data":"Envenom","floor":15,"key":"SMITH"}],"neow_cost":"NONE","seed_source_timestamp":1112697433347005,"circlet_count":0,"master_deck":["AscendersBane","Defend_G","Defend_G","Defend_G+1","Defend_G","Defend_G+1","Strike_G","Strike_G","Strike_G","Strike_G","Strike_G","Survivor","Neutralize+1","Forethought","Blade Dance+1","Flying Knee","Cloak And Dagger+1","Dash","Dagger Spray","Envenom+1"],"relics":["Ring of the Snake","Mummified Hand","PreservedInsect","Singing Bowl","Letter Opener","War Paint"],"potions_floor_usage":[4,4,7,7,16],"damage_taken":[{"damage":8,"enemies":"Small Slimes","floor":1,"turns":6},{"damage":0,"enemies":"2 Louse","floor":3,"turns":4},{"damage":6,"enemies":"Jaw Worm","floor":4,"turns":5},{"damage":13,"enemies":"3 Sentries","floor":7,"turns":9},{"damage":7,"enemies":"3 Louse","floor":11,"turns":4},{"damage":8,"enemies":"Blue Slaver","floor":12,"turns":4},{"damage":0,"enemies":"Gremlin Nob","floor":13,"turns":3},{"damage":54,"enemies":"Slime Boss","floor":16,"turns":11}],"seed_played":"4618717263598051893","potions_obtained":[{"floor":3,"key":"EntropicBrew"},{"floor":4,"key":"Regen Potion"},{"floor":13,"key":"PowerPotion"}],"is_trial":false,"path_per_floor":["M","?","M","M","?","R","E","R","T","R","M","M","E","$","R","B"],"character_chosen":"THE_SILENT","items_purchased":["War Paint"],"campfire_rested":0,"item_purchase_floors":[14],"current_hp_per_floor":[51,40,40,34,56,56,58,58,58,58,51,43,45,45,45,0],"gold":60,"neow_bonus":"RANDOM_COLORLESS","is_prod":false,"is_daily":false,"chose_seed":false,"campfire_upgraded":4,"win_rate":0,"timestamp":1548258856,"path_taken":["M","?","M","M","?","R","E","R","T","R","M","M","E","$","R","BOSS"],"build_version":"2019-01-17v2","purchased_purges":0,"victory":false,"max_hp_per_floor":[66,66,66,66,66,66,66,66,66,66,66,66,68,68,68,68],"card_choices":[{"not_picked":["Slice","Acrobatics"],"picked":"Blade Dance","floor":1},{"not_picked":["Slice","Poisoned Stab"],"picked":"Flying Knee","floor":3},{"not_picked":["Acrobatics","PiercingWail"],"picked":"Cloak And Dagger","floor":4},{"not_picked":["PiercingWail","Deflect"],"picked":"Dash","floor":7},{"not_picked":["Distraction","Setup"],"picked":"Dagger Spray","floor":11},{"not_picked":["Skewer","Underhanded Strike"],"picked":"Envenom","floor":12},{"not_picked":["Quick Slash","Bane","Escape Plan"],"picked":"Singing Bowl","floor":13}],"player_experience":2682237,"relics_obtained":[{"floor":7,"key":"PreservedInsect"},{"floor":9,"key":"Singing Bowl"},{"floor":13,"key":"Letter Opener"}],"event_choices":[{"damage_healed":0,"gold_gain":0,"player_choice":"Success","damage_taken":11,"relics_obtained":["Mummified Hand"],"max_hp_gain":0,"max_hp_loss":0,"event_name":"Scrap Ooze","floor":2,"gold_loss":0},{"damage_healed":22,"gold_gain":0,"player_choice":"Banana","damage_taken":0,"max_hp_gain":0,"max_hp_loss":0,"event_name":"Big Fish","floor":5,"gold_loss":0}],"is_beta":false,"boss_relics":[],"items_purged_floors":[],"is_endless":false,"potions_floor_spawned":[3,4,13],"killed_by":"Slime Boss","ascension_level":20}