{"gold_per_floor":[115,14,14,24,99,99,99,99,122,132,145,155,182,197,197,294,294,307,151,161,173,185,185,36,36,36,46,62,75,88,99,99,99],"floor_reached":33,"playtime":1049,"items_purged":["Defend_R"],"score":357,"play_id":"54a7ad4d-c402-418a-97ca-9730b9d4a258","local_time":"20190508093824","is_ascension_mode":true,"campfire_choices":[{"data":"Shockwave","floor":6,"key":"SMITH"},{"floor":8,"key":"REST"},{"floor":15,"key":"REST"},{"floor":23,"key":"REST"},{"floor":25,"key":"REST"},{"data":"True Grit","floor":32,"key":"SMITH"}],"neow_cost":"NONE","seed_source_timestamp":1033426185945671,"circlet_count":0,"master_deck":["Strike_R","Strike_R","Strike_R+1","Strike_R","Strike_R","Defend_R+1","Defend_R+1","Defend_R","Bash+1","Thunderclap","Perfected Strike+1","Shockwave+1","Disarm","Good Instincts","Twin Strike","Pommel Strike","Double Tap","True Grit+1","Pommel Strike","True Grit","Perfected Strike+1"],"relics":["Burning Blood","War Paint","Whetstone","Art of War","Sozu","Bag of Marbles","Oddly Smooth Stone"],"potions_floor_usage":[],"damage_taken":[{"damage":1,"enemies":"Small Slimes","floor":1,"turns":4},{"damage":6,"enemies":"Cultist","floor":4,"turns":3},{"damage":12,"enemies":"Jaw Worm","floor":10,"turns":3},{"damage":11,"enemies":"Looter","floor":11,"turns":2},{"damage":24,"enemies":"Gremlin Gang","floor":12,"turns":4},{"damage":21,"enemies":"3 Sentries","floor":13,"turns":6},{"damage":5,"enemies":"2 Fungi Beasts","floor":14,"turns":3},{"damage":43,"enemies":"Slime Boss","floor":16,"turns":12},{"damage":8,"enemies":"Chosen","floor":18,"turns":3},{"damage":21,"enemies":"Shell Parasite","floor":20,"turns":3},{"damage":19,"enemies":"Centurion and Healer","floor":21,"turns":6},{"damage":28,"enemies":"3 Cultists","floor":22,"turns":5},{"damage":18,"enemies":"Snake Plant","floor":27,"turns":3},{"damage":11,"enemies":"Shelled Parasite and Fungi","floor":28,"turns":4},{"damage":9,"enemies":"Chosen and Byrds","floor":29,"turns":5},{"damage":0,"enemies":"Centurion and Healer","floor":30,"turns":5},{"damage":4,"enemies":"Snecko","floor":31,"turns":3},{"damage":57,"enemies":"Champ","floor":33,"turns":7}],"seed_played":"5328121379432283809","potions_obtained":[{"floor":4,"key":"Ancient Potion"},{"floor":11,"key":"FearPotion"},{"floor":13,"key":"Energy Potion"}],"is_trial":false,"path_per_floor":["?","M","?","?","M","M"],"character_chosen":"IRONCLAD","items_purchased":["Perfected Strike","Bag of Marbles","Oddly Smooth Stone"],"campfire_rested":4,"item_purchase_floors":[2,19,24],"current_hp_per_floor":[77,77,77,77,66,66,66,80,80,74,69,51,36,37,61,24,66,64,64,49,36,14,38,38,62,62,50,45,42,48,50,50,0],"gold":99,"neow_bonus":"RANDOM_COMMON_RELIC","is_prod":false,"is_daily":false,"chose_seed":false,"campfire_upgraded":2,"win_rate":0,"timestamp":1557301104,"path_taken":["M","$","?","?","?","R","?","R","T","M","?","M","E","M","R","BOSS","M","$","M","M","?","R","$","R","T","M","M","M","M","M","R","BOSS"],"build_version":"2019-01-23","purchased_purges":1,"victory":false,"max_hp_per_floor":[80,80,80,80,80,80,80,80,80,80,80,80,80,80,80,80,80,80,80,80,80,80,80,80,80,80,80,80,80,80,80,80,80],"card_choices":[{"not_picked":["True Grit","Flame Barrier"],"picked":"Thunderclap","floor":1},{"not_picked":["Armaments","Body Slam"],"picked":"Shockwave","floor":4},{"not_picked":["Disarm","Shockwave","Warcry"],"picked":"SKIP","floor":10},{"not_picked":["Blood for Blood","Warcry","Clash"],"picked":"SKIP","floor":11},{"not_picked":["Headbutt","Heavy Blade"],"picked":"Twin Strike","floor":12},{"not_picked":["Evolve","Ghostly Armor","Juggernaut"],"picked":"SKIP","floor":13},{"not_picked":["Seeing Red","Shrug It Off"],"picked":"Pommel Strike","floor":14},{"not_picked":["Limit Break","Fiend Fire"],"picked":"Double Tap","floor":16},{"not_picked":["Bloodletting","Heavy Blade+1"],"picked":"True Grit","floor":18},{"not_picked":["Entrench","Shrug It Off","Pummel"],"picked":"SKIP","floor":20},{"not_picked":["Disarm","Shrug It Off","Anger"],"picked":"SKIP","floor":21},{"not_picked":["Headbutt","Hemokinesis","Flame Barrier"],"picked":"SKIP","floor":22},{"not_picked":["Infernal Blade","Havoc"],"picked":"Pommel Strike","floor":27},{"not_picked":["Infernal Blade+1","Clothesline+1","Armaments+1"],"picked":"SKIP","floor":28},{"not_picked":["Pummel","Iron Wave"],"picked":"True Grit","floor":29},{"not_picked":["Clash+1","Twin Strike"],"picked":"Perfected Strike+1","floor":30},{"not_picked":["Thunderclap","Warcry","Clash+1"],"picked":"SKIP","floor":31}],"player_experience":252234,"relics_obtained":[{"floor":9,"key":"Whetstone"},{"floor":13,"key":"Art of War"}],"event_choices":[{"damage_healed":0,"gold_gain":0,"player_choice":"Upgraded","damage_taken":0,"max_hp_gain":0,"max_hp_loss":0,"event_name":"Upgrade Shrine","floor":3,"gold_loss":0,"cards_upgraded":["Perfected Strike"]},{"damage_healed":0,"gold_gain":75,"player_choice":"Gather Gold","damage_taken":11,"max_hp_gain":0,"max_hp_loss":0,"event_name":"World of Goop","floor":5,"gold_loss":0},{"damage_healed":0,"gold_gain":0,"player_choice":"2 cards matched","damage_taken":0,"max_hp_gain":0,"max_hp_loss":0,"event_name":"Match and Keep!","floor":7,"gold_loss":0,"cards_obtained":["Disarm","Good Instincts"]}],"is_beta":false,"boss_relics":[{"not_picked":["Black Blood","Tiny House"],"picked":"Sozu"}],"items_purged_floors":[2],"is_endless":false,"potions_floor_spawned":[4,11,13,14,20,22,27,29],"killed_by":"Champ","ascension_level":8}