{"gold_per_floor":[118,138,66,66,40,40,66,66,66,80,114,126,89,39,39,117,117,127,147,147,147],"floor_reached":21,"playtime":1182,"items_purged":[],"score":350,"play_id":"705ae882-0455-4844-a40f-a6a74079c5b5","local_time":"20190328184058","is_ascension_mode":true,"campfire_choices":[{"data":"Noxious Fumes","floor":6.0,"key":"SMITH"},{"data":"Envenom","floor":8.0,"key":"SMITH"},{"floor":15.0,"key":"REST"}],"neow_cost":"NONE","seed_source_timestamp":255450370435469,"circlet_count":0,"master_deck":["AscendersBane","Defend_G","Defend_G","Defend_G","Defend_G","Defend_G","Strike_G","Strike_G","Strike_G","Strike_G","Survivor+1","Neutralize","Dodge and Roll+1","Well Laid Plans","Noxious Fumes+1","Dagger Throw","Envenom+1","Deflect","Cloak And Dagger","Dagger Spray+1","Caltrops","Tools of the Trade","Dash+1","Blur","Shame"],"special_seed":0,"relics":["Ring of the Snake","NeowsBlessing","War Paint","Molten Egg 2","Mummified Hand","Cursed Key","Tingsha"],"potions_floor_usage":[21,21],"damage_taken":[{"damage":0.0,"enemies":"Cultist","floor":1.0,"turns":1.0},{"damage":0.0,"enemies":"Jaw Worm","floor":2.0,"turns":1.0},{"damage":0.0,"enemies":"Lagavulin","floor":7.0,"turns":1.0},{"damage":4.0,"enemies":"Small Slimes","floor":10.0,"turns":4.0},{"damage":36.0,"enemies":"Gremlin Nob","floor":11.0,"turns":6.0},{"damage":0.0,"enemies":"Blue Slaver","floor":12.0,"turns":4.0},{"damage":44.0,"enemies":"Slime Boss","floor":16.0,"turns":10.0},{"damage":7.0,"enemies":"Shell Parasite","floor":18.0,"turns":7.0},{"damage":3.0,"enemies":"3 Byrds","floor":19.0,"turns":4.0},{"damage":21,"enemies":"Colosseum Slavers","floor":21,"turns":5},{"damage":29,"enemies":"Colosseum Nobs","floor":21,"turns":4}],"seed_played":"2117578776022665115","potions_obtained":[{"floor":2.0,"key":"FairyPotion"},{"floor":10.0,"key":"Ancient Potion"},{"floor":18.0,"key":"Strength Potion"}],"is_trial":false,"path_per_floor":["M","M","$","?","$","R","E","R","T","M","E","M","$","?","R","B",null,"M","M","?","?"],"character_chosen":"THE_SILENT","items_purchased":["Noxious Fumes","Dagger Throw","Caltrops"],"campfire_rested":1,"item_purchase_floors":[3,5,13],"current_hp_per_floor":[63,63,63,63,63,63,63,63,63,59,23,23,23,23,44,7,54,47,44,44,0],"gold":147,"neow_bonus":"THREE_ENEMY_KILL","is_prod":false,"is_daily":false,"chose_seed":false,"campfire_upgraded":2,"win_rate":0,"timestamp":1553823658,"path_taken":["M","M","$","?","$","R","E","R","T","?","E","M","$","?","R","BOSS","M","M","?","?"],"build_version":"2019-01-23","purchased_purges":0,"victory":false,"max_hp_per_floor":[70,70,70,70,70,70,70,70,70,70,70,70,70,70,70,70,70,70,70,70,70],"card_choices":[{"not_picked":["Acrobatics","Sucker Punch"],"picked":"Dodge and Roll","floor":1.0},{"not_picked":["Distraction","Dagger Spray"],"picked":"Well Laid Plans","floor":2.0},{"not_picked":["Dodge and Roll","Outmaneuver"],"picked":"Envenom","floor":7.0},{"not_picked":["Finisher+1","PiercingWail"],"picked":"Deflect","floor":10.0},{"not_picked":["Night Terror","Accuracy"],"picked":"Cloak And Dagger","floor":11.0},{"not_picked":["Bane+1","Outmaneuver"],"picked":"Dagger Spray+1","floor":12.0},{"not_picked":["Night Terror","Storm of Steel"],"picked":"Tools of the Trade","floor":16.0},{"not_picked":["Endless Agony+1","Bane+1"],"picked":"Dash+1","floor":18.0},{"not_picked":["Quick Slash+1","Prepared+1"],"picked":"Blur","floor":19.0}],"player_experience":558175,"relics_obtained":[{"floor":7.0,"key":"War Paint"},{"floor":9.0,"key":"Molten Egg 2"},{"floor":11.0,"key":"Mummified Hand"}],"event_choices":[{"damage_healed":0.0,"max_hp_gain":0.0,"max_hp_loss":0.0,"gold_gain":0.0,"event_name":"The Woman in Blue","player_choice":"Bought 0 Potions","floor":4.0,"gold_loss":0.0,"damage_taken":0.0},{"cards_removed":["Strike_G"],"damage_healed":0.0,"max_hp_gain":0.0,"max_hp_loss":0.0,"gold_gain":0.0,"event_name":"The Cleric","player_choice":"Card Removal","floor":14.0,"gold_loss":50.0,"damage_taken":0.0},{"damage_healed":0.0,"max_hp_gain":0.0,"max_hp_loss":0.0,"gold_gain":0.0,"event_name":"Addict","player_choice":"Stole Relic","floor":20.0,"gold_loss":0.0,"damage_taken":0.0,"relics_obtained":["Tingsha"],"cards_obtained":["Shame"]},{"damage_healed":0,"gold_gain":0,"player_choice":"Fight","damage_taken":0,"max_hp_gain":0,"max_hp_loss":0,"event_name":"Colosseum","floor":21,"gold_loss":0},{"damage_healed":0,"gold_gain":0,"player_choice":"Fought Nobs","damage_taken":0,"max_hp_gain":0,"max_hp_loss":0,"event_name":"Colosseum","floor":21,"gold_loss":0}],"is_beta":false,"boss_relics":[{"not_picked":["Snecko Eye","Philosopher\u0027s Stone"],"picked":"Cursed Key"}],"items_purged_floors":[],"is_endless":false,"potions_floor_spawned":[2,10,12,18],"killed_by":"Colosseum Nobs","ascension_level":13}