{"gold_per_floor":[115,34,54,13,13,13,46,46,71,71,96,117,42,75,75,196,196,220,220,145,145,159,159,179,193,219,44,44,58,82,101,101,224,224,237,262,42,42],"floor_reached":38,"playtime":1812,"items_purged":["Injury","Strike_G"],"score":557,"play_id":"540bac22-f722-4e7d-85ca-eab306ce9ec9","local_time":"20190504081348","is_ascension_mode":true,"campfire_choices":[{"data":"Noxious Fumes","floor":6.0,"key":"SMITH"},{"data":"Noxious Fumes","floor":8.0,"key":"SMITH"},{"floor":15.0,"key":"REST"},{"data":"Caltrops","floor":23.0,"key":"SMITH"},{"floor":28.0,"key":"REST"},{"data":"Noxious Fumes","floor":32.0,"key":"SMITH"}],"neow_cost":"NONE","seed_source_timestamp":681775473322886,"circlet_count":0,"master_deck":["Defend_G+1","Defend_G","Defend_G","Defend_G","Defend_G","Survivor","Neutralize","Noxious Fumes+1","Catalyst","Noxious Fumes+1","Caltrops+1","Caltrops","Venomology","Noxious Fumes+1","Blur","PiercingWail","Sucker Punch+1","Noxious Fumes+1","Dodge and Roll","Blur","Adrenaline","Dodge and Roll+1","Crippling Poison","Footwork","Bandage Up"],"special_seed":0,"relics":["Ring of the Snake","Golden Idol","Gambling Chip","Strawberry","Odd Mushroom","Regal Pillow","Velvet Choker","Bronze Scales","Empty Cage"],"potions_floor_usage":[38,38,38],"damage_taken":[{"damage":3.0,"enemies":"Small Slimes","floor":1.0,"turns":4.0},{"damage":0.0,"enemies":"Jaw Worm","floor":3.0,"turns":6.0},{"damage":19.0,"enemies":"Gremlin Nob","floor":7.0,"turns":5.0},{"damage":5.0,"enemies":"The Mushroom Lair","floor":11.0,"turns":4.0},{"damage":1.0,"enemies":"2 Louse","floor":12.0,"turns":4.0},{"damage":16.0,"enemies":"3 Sentries","floor":14.0,"turns":5.0},{"damage":20.0,"enemies":"The Guardian","floor":16.0,"turns":8.0},{"damage":7.0,"enemies":"Spheric Guardian","floor":18.0,"turns":5.0},{"damage":0.0,"enemies":"3 Byrds","floor":22.0,"turns":2.0},{"damage":25.0,"enemies":"Centurion and Healer","floor":24.0,"turns":6.0},{"damage":0.0,"enemies":"Chosen and Byrds","floor":25.0,"turns":5.0},{"damage":10.0,"enemies":"Snecko","floor":29.0,"turns":5.0},{"damage":6.0,"enemies":"3 Cultists","floor":30.0,"turns":4.0},{"damage":5.0,"enemies":"Snake Plant","floor":31.0,"turns":4.0},{"damage":12.0,"enemies":"Automaton","floor":33.0,"turns":8.0},{"damage":36.0,"enemies":"3 Shapes","floor":35.0,"turns":4.0},{"damage":29.0,"enemies":"3 Darklings","floor":36.0,"turns":6.0},{"damage":20,"enemies":"Jaw Worm Horde","floor":38,"turns":2}],"seed_played":"6416984892072949322","potions_obtained":[{"floor":1.0,"key":"Block Potion"},{"floor":14.0,"key":"AttackPotion"},{"floor":16.0,"key":"SteroidPotion"},{"floor":24.0,"key":"Ancient Potion"},{"floor":25.0,"key":"Poison Potion"},{"floor":30.0,"key":"Regen Potion"},{"floor":33.0,"key":"Swift Potion"},{"floor":36.0,"key":"PowerPotion"}],"is_trial":false,"path_per_floor":["?","?","?","$","?","?","?","M"],"character_chosen":"THE_SILENT","items_purchased":["Catalyst","Noxious Fumes","Noxious Fumes","Footwork","Bandage Up","PowerPotion","AttackPotion"],"campfire_rested":2,"item_purchase_floors":[2,4,27,37,37,37,37],"current_hp_per_floor":[60,60,60,60,60,60,41,41,48,33,28,27,27,11,49,29,65,58,58,58,58,58,58,33,33,33,33,71,61,55,50,50,53,71,35,6,6,0],"gold":42,"neow_bonus":"REMOVE_CARD","is_prod":false,"is_daily":false,"chose_seed":false,"campfire_upgraded":4,"win_rate":0,"timestamp":1556950428,"path_taken":["M","$","M","$","?","R","E","R","T","?","?","M","?","E","R","BOSS","M","?","?","?","M","R","M","M","T","$","R","?","M","M","R","BOSS","M","M","$","M"],"build_version":"2019-01-23","purchased_purges":2,"victory":false,"max_hp_per_floor":[70,70,70,70,70,70,70,70,77,77,77,77,77,77,77,77,77,77,77,77,77,77,77,77,77,77,77,77,77,77,77,77,77,77,77,77,77,77],"card_choices":[{"not_picked":["Riddle With Holes","Blade Dance"],"picked":"Noxious Fumes","floor":1.0},{"not_picked":["Acrobatics","Underhanded Strike","Backflip"],"picked":"SKIP","floor":3.0},{"not_picked":["Finisher","Backflip"],"picked":"Caltrops","floor":7.0},{"not_picked":["Deflect","Skewer"],"picked":"Caltrops","floor":12.0},{"not_picked":["Backflip","Setup","Glass Knife"],"picked":"SKIP","floor":14.0},{"not_picked":["Wraith Form v2","Grand Finale"],"picked":"Venomology","floor":16.0},{"not_picked":["Quick Slash","Dagger Spray+1","Predator"],"picked":"SKIP","floor":18.0},{"not_picked":["Dagger Spray","Deflect+1"],"picked":"Blur","floor":22.0},{"not_picked":["Slice","Acrobatics"],"picked":"PiercingWail","floor":24.0},{"not_picked":["Dagger Spray","Backflip"],"picked":"Sucker Punch+1","floor":25.0},{"not_picked":["Backflip","Bane"],"picked":"Dodge and Roll","floor":29.0},{"not_picked":["Outmaneuver","Backflip","Dagger Spray+1"],"picked":"SKIP","floor":30.0},{"not_picked":["Reflex+1","Backflip"],"picked":"Blur","floor":31.0},{"not_picked":["Wraith Form v2","Storm of Steel"],"picked":"Adrenaline","floor":33.0},{"not_picked":["Cloak And Dagger","PiercingWail+1"],"picked":"Dodge and Roll+1","floor":35.0},{"not_picked":["Blade Dance+1","Bane"],"picked":"Crippling Poison","floor":36.0}],"player_experience":214316,"relics_obtained":[{"floor":7.0,"key":"Gambling Chip"},{"floor":9.0,"key":"Strawberry"},{"floor":11.0,"key":"Odd Mushroom"},{"floor":14.0,"key":"Regal Pillow"},{"floor":26.0,"key":"Bronze Scales"}],"event_choices":[{"damage_healed":0.0,"max_hp_gain":0.0,"max_hp_loss":0.0,"gold_gain":0.0,"event_name":"Golden Idol","player_choice":"Take Wound","floor":5.0,"gold_loss":0.0,"damage_taken":0.0,"relics_obtained":["Golden Idol"],"cards_obtained":["Injury"]},{"damage_healed":0.0,"max_hp_gain":0.0,"max_hp_loss":0.0,"gold_gain":0.0,"event_name":"Shining Light","player_choice":"Entered Light","floor":10.0,"gold_loss":0.0,"damage_taken":15.0,"cards_upgraded":["Defend_G","Strike_G"]},{"damage_healed":0.0,"max_hp_gain":0.0,"max_hp_loss":0.0,"gold_gain":0.0,"event_name":"Mushrooms","player_choice":"Fought Mushrooms","floor":11.0,"gold_loss":0.0,"damage_taken":0.0},{"damage_healed":0.0,"max_hp_gain":0.0,"max_hp_loss":0.0,"gold_gain":0.0,"event_name":"Cursed Tome","player_choice":"Ignored","floor":19.0,"gold_loss":0.0,"damage_taken":0.0},{"cards_removed":["Strike_G"],"damage_healed":0.0,"max_hp_gain":0.0,"max_hp_loss":0.0,"gold_gain":0.0,"event_name":"Beggar","player_choice":"Gave Gold","floor":20.0,"gold_loss":75.0,"damage_taken":0.0},{"damage_healed":0.0,"max_hp_gain":0.0,"max_hp_loss":0.0,"gold_gain":0.0,"event_name":"Duplicator","player_choice":"Copied","floor":21.0,"gold_loss":0.0,"damage_taken":0.0,"cards_obtained":["Noxious Fumes"]}],"is_beta":false,"boss_relics":[{"not_picked":["Philosopher\u0027s Stone","Calling Bell"],"picked":"Velvet Choker"},{"not_picked":["Runic Dome","Lizard Tail"],"picked":"Empty Cage"}],"items_purged_floors":[13,27],"is_endless":false,"potions_floor_spawned":[1,14,16,24,25,30,33,36],"killed_by":"Jaw Worm Horde","ascension_level":6}