{"gold_per_floor":[111,85,15,15,34,34,69,69,69,88,115,129,84,111,111,210,210,222,237,237],"floor_reached":20,"playtime":1135,"items_purged":[],"score":254,"play_id":"0b30129a-f317-4c69-a657-8012b8cf779e","local_time":"20190327071239","is_ascension_mode":true,"campfire_choices":[{"floor":6,"key":"RECALL"},{"data":"Barricade","floor":8,"key":"SMITH"},{"data":"Body Slam","floor":15,"key":"SMITH"}],"neow_cost":"NONE","seed_source_timestamp":600246451771288,"circlet_count":0,"master_deck":["Strike_R","Strike_R","Strike_R","Strike_R","Strike_R","Defend_R","Defend_R","Defend_R","Defend_R","Bash","Armaments","Body Slam+1","Barricade+1","Pommel Strike","Pommel Strike","Metallicize","Armaments","Impervious","Body Slam+1","Dual Wield"],"relics":["Burning Blood","NeowsBlessing","Incense Burner","Shuriken","Gambling Chip","Boot","Black Star"],"potions_floor_usage":[13,16,20],"damage_taken":[{"damage":0,"enemies":"2 Louse","floor":1,"turns":1},{"damage":0,"enemies":"Cultist","floor":5,"turns":1},{"damage":0,"enemies":"Lagavulin","floor":7,"turns":1},{"damage":2,"enemies":"Small Slimes","floor":10,"turns":4},{"damage":47,"enemies":"Gremlin Nob","floor":11,"turns":7},{"damage":6,"enemies":"Exordium Wildlife","floor":12,"turns":5},{"damage":5,"enemies":"Looter","floor":13,"turns":5},{"damage":0,"enemies":"Lagavulin","floor":14,"turns":11},{"damage":27,"enemies":"Slime Boss","floor":16,"turns":12},{"damage":7,"enemies":"Chosen","floor":18,"turns":9},{"damage":10,"enemies":"Shell Parasite","floor":19,"turns":7},{"damage":83,"enemies":"Masked Bandits","floor":20,"turns":7}],"seed_played":"-6608073744890281185","potions_obtained":[{"floor":5,"key":"Swift Potion"},{"floor":11,"key":"Regen Potion"},{"floor":12,"key":"GamblersBrew"},{"floor":18,"key":"Poison Potion"}],"is_trial":false,"path_per_floor":["?","$","M","?"],"character_chosen":"IRONCLAD","items_purchased":["Body Slam"],"campfire_rested":0,"item_purchase_floors":[2],"current_hp_per_floor":[80,80,80,80,80,80,80,80,80,80,39,39,55,61,61,40,80,79,75,0],"gold":237,"neow_bonus":"THREE_ENEMY_KILL","is_prod":false,"is_daily":false,"chose_seed":false,"campfire_upgraded":2,"win_rate":0,"timestamp":1553667159,"path_taken":["M","$","?","?","M","R","E","R","T","M","E","?","M","E","R","BOSS","M","M","?"],"build_version":"2019-01-23","purchased_purges":0,"victory":false,"max_hp_per_floor":[80,80,80,80,80,80,80,80,80,80,80,80,80,80,80,80,80,80,80,80],"card_choices":[{"not_picked":["Sword Boomerang","Dropkick"],"picked":"Armaments","floor":1},{"not_picked":["Heavy Blade","Spot Weakness","Power Through"],"picked":"SKIP","floor":5},{"not_picked":["Iron Wave","True Grit"],"picked":"Barricade","floor":7},{"not_picked":["Havoc","Flex"],"picked":"Pommel Strike","floor":10},{"not_picked":["Heavy Blade","Sentinel"],"picked":"Pommel Strike","floor":11},{"not_picked":["Warcry","Twin Strike"],"picked":"Metallicize","floor":12},{"not_picked":["Clothesline","Heavy Blade","Inflame"],"picked":"SKIP","floor":13},{"not_picked":["Twin Strike","Battle Trance"],"picked":"Armaments","floor":14},{"not_picked":["Reaper","Dark Embrace"],"picked":"Impervious","floor":16},{"not_picked":["Warcry","Iron Wave+1"],"picked":"Body Slam+1","floor":18},{"not_picked":["Armaments","Rupture+1"],"picked":"Dual Wield","floor":19}],"player_experience":47660,"relics_obtained":[{"floor":7,"key":"Shuriken"},{"floor":11,"key":"Gambling Chip"},{"floor":14,"key":"Boot"}],"event_choices":[{"damage_healed":0,"gold_gain":0,"player_choice":"Paid Gold","damage_taken":0,"relics_obtained":["Incense Burner"],"max_hp_gain":0,"max_hp_loss":0,"event_name":"WeMeetAgain","floor":3,"gold_loss":70},{"damage_healed":0,"gold_gain":0,"player_choice":"Fought Bandits","damage_taken":0,"max_hp_gain":0,"max_hp_loss":0,"event_name":"Masked Bandits","floor":20,"gold_loss":0}],"is_beta":false,"boss_relics":[{"not_picked":["Eternal Feather","Calling Bell"],"picked":"Black Star"}],"items_purged_floors":[],"is_endless":false,"potions_floor_spawned":[5,11,12,18],"killed_by":"Masked Bandits","ascension_level":1}