{"gold_per_floor":[119,129,31,0,0,12,40,50,125,125,139,139,139,16,16,120,120,139,14,14,30,42,70,170,189,264,264,276,293,293,64,64,163,163,173,173,191,210,85,118,118,118],"floor_reached":42,"playtime":3773,"items_purged":["Strike_B","Strike_B","Strike_B+1"],"score":548,"play_id":"9acda367-3534-4cbf-bfc6-10aa94949fa3","local_time":"20190424235835","is_ascension_mode":false,"campfire_choices":[{"data":"FTL","floor":10,"key":"SMITH"},{"floor":13,"key":"REST"},{"data":"Zap","floor":15,"key":"SMITH"},{"floor":27,"key":"REST"},{"floor":32,"key":"REST"}],"neow_cost":"NONE","seed_source_timestamp":83355243626400,"circlet_count":0,"master_deck":["Defend_B+1","Defend_B+1","Defend_B+1","Defend_B+1","Zap+1","Dualcast","Beam Cell","Compile Driver","Go for the Eyes","FTL","FTL+1","Ball Lightning","Fusion+1","Gash","Steam","Conserve Battery","All For One","Steam Power+1","Go for the Eyes","Gash","Static Discharge","Capacitor","Beam Cell","FTL","Loop","Beam Cell+1","Gash","FTL","Trip","All For One","Machine Learning","Beam Cell+1","Gash","Tempest","Gash+1","Blind"],"relics":["Cracked Core","Incense Burner","Mummified Hand","Fusion Hammer","Dream Catcher","Turnip","Matryoshka","Pen Nib","Mercury Hourglass","Sozu","Kunai"],"potions_floor_usage":[7,11,16,21,22,23,25,25,35],"damage_taken":[{"damage":1,"enemies":"Cultist","floor":1,"turns":4},{"damage":6,"enemies":"2 Louse","floor":2,"turns":3},{"damage":3,"enemies":"Jaw Worm","floor":6,"turns":3},{"damage":27,"enemies":"Gremlin Nob","floor":7,"turns":4},{"damage":4,"enemies":"Blue Slaver","floor":8,"turns":3},{"damage":0,"enemies":"Looter","floor":11,"turns":1},{"damage":32,"enemies":"The Guardian","floor":16,"turns":11},{"damage":2,"enemies":"Shell Parasite","floor":18,"turns":3},{"damage":2,"enemies":"3 Byrds","floor":21,"turns":5},{"damage":2,"enemies":"Sentry and Sphere","floor":22,"turns":3},{"damage":23,"enemies":"Slavers","floor":23,"turns":4},{"damage":0,"enemies":"Colosseum Slavers","floor":24,"turns":3},{"damage":5,"enemies":"Colosseum Nobs","floor":24,"turns":5},{"damage":18,"enemies":"Snecko","floor":25,"turns":4},{"damage":8,"enemies":"Snake Plant","floor":28,"turns":2},{"damage":1,"enemies":"Centurion and Healer","floor":29,"turns":4},{"damage":23,"enemies":"Automaton","floor":33,"turns":7},{"damage":0,"enemies":"Orb Walker","floor":35,"turns":2},{"damage":0,"enemies":"3 Darklings","floor":37,"turns":2},{"damage":2,"enemies":"Spire Growth","floor":38,"turns":3},{"damage":51,"enemies":"Nemesis","floor":40,"turns":7},{"damage":34,"enemies":"Reptomancer","floor":42,"turns":2}],"seed_played":"-8200496805392443402","potions_obtained":[{"floor":2,"key":"Strength Potion"},{"floor":7,"key":"SpeedPotion"},{"floor":8,"key":"PowerPotion"},{"floor":11,"key":"FearPotion"},{"floor":18,"key":"Ancient Potion"},{"floor":21,"key":"Dexterity Potion"},{"floor":22,"key":"AttackPotion"},{"floor":24,"key":"SteroidPotion"},{"floor":33,"key":"Swift Potion"}],"is_trial":false,"path_per_floor":["?","?","?","?","M","?","?","?","M","?"],"character_chosen":"DEFECT","items_purchased":["Go for the Eyes","Gash","Steam","Conserve Battery","Go for the Eyes","Gash","FTL","Trip"],"campfire_rested":3,"item_purchase_floors":[3,14,14,14,19,31,31,31],"current_hp_per_floor":[81,75,75,75,80,77,50,46,46,46,46,29,55,55,55,23,87,85,85,85,83,81,58,53,35,35,61,53,52,52,52,78,55,87,87,87,87,85,85,34,34,0],"gold":118,"neow_bonus":"TEN_PERCENT_HP_BONUS","is_prod":false,"is_daily":false,"chose_seed":false,"campfire_upgraded":2,"win_rate":0.0,"timestamp":1556175515,"path_taken":["M","M","$","?","?","M","E","M","T","R","M","?","R","$","R","BOSS","M","$","?","?","M","E","?","M","T","R","M","M","?","$","R","BOSS","M","?","?","M","$","E","?","E"],"build_version":"2019-01-23","purchased_purges":3,"victory":false,"max_hp_per_floor":[82,82,82,82,87,87,87,87,87,87,87,87,87,87,87,87,87,87,87,87,87,87,87,87,87,87,87,87,87,87,87,87,87,87,87,87,87,87,87,87,87,87],"card_choices":[{"not_picked":["Stack","Compile Driver"],"picked":"Beam Cell","floor":1},{"not_picked":["Steam","Turbo"],"picked":"Compile Driver","floor":2},{"not_picked":["Storm","Redo"],"picked":"FTL","floor":6},{"not_picked":["White Noise","Barrage"],"picked":"FTL","floor":7},{"not_picked":["Multi-Cast","Sunder"],"picked":"Ball Lightning","floor":8},{"not_picked":["Rebound","Sweeping Beam"],"picked":"Fusion","floor":11},{"not_picked":["Seek","Creative AI"],"picked":"All For One","floor":16},{"not_picked":["Rip and Tear+1","Compile Driver+1"],"picked":"Steam Power+1","floor":18},{"not_picked":["Ball Lightning","Conserve Battery+1"],"picked":"Gash","floor":21},{"not_picked":["Stack","Ball Lightning+1"],"picked":"Static Discharge","floor":22},{"not_picked":["Storm+1","Darkness+1"],"picked":"Capacitor","floor":23},{"not_picked":["Loop","Sweeping Beam"],"picked":"Beam Cell","floor":24},{"not_picked":["Leap+1","Streamline"],"picked":"FTL","floor":25},{"not_picked":["Defragment+1","Compile Driver"],"picked":"Loop","floor":27},{"not_picked":["Barrage","Melter","Steam"],"picked":"SKIP","floor":28},{"not_picked":["Scrape","Redo+1"],"picked":"Beam Cell+1","floor":29},{"not_picked":["Ball Lightning","Compile Driver"],"picked":"All For One","floor":32},{"not_picked":["Rainbow","Fission"],"picked":"Machine Learning","floor":33},{"not_picked":["Rip and Tear","Ball Lightning"],"picked":"Beam Cell+1","floor":35},{"not_picked":["Darkness","Capacitor+1"],"picked":"Gash","floor":37},{"not_picked":["Rebound+1","Hologram"],"picked":"Tempest","floor":38},{"not_picked":["Chill+1","Sweeping Beam"],"picked":"Gash+1","floor":40},{"not_picked":["Chrysalis","Flash of Steel"],"picked":"Blind","floor":41}],"player_experience":61179,"relics_obtained":[{"floor":7,"key":"Incense Burner"},{"floor":9,"key":"Mummified Hand"},{"floor":23,"key":"Dream Catcher"},{"floor":24,"key":"Turnip"},{"floor":24,"key":"Matryoshka"},{"floor":26,"key":"Pen Nib"},{"floor":26,"key":"Mercury Hourglass"},{"floor":40,"key":"Kunai"}],"event_choices":[{"damage_healed":0,"gold_gain":0,"player_choice":"Left Gold","damage_taken":0,"max_hp_gain":0,"max_hp_loss":0,"event_name":"World of Goop","floor":4,"gold_loss":31},{"damage_healed":0,"gold_gain":0,"player_choice":"Donut","damage_taken":0,"max_hp_gain":5,"max_hp_loss":0,"event_name":"Big Fish","floor":5,"gold_loss":0},{"damage_healed":0,"gold_gain":0,"player_choice":"Entered Light","damage_taken":17,"max_hp_gain":0,"max_hp_loss":0,"event_name":"Shining Light","floor":12,"gold_loss":0,"cards_upgraded":["Fusion","Defend_B"]},{"cards_removed":["Strike_B"],"damage_healed":0,"gold_gain":0,"player_choice":"Purged","damage_taken":0,"max_hp_gain":0,"max_hp_loss":0,"event_name":"Purifier","floor":20,"gold_loss":0},{"damage_healed":0,"gold_gain":0,"player_choice":"Fight","damage_taken":0,"max_hp_gain":0,"max_hp_loss":0,"event_name":"Colosseum","floor":24,"gold_loss":0},{"damage_healed":0,"gold_gain":0,"player_choice":"Fought Nobs","damage_taken":0,"max_hp_gain":0,"max_hp_loss":0,"event_name":"Colosseum","floor":24,"gold_loss":0},{"damage_healed":0,"gold_gain":0,"player_choice":"Simplicity","damage_taken":0,"max_hp_gain":0,"max_hp_loss":0,"event_name":"Back to Basics","floor":30,"gold_loss":0,"cards_upgraded":["Strike_B","Defend_B","Defend_B","Defend_B"]},{"damage_healed":0,"gold_gain":0,"player_choice":"Bought 0 Potions","damage_taken":0,"max_hp_gain":0,"max_hp_loss":0,"event_name":"The Woman in Blue","floor":36,"gold_loss":0},{"damage_healed":0,"gold_gain":0,"player_choice":"Memory 1","damage_taken":0,"max_hp_gain":0,"max_hp_loss":0,"event_name":"SensoryStone","floor":41,"gold_loss":0}],"is_beta":false,"boss_relics":[{"not_picked":["Inserter","Velvet Choker"],"picked":"Fusion Hammer"},{"not_picked":["Nuclear Battery","Empty Cage"],"picked":"Sozu"}],"items_purged_floors":[3,19,39],"is_endless":false,"potions_floor_spawned":[2,7,8,11,18,21,22,24,33,35,38],"killed_by":"Reptomancer","ascension_level":0}