{"gold_per_floor":[110,129,129,146,161,193,193,228,251,251],"floor_reached":10,"playtime":450,"items_purged":[],"score":86,"play_id":"6511368a-ffbf-4ab7-b580-cb542b58a815","local_time":"20190419080704","is_ascension_mode":true,"campfire_choices":[{"data":"Limit Break","floor":7,"key":"SMITH"}],"neow_cost":"NONE","seed_source_timestamp":443631138216172,"circlet_count":0,"master_deck":["Strike_R","Strike_R","Strike_R","Strike_R","Strike_R","Defend_R","Defend_R","Defend_R","Defend_R","Bash","Limit Break+1","Dual Wield","Sword Boomerang","Flex","Sword Boomerang","Shrug It Off"],"relics":["Burning Blood","Strawberry","Art of War","Omamori"],"potions_floor_usage":[5,6,6,6],"damage_taken":[{"damage":10,"enemies":"Small Slimes","floor":1,"turns":3},{"damage":9,"enemies":"2 Louse","floor":2,"turns":4},{"damage":6,"enemies":"Cultist","floor":4,"turns":4},{"damage":28,"enemies":"Gremlin Gang","floor":5,"turns":7},{"damage":31,"enemies":"Lagavulin","floor":6,"turns":5},{"damage":28,"enemies":"Gremlin Nob","floor":8,"turns":4},{"damage":33,"enemies":"Lots of Slimes","floor":10,"turns":3}],"seed_played":"-5625141302612039854","potions_obtained":[{"floor":1,"key":"EntropicBrew"}],"is_trial":false,"path_per_floor":["?"],"character_chosen":"IRONCLAD","items_purchased":[],"campfire_rested":0,"item_purchase_floors":[],"current_hp_per_floor":[76,73,78,78,56,52,52,30,30,0],"gold":251,"neow_bonus":"ONE_RANDOM_RARE_CARD","is_prod":false,"is_daily":false,"chose_seed":false,"campfire_upgraded":1,"win_rate":0,"timestamp":1555654024,"path_taken":["M","M","?","M","M","E","R","E","T","M"],"build_version":"2019-01-23","purchased_purges":0,"victory":false,"max_hp_per_floor":[80,80,85,85,85,92,92,92,92,92],"card_choices":[{"not_picked":["Rage","Iron Wave"],"picked":"Dual Wield","floor":1},{"not_picked":["Entrench","Havoc"],"picked":"Sword Boomerang","floor":2},{"not_picked":["Clash","Havoc"],"picked":"Flex","floor":4},{"not_picked":["Wild Strike","Searing Blow"],"picked":"Sword Boomerang","floor":5},{"not_picked":["Bludgeon","Thunderclap"],"picked":"Shrug It Off","floor":6},{"not_picked":["Juggernaut","Wild Strike","Body Slam"],"picked":"SKIP","floor":8}],"player_experience":101244,"relics_obtained":[{"floor":6,"key":"Strawberry"},{"floor":8,"key":"Art of War"},{"floor":9,"key":"Omamori"}],"event_choices":[{"damage_healed":0,"gold_gain":0,"player_choice":"Donut","damage_taken":0,"max_hp_gain":5,"max_hp_loss":0,"event_name":"Big Fish","floor":3,"gold_loss":0}],"is_beta":false,"boss_relics":[],"items_purged_floors":[],"is_endless":false,"potions_floor_spawned":[1,5],"killed_by":"Lots of Slimes","ascension_level":2}