{"gold_per_floor":[110,185,238,63,63,106,106,106,106,106,139,139,41,61,61,192,192,213,213,197,129,147,147,147],"floor_reached":24,"playtime":1334,"items_purged":["Strike_B"],"score":200,"play_id":"52544c11-7834-4c24-8c35-69afd27b0eac","local_time":"20190504225617","is_ascension_mode":false,"campfire_choices":[{"floor":8,"key":"REST"},{"floor":15,"key":"REST"},{"floor":23,"key":"RECALL"}],"neow_cost":"NONE","seed_source_timestamp":10051324063800,"circlet_count":0,"master_deck":["Strike_B","Defend_B","Defend_B","Defend_B","Defend_B","Zap","Dualcast","Melter","Capacitor","Gash","Conserve Battery","Coolheaded","Gash","Stack","Skim","Multi-Cast","Beam Cell","Defragment","Capacitor","Conserve Battery"],"relics":["Cracked Core","Golden Idol","Kunai","Cables","Boot","Juzu Bracelet","Nuclear Battery","MutagenicStrength"],"potions_floor_usage":[6,16,24],"damage_taken":[{"damage":2,"enemies":"2 Louse","floor":1,"turns":3},{"damage":34,"enemies":"Gremlin Nob","floor":6,"turns":5},{"damage":17,"enemies":"3 Sentries","floor":11,"turns":8},{"damage":0,"enemies":"Jaw Worm","floor":14,"turns":4},{"damage":22,"enemies":"The Guardian","floor":16,"turns":12},{"damage":15,"enemies":"3 Byrds","floor":18,"turns":5},{"damage":5,"enemies":"2 Thieves","floor":20,"turns":4},{"damage":21,"enemies":"Snake Plant","floor":22,"turns":3},{"damage":39,"enemies":"Colosseum Slavers","floor":24,"turns":5}],"seed_played":"4380102745141587412","potions_obtained":[{"floor":1,"key":"Fire Potion"},{"floor":14,"key":"Poison Potion"},{"floor":22,"key":"FearPotion"}],"is_trial":false,"path_per_floor":["?","?","?","T","T","?","$","?","?"],"character_chosen":"DEFECT","items_purchased":["Capacitor","Gash","Conserve Battery","Stack","Capacitor"],"campfire_rested":2,"item_purchase_floors":[4,4,4,13,21],"current_hp_per_floor":[73,62,62,62,44,10,10,32,32,32,15,15,15,15,37,15,75,60,60,55,55,34,34,0],"gold":147,"neow_bonus":"REMOVE_CARD","is_prod":false,"is_daily":false,"chose_seed":false,"campfire_upgraded":0,"win_rate":0,"timestamp":1557035777,"path_taken":["M","?","?","$","?","E","?","R","T","?","E","?","?","M","R","BOSS","M","?","M","$","M","R","?"],"build_version":"2019-01-23","purchased_purges":1,"victory":false,"max_hp_per_floor":[75,75,75,75,75,75,75,75,75,75,75,75,75,75,75,75,75,75,75,75,75,75,75,75],"card_choices":[{"not_picked":["Rebound","Cold Snap"],"picked":"Melter","floor":1},{"not_picked":["Buffer","Fusion"],"picked":"Coolheaded","floor":6},{"not_picked":["Stack","Loop"],"picked":"Gash","floor":11},{"not_picked":["Turbo","Chaos"],"picked":"Skim","floor":14},{"not_picked":["Meteor Strike","Rainbow"],"picked":"Multi-Cast","floor":16},{"not_picked":["Barrage","Hologram"],"picked":"Beam Cell","floor":18},{"not_picked":["Meteor Strike","Leap"],"picked":"Defragment","floor":20},{"not_picked":["Aggregate+1","Defragment"],"picked":"Conserve Battery","floor":22}],"player_experience":135221,"relics_obtained":[{"floor":6,"key":"Kunai"},{"floor":9,"key":"Cables"},{"floor":10,"key":"Boot"},{"floor":11,"key":"Juzu Bracelet"}],"event_choices":[{"damage_healed":0,"gold_gain":75,"player_choice":"Gather Gold","damage_taken":11,"max_hp_gain":0,"max_hp_loss":0,"event_name":"World of Goop","floor":2,"gold_loss":0},{"damage_healed":0,"gold_gain":53,"player_choice":"Gained Gold","damage_taken":0,"max_hp_gain":0,"max_hp_loss":0,"event_name":"Golden Wing","floor":3,"gold_loss":0},{"damage_healed":0,"gold_gain":0,"player_choice":"Take Damage","damage_taken":18,"relics_obtained":["Golden Idol"],"max_hp_gain":0,"max_hp_loss":0,"event_name":"Golden Idol","floor":5,"gold_loss":0},{"cards_removed":["Strike_B"],"damage_healed":0,"gold_gain":0,"player_choice":"Purged","damage_taken":0,"max_hp_gain":0,"max_hp_loss":0,"event_name":"Purifier","floor":12,"gold_loss":0},{"damage_healed":0,"gold_gain":0,"player_choice":"Inject Mutagens","damage_taken":0,"relics_obtained":["MutagenicStrength"],"max_hp_gain":0,"max_hp_loss":0,"event_name":"Drug Dealer","floor":19,"gold_loss":0},{"damage_healed":0,"gold_gain":0,"player_choice":"Fight","damage_taken":0,"max_hp_gain":0,"max_hp_loss":0,"event_name":"Colosseum","floor":24,"gold_loss":0}],"is_beta":false,"boss_relics":[{"not_picked":["Runic Pyramid","Lizard Tail"],"picked":"Nuclear Battery"}],"items_purged_floors":[13],"is_endless":false,"potions_floor_spawned":[1,14,22],"killed_by":"Colosseum Slavers","ascension_level":0}