{"gold_per_floor":[119,139,152,21,36,71,71,85,85,97,115,44,44,60,60,164,214,234,245,57,327,68,68,79,0,0,15,35,48,48,48],"floor_reached":31,"playtime":1816,"items_purged":[],"score":243,"play_id":"05edabd1-1d45-45cf-b4a9-068b702fe119","local_time":"20190504210343","is_ascension_mode":false,"campfire_choices":[{"floor":7,"key":"RECALL"},{"floor":13,"key":"REST"},{"data":"Self Repair","floor":15,"key":"SMITH"},{"data":"Static Discharge","floor":23,"key":"SMITH"}],"neow_cost":"NONE","seed_source_timestamp":2815152474500,"circlet_count":0,"master_deck":["Strike_B","Strike_B","Strike_B","Strike_B","Defend_B+1","Defend_B","Defend_B","Defend_B","Zap","Dualcast","Coolheaded","Tempest","Genetic Algorithm","Self Repair+1","Gash","Coolheaded","Static Discharge+1","FTL","Go for the Eyes","Gash","Go for the Eyes","Self Repair","All For One","Go for the Eyes","Defragment","Redo","Storm","Storm","FTL","Creative AI","Writhe"],"relics":["Cracked Core","Bottled Tornado","DataDisk","Tiny House","Happy Flower","Runic Capacitor","Pen Nib"],"potions_floor_usage":[10,10,11,16,18,24,27],"damage_taken":[{"damage":0,"enemies":"2 Louse","floor":1,"turns":1},{"damage":0,"enemies":"Cultist","floor":2,"turns":5},{"damage":3,"enemies":"Small Slimes","floor":3,"turns":3},{"damage":10,"enemies":"2 Fungi Beasts","floor":5,"turns":5},{"damage":19,"enemies":"Gremlin Nob","floor":6,"turns":4},{"damage":17,"enemies":"3 Louse","floor":8,"turns":2},{"damage":22,"enemies":"Gremlin Gang","floor":10,"turns":4},{"damage":8,"enemies":"Lots of Slimes","floor":11,"turns":3},{"damage":10,"enemies":"3 Louse","floor":14,"turns":2},{"damage":22,"enemies":"The Guardian","floor":16,"turns":11},{"damage":7,"enemies":"Chosen","floor":18,"turns":4},{"damage":2,"enemies":"Shell Parasite","floor":19,"turns":5},{"damage":16,"enemies":"Snake Plant","floor":24,"turns":3},{"damage":6,"enemies":"Chosen and Byrds","floor":27,"turns":4},{"damage":18,"enemies":"Shelled Parasite and Fungi","floor":28,"turns":4},{"damage":22,"enemies":"Snake Plant","floor":29,"turns":3},{"damage":19,"enemies":"3 Cultists","floor":31,"turns":3}],"seed_played":"7366518569138132537","potions_obtained":[{"floor":3,"key":"SneckoOil"},{"floor":5,"key":"Energy Potion"},{"floor":10,"key":"Strength Potion"},{"floor":11,"key":"Poison Potion"},{"floor":17,"key":"Dexterity Potion"},{"floor":19,"key":"FocusPotion"},{"floor":24,"key":"Block Potion"},{"floor":29,"key":"SkillPotion"}],"is_trial":false,"path_per_floor":["?","M","$","?"],"character_chosen":"DEFECT","items_purchased":["Self Repair","Gash","Coolheaded","Self Repair","Happy Flower","Storm","Runic Capacitor","Storm","FTL"],"campfire_rested":1,"item_purchase_floors":[4,4,4,12,20,20,22,22,25],"current_hp_per_floor":[82,82,79,79,76,64,64,54,54,39,31,31,55,45,45,33,87,87,87,87,55,55,55,39,39,39,43,35,13,13,0],"gold":48,"neow_bonus":"TEN_PERCENT_HP_BONUS","is_prod":false,"is_daily":false,"chose_seed":false,"campfire_upgraded":2,"win_rate":0,"timestamp":1557029023,"path_taken":["M","M","M","$","M","E","R","M","T","M","M","$","R","M","R","BOSS","M","M","$","?","$","R","?","?","T","M","M","M","?","M"],"build_version":"2019-01-23","purchased_purges":0,"victory":false,"max_hp_per_floor":[82,82,82,82,82,82,82,82,82,82,82,82,82,82,82,82,87,87,87,87,87,87,87,87,87,87,87,87,87,87,87],"card_choices":[{"not_picked":["Reinforced Body","Redo"],"picked":"Coolheaded","floor":1},{"not_picked":["Compile Driver","Heatsinks"],"picked":"Tempest","floor":2},{"not_picked":["Go for the Eyes","Streamline"],"picked":"Genetic Algorithm","floor":3},{"not_picked":["Stack","Cold Snap"],"picked":"Static Discharge","floor":5},{"not_picked":["Chaos","Compile Driver"],"picked":"FTL","floor":6},{"not_picked":["Reboot","Stack"],"picked":"Go for the Eyes","floor":8},{"not_picked":["Go for the Eyes","Chaos"],"picked":"Gash","floor":10},{"not_picked":["Beam Cell","Recycle"],"picked":"Go for the Eyes","floor":11},{"not_picked":["Sweeping Beam","Sunder","Rebound"],"picked":"SKIP","floor":14},{"not_picked":["Thunder Strike","Multi-Cast"],"picked":"All For One","floor":16},{"not_picked":["Force Field","Hologram"],"picked":"Go for the Eyes","floor":17},{"not_picked":["Hologram+1","Buffer"],"picked":"Defragment","floor":18},{"not_picked":["Auto Shields","Go for the Eyes"],"picked":"Redo","floor":19},{"not_picked":["Auto Shields+1","Steam","Lockon"],"picked":"SKIP","floor":24},{"not_picked":["Compile Driver+1","Hologram","Streamline+1"],"picked":"SKIP","floor":27},{"not_picked":["Sunder+1","Blizzard+1","Compile Driver"],"picked":"SKIP","floor":28},{"not_picked":["Force Field+1","Undo"],"picked":"Creative AI","floor":29}],"player_experience":133405,"relics_obtained":[{"floor":6,"key":"Bottled Tornado"},{"floor":9,"key":"DataDisk"}],"event_choices":[{"damage_healed":0,"gold_gain":270,"player_choice":"GOLD GOLD GOLD ","damage_taken":32,"max_hp_gain":0,"max_hp_loss":0,"event_name":"Knowing Skull","floor":21,"potions_obtained":[],"gold_loss":0,"cards_obtained":[]},{"damage_healed":0,"gold_gain":0,"player_choice":"Opened","damage_taken":0,"relics_obtained":["Pen Nib"],"max_hp_gain":0,"max_hp_loss":0,"event_name":"The Mausoleum","floor":30,"gold_loss":0,"cards_obtained":["Writhe"]}],"is_beta":false,"boss_relics":[{"not_picked":["Astrolabe","Velvet Choker"],"picked":"Tiny House"}],"items_purged_floors":[],"is_endless":false,"potions_floor_spawned":[3,5,10,11,19,24,29],"killed_by":"3 Cultists","ascension_level":0}