{"gold_per_floor":[117,117,134,146,146,146,158,158,234,265,265,415,433,467,467,467],"floor_reached":16,"playtime":686,"items_purged":[],"score":243,"play_id":"020da80d-af7f-43b5-b486-502c15486b4e","local_time":"20190504190121","is_ascension_mode":true,"campfire_choices":[{"data":"Neutralize","floor":6.0,"key":"SMITH"},{"data":"Poisoned Stab","floor":8.0,"key":"SMITH"},{"floor":15,"key":"REST"}],"neow_cost":"CURSE","seed_source_timestamp":167823478137264,"circlet_count":0,"master_deck":["AscendersBane","Defend_G","Defend_G+1","Defend_G","Defend_G","Defend_G","Strike_G","Strike_G","Strike_G","Strike_G","Survivor","Neutralize+1","Accuracy","Deflect","Bane","Poisoned Stab+1","Deflect+1","Backflip","Doubt","Backflip","Prepared"],"special_seed":0,"relics":["Ring of the Snake","Bottled Flame","War Paint","Art of War","Happy Flower"],"potions_floor_usage":[14,16],"damage_taken":[{"damage":8.0,"enemies":"2 Louse","floor":1.0,"turns":4.0},{"damage":8.0,"enemies":"Jaw Worm","floor":3.0,"turns":4.0},{"damage":6.0,"enemies":"Small Slimes","floor":4.0,"turns":5.0},{"damage":16.0,"enemies":"3 Louse","floor":7.0,"turns":6.0},{"damage":31.0,"enemies":"Lagavulin","floor":10.0,"turns":8.0},{"damage":0,"enemies":"2 Fungi Beasts","floor":13,"turns":4},{"damage":0,"enemies":"3 Sentries","floor":14,"turns":4},{"damage":37,"enemies":"Slime Boss","floor":16,"turns":9}],"seed_played":"7825702302253661104","potions_obtained":[{"floor":1.0,"key":"Regen Potion"},{"floor":7.0,"key":"PowerPotion"},{"floor":10,"key":"SkillPotion"},{"floor":14,"key":"LiquidBronze"}],"is_trial":false,"path_per_floor":["M","?","M","M","?","R","M","R","T","E","?","?","M","E","R","B"],"character_chosen":"THE_SILENT","items_purchased":[],"campfire_rested":1,"item_purchase_floors":[],"current_hp_per_floor":[63,56,48,42,42,42,41,41,41,10,5,5,5,5,28,0],"gold":467,"neow_bonus":"TWENTY_PERCENT_HP_BONUS","is_prod":false,"is_daily":false,"chose_seed":false,"campfire_upgraded":2,"win_rate":0,"timestamp":1557021681,"path_taken":["M","?","M","M","?","R","M","R","T","E","?","?","M","E","R","BOSS"],"build_version":"2019-01-23","purchased_purges":0,"victory":false,"max_hp_per_floor":[78,78,78,78,78,78,78,78,78,78,78,78,78,78,78,78],"card_choices":[{"not_picked":["Prepared","Quick Slash"],"picked":"Accuracy","floor":1.0},{"not_picked":["Prepared","Bane"],"picked":"Deflect","floor":3.0},{"not_picked":["Finisher","Reflex"],"picked":"Bane","floor":4.0},{"not_picked":["Underhanded Strike","Backflip"],"picked":"Deflect","floor":7.0},{"not_picked":["Skewer","Blur"],"picked":"Backflip","floor":10},{"not_picked":["Deadly Poison","PiercingWail"],"picked":"Backflip","floor":13},{"not_picked":["Skewer","Tactician"],"picked":"Prepared","floor":14}],"player_experience":647494,"relics_obtained":[{"floor":9.0,"key":"Bottled Flame"},{"floor":10,"key":"War Paint"},{"floor":14,"key":"Happy Flower"}],"event_choices":[{"cards_removed":["Shame"],"damage_healed":0.0,"max_hp_gain":0.0,"max_hp_loss":0.0,"gold_gain":0.0,"event_name":"Golden Wing","player_choice":"Card Removal","floor":2.0,"gold_loss":0.0,"damage_taken":7.0},{"damage_healed":0.0,"max_hp_gain":0.0,"max_hp_loss":0.0,"gold_gain":0.0,"cards_transformed":["Strike_G"],"event_name":"Living Wall","player_choice":"Change","floor":5.0,"gold_loss":0.0,"damage_taken":0.0,"cards_obtained":["Poisoned Stab"]},{"damage_healed":0,"gold_gain":0,"player_choice":"Success","damage_taken":5,"relics_obtained":["Art of War"],"max_hp_gain":0,"max_hp_loss":0,"event_name":"Scrap Ooze","floor":11,"gold_loss":0},{"damage_healed":0,"gold_gain":150,"player_choice":"AGREE","damage_taken":0,"max_hp_gain":0,"max_hp_loss":0,"event_name":"Liars Game","floor":12,"gold_loss":0,"cards_obtained":["Doubt"]}],"is_beta":false,"boss_relics":[],"items_purged_floors":[],"is_endless":false,"potions_floor_spawned":[1,7,10,14],"killed_by":"Slime Boss","ascension_level":16}