{"gold_per_floor":[114,127,202,11,30,30,59,59,113,130,130,163,163,8,8,87,87,100,22,22,0,13,48,48,77,123,123,139,189,189],"floor_reached":30,"playtime":25236,"items_purged":["Decay","Strike_G"],"score":603,"play_id":"f58fcb98-2898-4db4-9a12-14ae6f1917a8","local_time":"20190303000923","is_ascension_mode":true,"campfire_choices":[{"data":"Noxious Fumes","floor":6,"key":"SMITH"},{"data":"Neutralize","floor":8,"key":"SMITH"},{"floor":11,"key":"REST"},{"floor":15,"key":"REST"},{"floor":24,"key":"REST"},{"data":"Well Laid Plans","floor":27,"key":"SMITH"}],"neow_cost":"CURSE","seed_source_timestamp":449704654626552,"circlet_count":0,"master_deck":["AscendersBane","Defend_G","Defend_G","Defend_G","Defend_G","Defend_G","Survivor","Neutralize+1","Corpse Explosion","Backflip","Footwork","Noxious Fumes","Deflect","Noxious Fumes+1","Escape Plan","Poisoned Stab","Adrenaline","Backflip","Well Laid Plans+1","Bite","Bite","Bite","Bite","Bite","Dash+1","Leg Sweep"],"relics":["Ring of the Snake","Odd Mushroom","Snake Skull","Dream Catcher","Sozu","Happy Flower","Strawberry"],"potions_floor_usage":[12,12,18,18],"damage_taken":[{"damage":15,"enemies":"Jaw Worm","floor":1,"turns":5},{"damage":0,"enemies":"Small Slimes","floor":2,"turns":5},{"damage":4,"enemies":"2 Louse","floor":5,"turns":3},{"damage":8,"enemies":"The Mushroom Lair","floor":7,"turns":5},{"damage":1,"enemies":"2 Fungi Beasts","floor":10,"turns":4},{"damage":25,"enemies":"Gremlin Nob","floor":12,"turns":5},{"damage":6,"enemies":"Hexaghost","floor":16,"turns":8},{"damage":16,"enemies":"Chosen","floor":18,"turns":5},{"damage":0,"enemies":"3 Byrds","floor":22,"turns":4},{"damage":41,"enemies":"Slavers","floor":23,"turns":4},{"damage":20,"enemies":"Gremlin Leader","floor":25,"turns":7},{"damage":3,"enemies":"3 Cultists","floor":28,"turns":3},{"damage":0,"enemies":"Colosseum Slavers","floor":30,"turns":3},{"damage":59,"enemies":"Colosseum Nobs","floor":30,"turns":4}],"seed_played":"83113028773021188","potions_obtained":[{"floor":7,"key":"Energy Potion"},{"floor":10,"key":"Weak Potion"},{"floor":16,"key":"PowerPotion"}],"is_trial":false,"path_per_floor":["M","M","?","$","M","R","?","R","T","M","R","E","?","$","R","B",null,"M","$","?","?","M","E","R","E","T","R","M","?","?"],"character_chosen":"THE_SILENT","items_purchased":["Noxious Fumes","Deflect","Weak Potion","Well Laid Plans"],"campfire_rested":3,"item_purchase_floors":[4,4,14,19],"current_hp_per_floor":[44,44,33,33,29,29,21,21,21,20,39,14,14,14,33,27,56,40,40,40,40,44,9,22,25,25,25,32,32,0],"gold":189,"neow_bonus":"THREE_RARE_CARDS","is_prod":false,"is_daily":false,"chose_seed":false,"campfire_upgraded":3,"win_rate":0,"timestamp":1551568163,"path_taken":["M","M","?","$","M","R","?","R","T","M","R","E","?","$","R","BOSS","M","$","?","?","M","E","R","E","T","R","M","?","?"],"build_version":"2019-01-23","purchased_purges":2,"victory":false,"max_hp_per_floor":[66,66,66,66,66,66,66,66,66,66,66,66,66,66,66,66,66,66,66,46,46,46,46,46,53,53,53,53,53,53],"card_choices":[{"not_picked":["A Thousand Cuts","Malaise"],"picked":"Corpse Explosion","floor":0},{"not_picked":["PiercingWail","Setup"],"picked":"Backflip","floor":1},{"not_picked":["Cloak And Dagger","Terror"],"picked":"Footwork","floor":2},{"not_picked":["Heel Hook","Blade Dance"],"picked":"Noxious Fumes","floor":5},{"not_picked":["Quick Slash","Outmaneuver"],"picked":"Escape Plan","floor":10},{"not_picked":["Flying Knee","Blade Dance"],"picked":"Poisoned Stab","floor":12},{"not_picked":["Die Die Die","Doppelganger"],"picked":"Adrenaline","floor":16},{"not_picked":["Sucker Punch","Flying Knee+1"],"picked":"Backflip","floor":18},{"not_picked":["Backstab","Cloak And Dagger"],"picked":"Dash+1","floor":22},{"not_picked":["Dagger Spray","Blade Dance","Outmaneuver"],"picked":"SKIP","floor":23},{"not_picked":["Prepared","Die Die Die","Slice"],"picked":"SKIP","floor":25},{"not_picked":["Flechettes","Noxious Fumes"],"picked":"Leg Sweep","floor":28}],"player_experience":2836417,"relics_obtained":[{"floor":7,"key":"Odd Mushroom"},{"floor":9,"key":"Snake Skull"},{"floor":12,"key":"Dream Catcher"},{"floor":23,"key":"Happy Flower"},{"floor":25,"key":"Strawberry"}],"event_choices":[{"damage_healed":0,"gold_gain":75,"player_choice":"Gather Gold","damage_taken":11,"max_hp_gain":0,"max_hp_loss":0,"event_name":"World of Goop","floor":3,"gold_loss":0},{"damage_healed":0,"gold_gain":0,"player_choice":"Fought Mushrooms","damage_taken":0,"max_hp_gain":0,"max_hp_loss":0,"event_name":"Mushrooms","floor":7,"gold_loss":0},{"damage_healed":0,"gold_gain":0,"player_choice":"Ignored","damage_taken":0,"max_hp_gain":0,"max_hp_loss":0,"event_name":"Shining Light","floor":13,"gold_loss":0},{"damage_healed":0,"gold_gain":0,"player_choice":"Became a vampire","damage_taken":0,"max_hp_gain":0,"max_hp_loss":20,"event_name":"Vampires","floor":20,"gold_loss":0,"cards_obtained":["Bite","Bite","Bite","Bite","Bite"]},{"damage_healed":0,"gold_gain":0,"player_choice":"Paid Fearfully","damage_taken":0,"max_hp_gain":0,"max_hp_loss":0,"event_name":"Masked Bandits","floor":21,"gold_loss":22},{"damage_healed":0,"gold_gain":50,"player_choice":"Stole From Cult","damage_taken":0,"max_hp_gain":0,"max_hp_loss":0,"event_name":"Nest","floor":29,"gold_loss":0},{"damage_healed":0,"gold_gain":0,"player_choice":"Fight","damage_taken":0,"max_hp_gain":0,"max_hp_loss":0,"event_name":"Colosseum","floor":30,"gold_loss":0},{"damage_healed":0,"gold_gain":0,"player_choice":"Fought Nobs","damage_taken":0,"max_hp_gain":0,"max_hp_loss":0,"event_name":"Colosseum","floor":30,"gold_loss":0}],"is_beta":false,"boss_relics":[{"not_picked":["Fusion Hammer","Philosopher\u0027s Stone"],"picked":"Sozu"}],"items_purged_floors":[4,14],"is_endless":false,"potions_floor_spawned":[7,10,16,22,25],"killed_by":"Colosseum Nobs","ascension_level":20}