{"gold_per_floor":[112,287,287,303,56,56,94,24,24,24,2,17,17,17,17,136,136,159,59,59,59,74,74,74,94,94,19,19,19,34,55,55,55],"floor_reached":33,"playtime":1559,"items_purged":["Doubt","Fire Breathing"],"score":335,"play_id":"27a66ab2-ea84-4914-aeba-5db483c6132e","local_time":"20190426081219","is_ascension_mode":true,"campfire_choices":[{"data":"Flex","floor":6.0,"key":"SMITH"},{"data":"Armaments","floor":15.0,"key":"SMITH"},{"floor":23.0,"key":"REST"},{"data":"Feed","floor":28.0,"key":"SMITH"},{"floor":32,"key":"REST"}],"neow_cost":"NONE","seed_source_timestamp":1047336112524880,"circlet_count":0,"master_deck":["Bash","Flex+1","Shrug It Off","Whirlwind","Flash of Steel","Armaments+1","Bloodletting+1","Shrug It Off","Flex","Berserk","Armaments","Feed+1","Battle Trance","Disarm","Infernal Blade","Rupture","Shrug It Off+1","Seeing Red","Iron Wave","Pommel Strike"],"special_seed":0,"relics":["Burning Blood","NeowsBlessing","Golden Idol","Kunai","Matryoshka","Pandora\u0027s Box","Unceasing Top","Bag of Marbles","Gremlin Horn"],"potions_floor_usage":[29,31,33],"damage_taken":[{"damage":0.0,"enemies":"Jaw Worm","floor":1.0,"turns":1.0},{"damage":0.0,"enemies":"2 Louse","floor":4.0,"turns":1.0},{"damage":0.0,"enemies":"3 Sentries","floor":7.0,"turns":2.0},{"damage":0.0,"enemies":"Cultist","floor":12.0,"turns":3.0},{"damage":64.0,"enemies":"Hexaghost","floor":16.0,"turns":13.0},{"damage":35.0,"enemies":"Spheric Guardian","floor":18.0,"turns":4.0},{"damage":0.0,"enemies":"2 Thieves","floor":21.0,"turns":1.0},{"damage":63.0,"enemies":"Cultist and Chosen","floor":22.0,"turns":9.0},{"damage":3.0,"enemies":"Snecko","floor":25.0,"turns":4.0},{"damage":21,"enemies":"Colosseum Slavers","floor":29,"turns":2},{"damage":33,"enemies":"Snake Plant","floor":30,"turns":8},{"damage":0,"enemies":"Centurion and Healer","floor":31,"turns":2},{"damage":46,"enemies":"Champ","floor":33,"turns":9}],"seed_played":"6401760307522683774","potions_obtained":[{"floor":4.0,"key":"AttackPotion"},{"floor":7.0,"key":"SteroidPotion"},{"floor":12.0,"key":"SmokeBomb"},{"floor":18.0,"key":"SkillPotion"},{"floor":30,"key":"Swift Potion"},{"floor":31,"key":"EssenceOfSteel"}],"is_trial":false,"path_per_floor":["?","?","M","?","$","?","?","?","?","?","?"],"character_chosen":"IRONCLAD","items_purchased":["Whirlwind","Flash of Steel","Bloodletting","Flex"],"campfire_rested":2,"item_purchase_floors":[5,5,8,11],"current_hp_per_floor":[80,80,60,66,66,66,72,72,72,72,72,78,71,71,71,13,63,34,34,80,80,23,47,47,50,50,50,50,35,8,18,43,0],"gold":55,"neow_bonus":"THREE_ENEMY_KILL","is_prod":false,"is_daily":false,"chose_seed":false,"campfire_upgraded":3,"win_rate":0,"timestamp":1556259139,"path_taken":["M","?","?","?","$","R","E","$","T","?","?","M","?","?","R","BOSS","M","$","?","M","M","R","?","M","T","?","R","?","M","M","R","BOSS"],"build_version":"2019-01-23","purchased_purges":2,"victory":false,"max_hp_per_floor":[80,80,80,80,80,80,80,80,80,80,80,80,80,80,80,80,80,80,80,80,80,80,80,80,80,80,80,80,80,80,84,84,84],"card_choices":[{"not_picked":["True Grit","Warcry"],"picked":"Flex","floor":1.0},{"not_picked":["Cleave","Spot Weakness"],"picked":"Shrug It Off","floor":4.0},{"not_picked":["Dual Wield","Rupture"],"picked":"Armaments","floor":7.0},{"not_picked":["Anger","Infernal Blade","Blood for Blood"],"picked":"SKIP","floor":12.0},{"not_picked":["Juggernaut","Brutality"],"picked":"Berserk","floor":16.0},{"not_picked":["Perfected Strike","Metallicize"],"picked":"Rupture","floor":18.0},{"not_picked":["Burning Pact","Thunderclap"],"picked":"Shrug It Off+1","floor":22.0},{"not_picked":["Anger","Entrench"],"picked":"Seeing Red","floor":25.0},{"not_picked":["Body Slam","Havoc"],"picked":"Iron Wave","floor":30},{"not_picked":["Heavy Blade","Disarm"],"picked":"Pommel Strike","floor":31}],"player_experience":158065,"relics_obtained":[{"floor":7.0,"key":"Kunai"},{"floor":9.0,"key":"Matryoshka"},{"floor":26.0,"key":"Bag of Marbles"},{"floor":26.0,"key":"Gremlin Horn"}],"event_choices":[{"damage_healed":0.0,"max_hp_gain":0.0,"max_hp_loss":0.0,"gold_gain":175.0,"event_name":"Liars Game","player_choice":"AGREE","floor":2.0,"gold_loss":0.0,"damage_taken":0.0,"cards_obtained":["Doubt"]},{"damage_healed":0.0,"max_hp_gain":0.0,"max_hp_loss":0.0,"gold_gain":0.0,"event_name":"Golden Idol","player_choice":"Take Damage","floor":3.0,"gold_loss":0.0,"damage_taken":20.0,"relics_obtained":["Golden Idol"]},{"damage_healed":0.0,"max_hp_gain":0.0,"max_hp_loss":0.0,"gold_gain":0.0,"cards_transformed":["Strike_R"],"event_name":"Transmorgrifier","player_choice":"Transformed","floor":10.0,"gold_loss":0.0,"damage_taken":0.0,"cards_obtained":["Shrug It Off"]},{"cards_removed":["Defend_R"],"damage_healed":0.0,"max_hp_gain":0.0,"max_hp_loss":0.0,"gold_gain":0.0,"event_name":"Golden Wing","player_choice":"Card Removal","floor":13.0,"gold_loss":0.0,"damage_taken":7.0},{"damage_healed":0.0,"max_hp_gain":0.0,"max_hp_loss":0.0,"gold_gain":0.0,"event_name":"Accursed Blacksmith","player_choice":"Forge","floor":14.0,"gold_loss":0.0,"damage_taken":0.0,"cards_upgraded":["Bloodletting"]},{"cards_removed":["Fire Breathing"],"damage_healed":46.0,"max_hp_gain":0.0,"max_hp_loss":0.0,"gold_gain":0.0,"event_name":"Bonfire Elementals","player_choice":"Offered Uncommon","floor":20.0,"gold_loss":0.0,"damage_taken":0.0},{"damage_healed":0.0,"max_hp_gain":0.0,"max_hp_loss":0.0,"gold_gain":0.0,"event_name":"The Mausoleum","player_choice":"Opened","floor":24.0,"gold_loss":0.0,"damage_taken":0.0,"relics_obtained":["Unceasing Top"],"cards_obtained":["Writhe"]},{"cards_removed":["Writhe"],"damage_healed":0.0,"max_hp_gain":0.0,"max_hp_loss":0.0,"gold_gain":0.0,"event_name":"Beggar","player_choice":"Gave Gold","floor":27.0,"gold_loss":75.0,"damage_taken":0.0},{"damage_healed":0,"gold_gain":0,"player_choice":"Fight","damage_taken":0,"max_hp_gain":0,"max_hp_loss":0,"event_name":"Colosseum","floor":29,"gold_loss":0},{"damage_healed":0,"gold_gain":0,"player_choice":"Fled From Nobs","damage_taken":0,"max_hp_gain":0,"max_hp_loss":0,"event_name":"Colosseum","floor":29,"gold_loss":0}],"is_beta":false,"boss_relics":[{"not_picked":["Eternal Feather","Coffee Dripper"],"picked":"Pandora\u0027s Box"}],"items_purged_floors":[5,19],"is_endless":false,"potions_floor_spawned":[4,7,12,18,21,30,31],"killed_by":"Champ","ascension_level":5}