{"gold_per_floor":[114,189,201,211,211,211,230,230,230,261,261,261,296,296,296,296],"floor_reached":16,"playtime":714,"items_purged":[],"score":189,"play_id":"e4388ac1-d887-4afd-af35-67bb77cff7a3","local_time":"20190430183320","is_ascension_mode":true,"campfire_choices":[{"data":"Zap","floor":6.0,"key":"SMITH"},{"data":"Dualcast","floor":8.0,"key":"SMITH"},{"floor":11.0,"key":"REST"},{"floor":15,"key":"REST"}],"neow_cost":"NONE","seed_source_timestamp":89025431734977,"circlet_count":0,"master_deck":["AscendersBane","Strike_B","Strike_B","Strike_B","Strike_B","Defend_B","Defend_B","Defend_B","Defend_B","Zap+1","Dualcast+1","Gash","Blizzard","Compile Driver","Gash","Storm","Rebound"],"special_seed":0,"relics":["Cracked Core","Anchor","Golden Idol","Bird Faced Urn","Calipers","Boot"],"potions_floor_usage":[13,16],"damage_taken":[{"damage":0.0,"enemies":"Small Slimes","floor":1.0,"turns":3.0},{"damage":0.0,"enemies":"2 Louse","floor":3.0,"turns":2.0},{"damage":1.0,"enemies":"Cultist","floor":4.0,"turns":4.0},{"damage":3.0,"enemies":"Blue Slaver","floor":7.0,"turns":3.0},{"damage":37.0,"enemies":"Lagavulin","floor":10.0,"turns":8.0},{"damage":25,"enemies":"3 Sentries","floor":13,"turns":6},{"damage":45,"enemies":"The Guardian","floor":16,"turns":8}],"seed_played":"-2874928701958799389","potions_obtained":[{"floor":3.0,"key":"AttackPotion"},{"floor":7.0,"key":"FairyPotion"},{"floor":10.0,"key":"FocusPotion"},{"floor":13,"key":"Block Potion"}],"is_trial":false,"path_per_floor":["M","?","M","M","?","R","M","R","T","E","R","?","E","?","R","B"],"character_chosen":"DEFECT","items_purchased":[],"campfire_rested":2,"item_purchase_floors":[],"current_hp_per_floor":[64,53,53,52,52,52,49,49,49,12,33,38,15,8,30,0],"gold":296,"neow_bonus":"RANDOM_COMMON_RELIC","is_prod":false,"is_daily":false,"chose_seed":false,"campfire_upgraded":2,"win_rate":0,"timestamp":1556674400,"path_taken":["M","?","M","M","?","R","M","R","T","E","R","?","E","?","R","BOSS"],"build_version":"2019-01-23","purchased_purges":0,"victory":false,"max_hp_per_floor":[71,71,71,71,71,71,71,71,71,71,71,76,76,76,76,76],"card_choices":[{"not_picked":["Go for the Eyes","Cold Snap"],"picked":"Gash","floor":1.0},{"not_picked":["Double Energy","Turbo"],"picked":"Blizzard","floor":3.0},{"not_picked":["Amplify","Consume"],"picked":"Compile Driver","floor":4.0},{"not_picked":["Leap","Coolheaded"],"picked":"Gash","floor":7.0},{"not_picked":["Aggregate","Reinforced Body"],"picked":"Storm","floor":10.0},{"not_picked":["Turbo","Sweeping Beam"],"picked":"Rebound","floor":13}],"player_experience":615940,"relics_obtained":[{"floor":9.0,"key":"Bird Faced Urn"},{"floor":10.0,"key":"Calipers"},{"floor":13,"key":"Boot"}],"event_choices":[{"damage_healed":0.0,"max_hp_gain":0.0,"max_hp_loss":0.0,"gold_gain":75.0,"event_name":"World of Goop","player_choice":"Gather Gold","floor":2.0,"gold_loss":0.0,"damage_taken":11.0},{"damage_healed":0.0,"max_hp_gain":0.0,"max_hp_loss":0.0,"gold_gain":0.0,"event_name":"Golden Idol","player_choice":"Take Wound","floor":5.0,"gold_loss":0.0,"damage_taken":0.0,"relics_obtained":["Golden Idol"],"cards_obtained":["Injury"]},{"damage_healed":0.0,"max_hp_gain":5.0,"max_hp_loss":0.0,"gold_gain":0.0,"event_name":"Big Fish","player_choice":"Donut","floor":12.0,"gold_loss":0.0,"damage_taken":0.0},{"cards_removed":["Injury"],"damage_healed":0,"gold_gain":0,"player_choice":"Card Removal","damage_taken":7,"max_hp_gain":0,"max_hp_loss":0,"event_name":"Golden Wing","floor":14,"gold_loss":0}],"is_beta":false,"boss_relics":[],"items_purged_floors":[],"is_endless":false,"potions_floor_spawned":[3,7,10,13],"killed_by":"The Guardian","ascension_level":15}