{"gold_per_floor":[118,43,43,43,43,72,72,107,157,157,157],"floor_reached":11,"playtime":402,"items_purged":[],"score":254,"play_id":"2ba7a1ff-a115-4606-9e58-826c9aa4d329","local_time":"20190403202535","is_ascension_mode":true,"campfire_choices":[{"data":"Neutralize","floor":7,"key":"SMITH"},{"floor":10,"key":"REST"}],"neow_cost":"NONE","seed_source_timestamp":600415169404325,"circlet_count":0,"master_deck":["AscendersBane","Defend_G","Defend_G","Defend_G","Defend_G","Defend_G","Strike_G","Strike_G","Strike_G","Survivor","Neutralize+1","Deflect","Regret","Footwork","Dodge and Roll","Dagger Spray"],"relics":["Ring of the Snake","NeowsBlessing","The Courier","Pen Nib","Bird Faced Urn","Anchor","Snake Skull"],"potions_floor_usage":[],"damage_taken":[{"damage":0,"enemies":"Small Slimes","floor":1,"turns":1},{"damage":0,"enemies":"Gremlin Nob","floor":6,"turns":1},{"damage":2,"enemies":"3 Sentries","floor":8,"turns":2},{"damage":47,"enemies":"Lagavulin","floor":11,"turns":10}],"seed_played":"971780609340442868","potions_obtained":[],"is_trial":false,"path_per_floor":["M","?","?","?","?","E","R","E","T","R","E"],"character_chosen":"THE_SILENT","items_purchased":[],"campfire_rested":1,"item_purchase_floors":[],"current_hp_per_floor":[59,59,59,24,24,24,24,22,22,41,0],"gold":157,"neow_bonus":"THREE_ENEMY_KILL","is_prod":false,"is_daily":false,"chose_seed":false,"campfire_upgraded":1,"win_rate":0,"timestamp":1554315935,"path_taken":["M","?","?","?","?","E","R","E","T","R","E"],"build_version":"2019-01-23","purchased_purges":0,"victory":false,"max_hp_per_floor":[66,66,66,66,66,66,66,66,66,66,66],"card_choices":[{"not_picked":["Slice","Choke"],"picked":"Deflect","floor":1},{"not_picked":["Sucker Punch","Dagger Throw"],"picked":"Dodge and Roll","floor":6},{"not_picked":["Dodge and Roll","Flying Knee"],"picked":"Dagger Spray","floor":8}],"player_experience":3018780,"relics_obtained":[{"floor":6,"key":"Bird Faced Urn"},{"floor":8,"key":"Anchor"},{"floor":9,"key":"Snake Skull"}],"event_choices":[{"cards_removed":["Strike_G"],"damage_healed":0,"gold_gain":0,"player_choice":"Card Removal","damage_taken":0,"max_hp_gain":0,"max_hp_loss":0,"event_name":"The Cleric","floor":2,"gold_loss":75},{"damage_healed":0,"gold_gain":0,"player_choice":"Box","damage_taken":0,"relics_obtained":["The Courier"],"max_hp_gain":0,"max_hp_loss":0,"event_name":"Big Fish","floor":3,"gold_loss":0,"cards_obtained":["Regret"]},{"damage_healed":0,"gold_gain":0,"player_choice":"Success","damage_taken":35,"relics_obtained":["Pen Nib"],"max_hp_gain":0,"max_hp_loss":0,"event_name":"Scrap Ooze","floor":4,"gold_loss":0},{"damage_healed":0,"gold_gain":0,"cards_transformed":["Strike_G"],"player_choice":"Transformed","damage_taken":0,"max_hp_gain":0,"max_hp_loss":0,"event_name":"Transmorgrifier","floor":5,"gold_loss":0,"cards_obtained":["Footwork"]}],"is_beta":false,"boss_relics":[],"items_purged_floors":[],"is_endless":false,"potions_floor_spawned":[],"killed_by":"Lagavulin","ascension_level":20}