{"gold_per_floor":[116,127,127,27,27,57,57,57,57,71,81,81,112,132,132,229,229,245,170,80,92,104,136,136,148,148,148],"floor_reached":27,"playtime":1174,"items_purged":["Strike_G"],"score":295,"play_id":"d6258800-0969-4b8e-a5e7-c084ece174d1","local_time":"20190419140145","is_ascension_mode":true,"campfire_choices":[{"data":"Cloak And Dagger","floor":7,"key":"SMITH"},{"data":"Accuracy","floor":12,"key":"SMITH"},{"floor":15,"key":"REST"},{"floor":24,"key":"REST"}],"neow_cost":"NONE","seed_source_timestamp":464181709755204,"circlet_count":0,"master_deck":["Defend_G","Defend_G","Defend_G","Defend_G","Defend_G","Strike_G","Strike_G","Survivor","Neutralize","Deadly Poison+1","Cloak And Dagger+1","Blade Dance+1","Accuracy+1","Choke","Endless Agony","Blade Dance","Dagger Throw","Malaise+1","Quick Slash+1","Accuracy","Terror"],"relics":["Ring of the Snake","NeowsBlessing","Vajra","Blue Candle","Boot","PreservedInsect","HoveringKite","Mercury Hourglass","War Paint"],"potions_floor_usage":[22,23,27],"damage_taken":[{"damage":0,"enemies":"Small Slimes","floor":1,"turns":1},{"damage":0,"enemies":"Cultist","floor":2,"turns":1},{"damage":0,"enemies":"Lagavulin","floor":6,"turns":1},{"damage":1,"enemies":"Jaw Worm","floor":10,"turns":3},{"damage":10,"enemies":"Gremlin Gang","floor":11,"turns":4},{"damage":18,"enemies":"Gremlin Nob","floor":13,"turns":3},{"damage":8,"enemies":"Looter","floor":14,"turns":2},{"damage":26,"enemies":"Slime Boss","floor":16,"turns":9},{"damage":7,"enemies":"Shell Parasite","floor":18,"turns":7},{"damage":19,"enemies":"2 Thieves","floor":21,"turns":5},{"damage":20,"enemies":"Cultist and Chosen","floor":22,"turns":7},{"damage":20,"enemies":"Slavers","floor":23,"turns":5},{"damage":12,"enemies":"Centurion and Healer","floor":25,"turns":5},{"damage":13,"enemies":"Snecko","floor":27,"turns":5}],"seed_played":"6954235174481800035","potions_obtained":[{"floor":2,"key":"Regen Potion"},{"floor":10,"key":"GhostInAJar"},{"floor":14,"key":"Strength Potion"},{"floor":16,"key":"Swift Potion"}],"is_trial":false,"path_per_floor":["?","$","?","M","?","M"],"character_chosen":"THE_SILENT","items_purchased":["Blade Dance","Accuracy"],"campfire_rested":2,"item_purchase_floors":[4,4],"current_hp_per_floor":[70,70,70,70,70,70,70,70,70,69,59,59,41,33,54,28,70,63,63,63,44,24,4,25,13,13,0],"gold":148,"neow_bonus":"THREE_ENEMY_KILL","is_prod":false,"is_daily":false,"chose_seed":false,"campfire_upgraded":2,"win_rate":0,"timestamp":1555675305,"path_taken":["M","M","?","?","$","E","R","?","T","M","?","R","E","M","R","BOSS","M","$","?","M","?","E","R","M","T","M"],"build_version":"2019-01-23","purchased_purges":1,"victory":false,"max_hp_per_floor":[70,70,70,70,70,70,70,70,70,70,70,70,70,70,70,70,70,70,70,70,70,70,70,70,70,70,70],"card_choices":[{"not_picked":["Acrobatics","Prepared"],"picked":"Deadly Poison","floor":1},{"not_picked":["Blade Dance","Deadly Poison"],"picked":"Cloak And Dagger","floor":2},{"not_picked":["Predator","Setup","Underhanded Strike"],"picked":"SKIP","floor":6},{"not_picked":["Choke","Poisoned Stab"],"picked":"Endless Agony","floor":10},{"not_picked":["Slice","Doppelganger"],"picked":"Blade Dance","floor":11},{"not_picked":["Flying Knee","Dodge and Roll","Quick Slash"],"picked":"SKIP","floor":13},{"not_picked":["Deflect","Heel Hook"],"picked":"Dagger Throw","floor":14},{"not_picked":["Glass Knife","Grand Finale"],"picked":"Malaise","floor":16},{"not_picked":["Calculated Gamble+1","Slice","Quick Slash"],"picked":"SKIP","floor":18},{"not_picked":["Deflect","Bane","Acrobatics"],"picked":"SKIP","floor":21},{"not_picked":["Endless Agony","Bouncing Flask"],"picked":"Quick Slash+1","floor":22},{"not_picked":["Slice","Quick Slash+1"],"picked":"Accuracy","floor":23},{"not_picked":["Slice","Flying Knee+1"],"picked":"Terror","floor":25}],"player_experience":113023,"relics_obtained":[{"floor":6,"key":"Blue Candle"},{"floor":9,"key":"Boot"},{"floor":13,"key":"PreservedInsect"},{"floor":23,"key":"Mercury Hourglass"},{"floor":26,"key":"War Paint"}],"event_choices":[{"damage_healed":0,"gold_gain":0,"player_choice":"Gave Potion","damage_taken":0,"relics_obtained":["Vajra"],"max_hp_gain":0,"max_hp_loss":0,"event_name":"WeMeetAgain","floor":3,"gold_loss":0},{"damage_healed":0,"gold_gain":0,"cards_transformed":["Strike_G"],"player_choice":"Transformed","damage_taken":0,"max_hp_gain":0,"max_hp_loss":0,"event_name":"Transmorgrifier","floor":8,"gold_loss":0,"cards_obtained":["Choke"]},{"cards_removed":["Strike_G"],"damage_healed":0,"gold_gain":0,"player_choice":"Upgrade and Remove","damage_taken":0,"max_hp_gain":0,"max_hp_loss":0,"event_name":"Designer","floor":20,"gold_loss":90,"cards_upgraded":["Blade Dance"]}],"is_beta":false,"boss_relics":[{"not_picked":["Ring of the Serpent","Snecko Eye"],"picked":"HoveringKite"}],"items_purged_floors":[19],"is_endless":false,"potions_floor_spawned":[2,10,14,16,18],"killed_by":"Snecko","ascension_level":2}