{"gold_per_floor":[119,138,138,148,165,165,191,191,244,244,275,35,53,73,73,178,178,188,188],"floor_reached":19,"playtime":792,"items_purged":["Strike_R"],"score":197,"play_id":"c7e7f521-2add-4635-92fc-20c5c841d44a","local_time":"20190419075802","is_ascension_mode":true,"campfire_choices":[{"data":"Metallicize","floor":6.0,"key":"SMITH"},{"data":"Body Slam","floor":8.0,"key":"SMITH"},{"floor":15.0,"key":"REST"}],"neow_cost":"NONE","seed_source_timestamp":0,"circlet_count":0,"master_deck":["Strike_R","Strike_R+1","Strike_R","Defend_R","Defend_R+1","Defend_R","Defend_R","Bash","Iron Wave","Metallicize+1","Body Slam+1","Pommel Strike","Double Tap","Iron Wave"],"special_seed":0,"relics":["Burning Blood","Gremlin Horn","Centennial Puzzle","Bag of Marbles","Membership Card","Coffee Dripper"],"potions_floor_usage":[],"damage_taken":[{"damage":9.0,"enemies":"Jaw Worm","floor":1.0,"turns":5.0},{"damage":5.0,"enemies":"2 Louse","floor":2.0,"turns":3.0},{"damage":5.0,"enemies":"Small Slimes","floor":4.0,"turns":4.0},{"damage":1.0,"enemies":"Looter","floor":5.0,"turns":4.0},{"damage":25.0,"enemies":"Lagavulin","floor":7.0,"turns":8.0},{"damage":15.0,"enemies":"3 Sentries","floor":11.0,"turns":10.0},{"damage":0.0,"enemies":"Exordium Thugs","floor":13.0,"turns":3.0},{"damage":10.0,"enemies":"2 Fungi Beasts","floor":14.0,"turns":3.0},{"damage":60.0,"enemies":"The Guardian","floor":16.0,"turns":18.0},{"damage":31.0,"enemies":"Spheric Guardian","floor":18.0,"turns":6.0}],"seed_played":"-980207972837068115","potions_obtained":[{"floor":1.0,"key":"Strength Potion"},{"floor":7.0,"key":"Poison Potion"},{"floor":11.0,"key":"Explosive Potion"},{"floor":16.0,"key":"Ancient Potion"}],"is_trial":false,"path_per_floor":["?","?"],"character_chosen":"IRONCLAD","items_purchased":["Membership Card"],"campfire_rested":1,"item_purchase_floors":[12],"current_hp_per_floor":[85,86,68,69,74,74,55,55,55,48,39,39,45,41,67,13,88,63,63],"gold":188,"neow_bonus":"TEN_PERCENT_HP_BONUS","is_prod":false,"is_daily":false,"chose_seed":false,"campfire_upgraded":2,"win_rate":0,"timestamp":1555653482,"path_taken":["M","M","?","M","M","R","E","R","T","?","E","$","M","M","R","BOSS","M","$"],"build_version":"2019-01-23","purchased_purges":1,"victory":false,"max_hp_per_floor":[88,88,88,88,88,88,88,88,88,88,88,88,88,88,88,88,88,88,88],"card_choices":[{"not_picked":["Warcry","Cleave"],"picked":"Iron Wave","floor":1.0},{"not_picked":["Evolve","Heavy Blade","Wild Strike"],"picked":"SKIP","floor":2.0},{"not_picked":["Feel No Pain","Headbutt","Carnage"],"picked":"SKIP","floor":4.0},{"not_picked":["Cleave","Havoc"],"picked":"Metallicize","floor":5.0},{"not_picked":["Iron Wave","Searing Blow"],"picked":"Body Slam","floor":7.0},{"not_picked":["Corruption","Cleave"],"picked":"Pommel Strike","floor":11.0},{"not_picked":["Shrug It Off","Cleave"],"picked":"Double Tap","floor":13.0},{"not_picked":["Anger","Flex","Twin Strike"],"picked":"SKIP","floor":14.0},{"not_picked":["Cleave","Bloodletting"],"picked":"Iron Wave","floor":18.0}],"player_experience":100452,"relics_obtained":[{"floor":7.0,"key":"Gremlin Horn"},{"floor":9.0,"key":"Centennial Puzzle"},{"floor":11.0,"key":"Bag of Marbles"}],"event_choices":[{"damage_healed":0.0,"max_hp_gain":0.0,"max_hp_loss":0.0,"gold_gain":0.0,"event_name":"Shining Light","player_choice":"Entered Light","floor":3.0,"gold_loss":0.0,"damage_taken":18.0,"cards_upgraded":["Strike_R","Defend_R"]},{"cards_removed":["Strike_R"],"damage_healed":0.0,"max_hp_gain":0.0,"max_hp_loss":0.0,"gold_gain":0.0,"event_name":"Golden Wing","player_choice":"Card Removal","floor":10.0,"gold_loss":0.0,"damage_taken":7.0}],"is_beta":false,"boss_relics":[{"not_picked":["Sozu","Ectoplasm"],"picked":"Coffee Dripper"}],"items_purged_floors":[12],"is_endless":false,"potions_floor_spawned":[1,7,11,16],"ascension_level":2}