{"gold_per_floor":[109,123,139,158,158,158,158,189,215,228,77,47,47,76,76,76],"floor_reached":16,"playtime":2452,"items_purged":["Strike_G"],"score":220,"play_id":"c3ef99eb-d80d-4c02-a51f-9bd391db7495","local_time":"20190122203014","is_ascension_mode":true,"campfire_choices":[{"data":"Neutralize","floor":6,"key":"SMITH"},{"floor":13,"key":"REST"},{"data":"Catalyst","floor":15,"key":"SMITH"}],"neow_cost":"NONE","seed_source_timestamp":1039088451939605,"circlet_count":0,"master_deck":["AscendersBane","Defend_G","Defend_G","Defend_G","Defend_G","Defend_G","Strike_G","Strike_G","Strike_G","Survivor","Neutralize+1","Heel Hook","Dagger Throw","Deadly Poison","Catalyst+1","Backflip","Bouncing Flask","Backflip","Deadly Poison","Sucker Punch","PiercingWail"],"relics":["Ring of the Snake","Happy Flower","Bronze Scales","Oddly Smooth Stone","Mummified Hand"],"potions_floor_usage":[4,8,14,16,16],"damage_taken":[{"damage":1,"enemies":"Cultist","floor":1,"turns":5},{"damage":2,"enemies":"Jaw Worm","floor":2,"turns":6},{"damage":0,"enemies":"2 Louse","floor":3,"turns":4},{"damage":11,"enemies":"Gremlin Gang","floor":4,"turns":7},{"damage":30,"enemies":"Gremlin Nob","floor":8,"turns":4},{"damage":5,"enemies":"Looter","floor":10,"turns":3},{"damage":6,"enemies":"Lagavulin","floor":14,"turns":4},{"damage":23,"enemies":"Slime Boss","floor":16,"turns":6}],"seed_played":"-8108111042808217966","potions_obtained":[{"floor":3,"key":"GhostInAJar"},{"floor":4,"key":"Poison Potion"},{"floor":12,"key":"AttackPotion"},{"floor":12,"key":"GhostInAJar"},{"floor":14,"key":"LiquidBronze"}],"is_trial":false,"path_per_floor":["M","M","M","M","?","R","?","E","T","M","$","?","R","E","R","B"],"character_chosen":"THE_SILENT","items_purchased":["Deadly Poison","Sucker Punch"],"campfire_rested":1,"item_purchase_floors":[11,11],"current_hp_per_floor":[58,56,56,45,45,45,45,15,15,10,10,10,29,23,23,0],"gold":76,"neow_bonus":"TRANSFORM_CARD","is_prod":false,"is_daily":false,"chose_seed":false,"campfire_upgraded":2,"win_rate":0,"timestamp":1548185414,"path_taken":["M","?","M","M","?","R","?","E","T","?","$","?","R","E","R","BOSS"],"build_version":"2019-01-17v2","purchased_purges":1,"victory":false,"max_hp_per_floor":[66,66,66,66,66,66,66,66,66,66,66,66,66,66,66,66],"card_choices":[{"not_picked":["Endless Agony","Prepared"],"picked":"Dagger Throw","floor":1},{"not_picked":["Outmaneuver","Escape Plan"],"picked":"Deadly Poison","floor":2},{"not_picked":["Riddle With Holes","Dagger Throw"],"picked":"Catalyst","floor":3},{"not_picked":["Slice","Predator"],"picked":"Backflip","floor":4},{"not_picked":["Bane","Grand Finale"],"picked":"Bouncing Flask","floor":8},{"not_picked":["Dodge and Roll","Escape Plan"],"picked":"Backflip","floor":10},{"not_picked":["Dodge and Roll","Sucker Punch"],"picked":"PiercingWail","floor":14}],"player_experience":2678297,"relics_obtained":[{"floor":8,"key":"Bronze Scales"},{"floor":9,"key":"Oddly Smooth Stone"},{"floor":14,"key":"Mummified Hand"}],"event_choices":[{"damage_healed":0,"gold_gain":0,"player_choice":"Box","damage_taken":0,"relics_obtained":["Happy Flower"],"max_hp_gain":0,"max_hp_loss":0,"event_name":"Big Fish","floor":5,"gold_loss":0,"cards_obtained":["Regret"]},{"cards_removed":["Regret"],"damage_healed":0,"gold_gain":0,"player_choice":"Purged","damage_taken":0,"max_hp_gain":0,"max_hp_loss":0,"event_name":"Purifier","floor":7,"gold_loss":0},{"damage_healed":0,"gold_gain":0,"player_choice":"Bought 2 Potions","damage_taken":0,"max_hp_gain":0,"max_hp_loss":0,"event_name":"The Woman in Blue","floor":12,"gold_loss":0}],"is_beta":false,"boss_relics":[],"items_purged_floors":[11],"is_endless":false,"potions_floor_spawned":[3,4,14],"killed_by":"Slime Boss","ascension_level":20}