{"path_per_floor":["M","?","M","M","?","E","M","R","T","$","M","R","T","M","R","B",null,"M","?","?","$","M","R"],"character_chosen":"IRONCLAD","items_purchased":["Bludgeon","Bag of Preparation","Pear","Anger"],"gold_per_floor":[118,118,132,143,143,178,198,198,198,42,59,59,359,377,377,477,477,494,494,494,50,70,70,70],"floor_reached":24,"campfire_rested":3,"playtime":1932,"current_hp_per_floor":[80,85,81,83,83,62,55,55,55,55,48,73,73,66,85,70,85,66,42,26,36,17,32,0],"items_purged":[],"gold":70,"score":222,"play_id":"021981e5-6487-4408-91df-6d9e8add111d","local_time":"20180408163348","is_prod":false,"is_daily":false,"is_ascension_mode":false,"campfire_upgraded":1,"timestamp":1523219628,"path_taken":["M","?","?","M","?","E","M","R","T","?","M","R","?","M","R","BOSS","M","?","?","$","M","R","E"],"build_version":"2018-04-05v2","purchased_purges":0,"victory":false,"master_deck":["Strike_R+1","Strike_R","Strike_R","Strike_R","Defend_R","Defend_R","Defend_R","Defend_R","Bash","Brutality","Cleave+1","Flex","Cleave+1","Rupture","Carnage","Bludgeon","Anger","Double Tap","Berserk","Ghostly","Ghostly","Ghostly","Ghostly","Ghostly","Anger","Anger"],"max_hp_per_floor":[80,85,85,85,85,85,85,85,85,85,85,85,85,85,85,85,85,85,42,42,52,52,52,52],"relics":["Burning Blood","Whetstone","Gambling Chip","Old Coin","Runic Cube","Nilry\u0027s Codex","Bag of Preparation","Pear"],"card_choices":[{"not_picked":["Bloodletting","Second Wind"],"picked":"Cleave","floor":1},{"not_picked":["Infernal Blade","Warcry"],"picked":"Flex","floor":3},{"not_picked":["Anger","Pommel Strike"],"picked":"Cleave","floor":4},{"not_picked":["Sword Boomerang","Second Wind"],"picked":"Rupture","floor":6},{"not_picked":["Thunderclap","Iron Wave"],"picked":"Carnage","floor":7},{"not_picked":["Bloodletting","Headbutt"],"picked":"Anger","floor":11},{"not_picked":["Shrug It Off","Pommel Strike"],"picked":"Double Tap","floor":14},{"not_picked":["Offering","Impervious"],"picked":"Berserk","floor":16},{"not_picked":["Ghostly Armor","Searing Blow"],"picked":"Anger","floor":22}],"player_experience":20312,"potions_floor_usage":[24],"damage_taken":[{"damage":6,"enemies":"2 Louse","floor":1,"turns":4},{"damage":10,"enemies":"Small Slimes","floor":3,"turns":5},{"damage":4,"enemies":"Cultist","floor":4,"turns":4},{"damage":27,"enemies":"3 Sentries","floor":6,"turns":7},{"damage":13,"enemies":"Looter","floor":7,"turns":4},{"damage":13,"enemies":"Red Slaver","floor":11,"turns":2},{"damage":13,"enemies":"Exordium Wildlife","floor":14,"turns":3},{"damage":21,"enemies":"Slime Boss","floor":16,"turns":8},{"damage":25,"enemies":"Spheric Guardian","floor":18,"turns":4},{"damage":29,"enemies":"Shell Parasite","floor":22,"turns":7},{"damage":38,"enemies":"Slavers","floor":24,"turns":5}],"event_choices":[{"event_name":"Big Fish","player_choice":"Donut","floor":2,"damage_taken":0},{"event_name":"Living Wall","player_choice":"Forget","floor":5,"damage_taken":0},{"event_name":"Ghosts","player_choice":"Became a Ghost","floor":19,"damage_taken":0},{"event_name":"Cursed Tome","player_choice":"Obtained Book","floor":20,"damage_taken":0}],"boss_relics":[{"not_picked":["Orrery","White Beast Statue"],"picked":"Runic Cube"}],"potions_floor_spawned":[4,6,7],"seed_played":"-3847967217135613601","killed_by":"Slavers","ascension_level":0,"is_trial":false}