{"gold_per_floor":[111,111,128,51,68,98,98,98,98,98,98,115,115,131,131,229,229,245,258,258,258,268,268,284,284,284,314,314,349,349,349],"floor_reached":31,"playtime":1129,"items_purged":[],"score":369,"play_id":"9bc297ad-37f2-4c6d-8c7a-2a59ca9fb956","local_time":"20190506182157","is_ascension_mode":true,"campfire_choices":[{"data":"Neutralize","floor":7,"key":"SMITH"},{"floor":13,"key":"REST"},{"floor":15,"key":"REST"},{"floor":23,"key":"REST"},{"floor":25,"key":"REST"},{"floor":28,"key":"REST"}],"neow_cost":"NONE","seed_source_timestamp":891960304981331,"circlet_count":0,"master_deck":["Defend_G","Defend_G","Defend_G+1","Defend_G","Strike_G","Strike_G","Strike_G","Strike_G","Survivor","Neutralize+1","Backflip","After Image","Flying Knee+1","Noxious Fumes","Well Laid Plans","Heel Hook","Sucker Punch","Blur","Corpse Explosion","Bouncing Flask+1","Leg Sweep","Cloak And Dagger","Dagger Spray+1"],"relics":["Ring of the Snake","NeowsBlessing","Dead Branch","Bottled Tornado","GremlinMask","Cursed Key","Enchiridion","Bag of Preparation","The Courier"],"potions_floor_usage":[16,30],"damage_taken":[{"damage":0,"enemies":"2 Louse","floor":1,"turns":1},{"damage":0,"enemies":"Cultist","floor":3,"turns":1},{"damage":0,"enemies":"Small Slimes","floor":5,"turns":1},{"damage":37,"enemies":"3 Sentries","floor":6,"turns":10},{"damage":0,"enemies":"Looter","floor":12,"turns":4},{"damage":5,"enemies":"Large Slime","floor":14,"turns":6},{"damage":4,"enemies":"Hexaghost","floor":16,"turns":13},{"damage":12,"enemies":"3 Byrds","floor":18,"turns":3},{"damage":9,"enemies":"Chosen","floor":19,"turns":5},{"damage":15,"enemies":"Snecko","floor":22,"turns":4},{"damage":27,"enemies":"Shelled Parasite and Fungi","floor":24,"turns":6},{"damage":21,"enemies":"Slavers","floor":27,"turns":3},{"damage":24,"enemies":"Gremlin Leader","floor":29,"turns":7},{"damage":1,"enemies":"Colosseum Slavers","floor":30,"turns":2},{"damage":4,"enemies":"Cultist and Chosen","floor":31,"turns":1}],"seed_played":"-1895229751687799201","potions_obtained":[{"floor":3,"key":"FearPotion"},{"floor":12,"key":"SkillPotion"},{"floor":14,"key":"Weak Potion"},{"floor":19,"key":"Poison Potion"},{"floor":29,"key":"SmokeBomb"}],"is_trial":false,"path_per_floor":["?","M","?","?","?","?","?","?"],"character_chosen":"THE_SILENT","items_purchased":["Noxious Fumes"],"campfire_rested":5,"item_purchase_floors":[4],"current_hp_per_floor":[63,63,63,63,63,26,26,26,26,12,12,12,33,28,49,45,64,52,43,27,27,12,33,6,27,27,6,27,3,2,0],"gold":349,"neow_bonus":"THREE_ENEMY_KILL","is_prod":false,"is_daily":false,"chose_seed":false,"campfire_upgraded":1,"win_rate":0,"timestamp":1557159717,"path_taken":["M","?","M","$","?","E","R","?","T","?","?","M","R","M","R","BOSS","M","M","?","?","M","R","M","R","T","E","R","E","?","M"],"build_version":"2019-01-23","purchased_purges":0,"victory":false,"max_hp_per_floor":[70,70,70,70,70,70,70,70,70,70,70,70,70,70,70,70,70,70,70,70,70,70,70,70,70,70,70,70,70,70,70],"card_choices":[{"not_picked":["Underhanded Strike","Poisoned Stab"],"picked":"Backflip","floor":1},{"not_picked":["Bane","Sucker Punch"],"picked":"Flying Knee","floor":3},{"not_picked":["Quick Slash","Bouncing Flask"],"picked":"Well Laid Plans","floor":5},{"not_picked":["Outmaneuver","Dodge and Roll"],"picked":"Heel Hook","floor":6},{"not_picked":["Grand Finale","Dagger Spray"],"picked":"Sucker Punch","floor":12},{"not_picked":["Backstab","Terror"],"picked":"Blur","floor":14},{"not_picked":["Glass Knife","Envenom"],"picked":"Corpse Explosion","floor":16},{"not_picked":["Outmaneuver+1","Slice"],"picked":"Bouncing Flask+1","floor":18},{"not_picked":["Slice","Dodge and Roll","Flechettes+1"],"picked":"SKIP","floor":19},{"not_picked":["Bane+1","PiercingWail"],"picked":"Leg Sweep","floor":22},{"not_picked":["Setup","Acrobatics"],"picked":"Cloak And Dagger","floor":24},{"not_picked":["Reflex","Escape Plan"],"picked":"Dagger Spray+1","floor":27},{"not_picked":["Storm of Steel","Blade Dance+1","Flying Knee"],"picked":"SKIP","floor":29}],"player_experience":240679,"relics_obtained":[{"floor":6,"key":"Dead Branch"},{"floor":9,"key":"Bottled Tornado"},{"floor":20,"key":"Enchiridion"},{"floor":27,"key":"Bag of Preparation"},{"floor":29,"key":"The Courier"}],"event_choices":[{"damage_healed":0,"gold_gain":0,"cards_transformed":["Strike_G"],"player_choice":"Transformed","damage_taken":0,"max_hp_gain":0,"max_hp_loss":0,"event_name":"Transmorgrifier","floor":2,"gold_loss":0,"cards_obtained":["After Image"]},{"cards_removed":["Defend_G"],"damage_healed":0,"gold_gain":0,"player_choice":"Forget","damage_taken":0,"max_hp_gain":0,"max_hp_loss":0,"event_name":"Living Wall","floor":8,"gold_loss":0},{"damage_healed":0,"gold_gain":0,"player_choice":"Entered Light","damage_taken":14,"max_hp_gain":0,"max_hp_loss":0,"event_name":"Shining Light","floor":10,"gold_loss":0,"cards_upgraded":["Flying Knee","Defend_G"]},{"damage_healed":0,"gold_gain":0,"player_choice":"Trade","damage_taken":0,"relics_obtained":["GremlinMask"],"max_hp_gain":0,"max_hp_loss":0,"event_name":"FaceTrader","floor":11,"gold_loss":0},{"damage_healed":0,"gold_gain":0,"player_choice":"Obtained Book","damage_taken":16,"max_hp_gain":0,"max_hp_loss":0,"event_name":"Cursed Tome","floor":20,"gold_loss":0},{"damage_healed":0,"gold_gain":0,"player_choice":"Ignored","damage_taken":0,"max_hp_gain":0,"max_hp_loss":0,"event_name":"Ghosts","floor":21,"gold_loss":0},{"damage_healed":0,"gold_gain":0,"player_choice":"Fight","damage_taken":0,"max_hp_gain":0,"max_hp_loss":0,"event_name":"Colosseum","floor":30,"gold_loss":0},{"damage_healed":0,"gold_gain":0,"player_choice":"Fled From Nobs","damage_taken":0,"max_hp_gain":0,"max_hp_loss":0,"event_name":"Colosseum","floor":30,"gold_loss":0}],"is_beta":false,"boss_relics":[{"not_picked":["Coffee Dripper","Velvet Choker"],"picked":"Cursed Key"}],"items_purged_floors":[],"is_endless":false,"potions_floor_spawned":[3,12,14,19,24,29,30],"killed_by":"Cultist and Chosen","ascension_level":7}