{"gold_per_floor":[11,26,101,113,113,113,113,127,150,184,184,203,203,221,221,326,326,340,340,360,241,441,441,451,451,532,542,542,556,556,567,567,671,671,685,685,704,704,482,482,482,493,518,85,115,130,19,39,39,39],"floor_reached":51,"playtime":2799,"items_purged":[],"score":829,"play_id":"1ecb1b1e-71d0-4d11-949f-35197655524d","local_time":"20190425193559","is_ascension_mode":true,"campfire_choices":[{"data":"Cloak And Dagger","floor":6.0,"key":"SMITH"},{"data":"PiercingWail","floor":7.0,"key":"SMITH"},{"data":"Cloak And Dagger","floor":11.0,"key":"SMITH"},{"data":"Neutralize","floor":13.0,"key":"SMITH"},{"floor":15.0,"key":"REST"},{"data":"Adrenaline","floor":23.0,"key":"SMITH"},{"data":"After Image","floor":25.0,"key":"SMITH"},{"floor":30.0,"key":"REST"},{"floor":32.0,"key":"REST"},{"data":"Adrenaline","floor":40.0,"key":"SMITH"},{"floor":49.0,"key":"REST"}],"neow_cost":"NO_GOLD","seed_source_timestamp":0,"circlet_count":0,"master_deck":["Survivor","Neutralize+1","Cloak And Dagger+1","PiercingWail+1","Poisoned Stab","Cloak And Dagger+1","Choke","Flying Knee","PiercingWail","Burst","Blade Dance","Adrenaline+1","Venomology","After Image+1","Caltrops","Backflip","Choke","After Image","Dodge and Roll+1","Deflect+1","Caltrops","Blade Dance","Terror","Dagger Throw","Adrenaline+1","Dagger Spray+1","Cloak And Dagger","Enlightenment","Deflect+1","After Image","Grand Finale","Finisher","Skewer","Well Laid Plans","Finesse","Blade Dance"],"special_seed":0,"relics":["Ring of the Snake","WingedGreaves","Vajra","War Paint","Pandora\u0027s Box","Philosopher\u0027s Stone","Shovel","Membership Card","Bag of Preparation","Lee\u0027s Waffle","Bag of Marbles","Turnip","Oddly Smooth Stone"],"potions_floor_usage":[50,50,50],"damage_taken":[{"damage":0.0,"enemies":"Jaw Worm","floor":1.0,"turns":3.0},{"damage":6.0,"enemies":"2 Louse","floor":2.0,"turns":3.0},{"damage":2.0,"enemies":"Small Slimes","floor":4.0,"turns":5.0},{"damage":3.0,"enemies":"Looter","floor":8.0,"turns":4.0},{"damage":11.0,"enemies":"Gremlin Nob","floor":10.0,"turns":4.0},{"damage":1.0,"enemies":"Red Slaver","floor":12.0,"turns":4.0},{"damage":4.0,"enemies":"Exordium Thugs","floor":14.0,"turns":4.0},{"damage":37.0,"enemies":"Slime Boss","floor":16.0,"turns":14.0},{"damage":20.0,"enemies":"Spheric Guardian","floor":18.0,"turns":4.0},{"damage":0.0,"enemies":"3 Byrds","floor":20.0,"turns":3.0},{"damage":7.0,"enemies":"Cultist and Chosen","floor":24.0,"turns":6.0},{"damage":19.0,"enemies":"Snecko","floor":27.0,"turns":7.0},{"damage":0.0,"enemies":"Gremlin Leader","floor":28.0,"turns":1.0},{"damage":8.0,"enemies":"Snake Plant","floor":29.0,"turns":5.0},{"damage":2.0,"enemies":"Centurion and Healer","floor":31.0,"turns":6.0},{"damage":24.0,"enemies":"Collector","floor":33.0,"turns":17.0},{"damage":26.0,"enemies":"3 Darklings","floor":35.0,"turns":7.0},{"damage":0.0,"enemies":"3 Shapes","floor":37.0,"turns":3.0},{"damage":4.0,"enemies":"Jaw Worm Horde","floor":42.0,"turns":4.0},{"damage":19.0,"enemies":"Giant Head","floor":45.0,"turns":8.0},{"damage":20.0,"enemies":"Transient","floor":46.0,"turns":5.0},{"damage":0.0,"enemies":"Sphere and 2 Shapes","floor":48.0,"turns":5.0},{"damage":73,"enemies":"Donu and Deca","floor":50,"turns":15}],"seed_played":"5094263205228819462","potions_obtained":[{"floor":2.0,"key":"SpeedPotion"},{"floor":4.0,"key":"Swift Potion"},{"floor":16.0,"key":"GamblersBrew"},{"floor":20.0,"key":"Dexterity Potion"},{"floor":27.0,"key":"SmokeBomb"},{"floor":33.0,"key":"FairyPotion"},{"floor":35.0,"key":"PowerPotion"},{"floor":45.0,"key":"GhostInAJar"}],"is_trial":false,"path_per_floor":["?","?","?","?","M","T","M","?","$","?","$"],"character_chosen":"THE_SILENT","items_purchased":["Caltrops","Dagger Spray","Membership Card","Cloak And Dagger","Lee\u0027s Waffle","After Image","Bag of Marbles","Turnip","Grand Finale","Well Laid Plans","AttackPotion","Finesse","Blade Dance"],"campfire_rested":4,"item_purchase_floors":[21,21,39,39,44,44,44,44,44,47,47,47,47],"current_hp_per_floor":[70,64,53,51,51,51,51,48,48,37,37,36,36,32,53,16,70,50,50,50,50,50,50,43,43,43,24,24,16,37,35,56,32,70,44,44,44,44,44,44,44,40,40,77,58,38,38,38,61,7],"gold":39,"neow_bonus":"ONE_RARE_RELIC","is_prod":false,"is_daily":false,"chose_seed":false,"campfire_upgraded":7,"win_rate":0,"timestamp":1556213759,"path_taken":["M","M","?","M","?","R","R","M","T","E","R","M","R","M","R","BOSS","M","?","M","$","?","R","M","R","T","?","E","M","R","M","R","BOSS","M","?","?","?","?","R","?","M","T","$","E","M","?","M","R","BOSS"],"build_version":"2019-01-23","purchased_purges":0,"victory":true,"max_hp_per_floor":[70,70,70,70,70,70,70,70,70,70,70,70,70,70,70,70,70,70,70,70,70,70,70,70,70,70,70,70,70,70,70,70,70,70,70,70,70,70,70,70,70,70,70,77,77,77,77,77,77,77],"card_choices":[{"not_picked":["Outmaneuver","Dagger Spray"],"picked":"Cloak And Dagger","floor":1.0},{"not_picked":["Flying Knee","Underhanded Strike"],"picked":"PiercingWail","floor":2.0},{"not_picked":["Expertise","Calculated Gamble"],"picked":"Poisoned Stab","floor":4.0},{"not_picked":["Terror","Quick Slash"],"picked":"Cloak And Dagger","floor":8.0},{"not_picked":["Deflect","Catalyst"],"picked":"Choke","floor":10.0},{"not_picked":["All Out Attack","Dodge and Roll"],"picked":"Flying Knee","floor":12.0},{"not_picked":["Distraction","Setup"],"picked":"PiercingWail","floor":14.0},{"not_picked":["Phantasmal Killer","After Image"],"picked":"Burst","floor":16.0},{"not_picked":["Sucker Punch","Bouncing Flask"],"picked":"Dodge and Roll+1","floor":18.0},{"not_picked":["Eviscerate","Slice"],"picked":"Deflect+1","floor":20.0},{"not_picked":["Sucker Punch+1","Flying Knee+1","Bane"],"picked":"SKIP","floor":24.0},{"not_picked":["Deflect","Deadly Poison"],"picked":"Blade Dance","floor":27.0},{"not_picked":["Tactician+1","Acrobatics"],"picked":"Terror","floor":29.0},{"not_picked":["Distraction","Quick Slash"],"picked":"Dagger Throw","floor":31.0},{"not_picked":["Grand Finale","Night Terror"],"picked":"Adrenaline","floor":33.0},{"not_picked":["Backflip+1","Prepared"],"picked":"Dagger Spray+1","floor":35.0},{"not_picked":["Venomology","Outmaneuver","Bane"],"picked":"SKIP","floor":37.0},{"not_picked":["Mind Blast","Impatience"],"picked":"Enlightenment","floor":41.0},{"not_picked":["Noxious Fumes","Expertise"],"picked":"Deflect+1","floor":42.0},{"not_picked":["Backstab","Underhanded Strike+1"],"picked":"Finisher","floor":45.0},{"not_picked":["Prepared+1","Leg Sweep"],"picked":"Skewer","floor":46.0},{"not_picked":["Sucker Punch","Poisoned Stab+1","Terror"],"picked":"SKIP","floor":48.0}],"player_experience":155266,"relics_obtained":[{"floor":9.0,"key":"Vajra"},{"floor":10.0,"key":"War Paint"},{"floor":36.0,"key":"Shovel"},{"floor":43.0,"key":"Bag of Preparation"},{"floor":45.0,"key":"Oddly Smooth Stone"}],"event_choices":[{"damage_healed":0.0,"max_hp_gain":0.0,"max_hp_loss":0.0,"gold_gain":75.0,"event_name":"World of Goop","player_choice":"Gather Gold","floor":3.0,"gold_loss":0.0,"damage_taken":11.0},{"cards_removed":["Strike_G"],"damage_healed":0.0,"max_hp_gain":0.0,"max_hp_loss":0.0,"gold_gain":0.0,"event_name":"Living Wall","player_choice":"Forget","floor":5.0,"gold_loss":0.0,"damage_taken":0.0},{"cards_removed":["Underhanded Strike"],"damage_healed":0.0,"max_hp_gain":0.0,"max_hp_loss":0.0,"gold_gain":0.0,"event_name":"Back to Basics","player_choice":"Elegance","floor":19.0,"gold_loss":0.0,"damage_taken":0.0},{"damage_healed":0.0,"max_hp_gain":0.0,"max_hp_loss":0.0,"gold_gain":200.0,"event_name":"Wheel of Change","player_choice":"Gold","floor":22.0,"gold_loss":0.0,"damage_taken":0.0},{"cards_removed":["Dagger Spray"],"damage_healed":0.0,"max_hp_gain":0.0,"max_hp_loss":0.0,"gold_gain":0.0,"event_name":"Falling","player_choice":"Removed Attack","floor":38.0,"gold_loss":0.0,"damage_taken":0.0},{"damage_healed":0.0,"max_hp_gain":0.0,"max_hp_loss":0.0,"gold_gain":0.0,"event_name":"SensoryStone","player_choice":"Memory 1","floor":41.0,"gold_loss":0.0,"damage_taken":0.0}],"is_beta":false,"boss_relics":[{"not_picked":["Velvet Choker","Lizard Tail"],"picked":"Pandora\u0027s Box"},{"not_picked":["Empty Cage","Astrolabe"],"picked":"Philosopher\u0027s Stone"}],"items_purged_floors":[],"is_endless":false,"potions_floor_spawned":[2,4,16,20,27,28,29,33,35,45],"ascension_level":4}