{"gold_per_floor":[109,119,139,155,155,155,172,187,239,17,17,17,52,84,84,186,186,196,215,63,63,63],"floor_reached":22,"playtime":1878,"items_purged":["Strike_B","Strike_B"],"score":246,"play_id":"9858f6b3-022c-4fca-82f9-bc67f1ebac47","local_time":"20190425174302","is_ascension_mode":false,"campfire_choices":[{"floor":6,"key":"REST"},{"floor":11,"key":"REST"},{"floor":12,"key":"REST"},{"data":"Capacitor","floor":15,"key":"SMITH"}],"neow_cost":"TEN_PERCENT_HP_LOSS","seed_source_timestamp":61752455793800,"circlet_count":0,"master_deck":["Strike_B","Strike_B","Defend_B","Defend_B","Defend_B","Defend_B","Zap","Dualcast","Genetic Algorithm","Storm+1","Conserve Battery","Capacitor+1","Go for the Eyes","Go for the Eyes","White Noise","Hello World","White Noise","Go for the Eyes","Creative AI","Consume","Compile Driver"],"relics":["Cracked Core","Emotion Chip","WingedGreaves","Vajra","Kunai","Oddly Smooth Stone","Eternal Feather"],"potions_floor_usage":[7,8,18],"damage_taken":[{"damage":4,"enemies":"2 Louse","floor":1,"turns":2},{"damage":14,"enemies":"Small Slimes","floor":2,"turns":4},{"damage":7,"enemies":"Cultist","floor":3,"turns":4},{"damage":2,"enemies":"3 Louse","floor":4,"turns":4},{"damage":6,"enemies":"Large Slime","floor":7,"turns":5},{"damage":13,"enemies":"Lots of Slimes","floor":8,"turns":5},{"damage":9,"enemies":"Lagavulin","floor":13,"turns":5},{"damage":7,"enemies":"Gremlin Nob","floor":14,"turns":4},{"damage":0,"enemies":"Slime Boss","floor":16,"turns":8},{"damage":13,"enemies":"2 Thieves","floor":18,"turns":4},{"damage":34,"enemies":"3 Byrds","floor":19,"turns":5},{"damage":21,"enemies":"Snake Plant","floor":22,"turns":1}],"seed_played":"3836863054903742804","potions_obtained":[{"floor":3,"key":"PowerPotion"},{"floor":7,"key":"Energy Potion"},{"floor":13,"key":"GamblersBrew"}],"is_trial":false,"path_per_floor":["?","?"],"character_chosen":"DEFECT","items_purchased":["White Noise","Hello World","Dexterity Potion"],"campfire_rested":3,"item_purchase_floors":[10,10,20],"current_hp_per_floor":[64,50,43,41,29,49,43,30,30,30,50,68,59,52,52,52,68,55,21,21,21,0],"gold":63,"neow_bonus":"ONE_RARE_RELIC","is_prod":false,"is_daily":false,"chose_seed":false,"campfire_upgraded":1,"win_rate":0,"timestamp":1556239382,"path_taken":["M","M","M","M","?","R","M","M","T","$","R","R","E","E","R","BOSS","M","M","$","?","M"],"build_version":"2019-01-23","purchased_purges":2,"victory":false,"max_hp_per_floor":[68,68,68,68,68,68,68,68,68,68,68,68,68,68,68,68,68,68,68,68,68,68],"card_choices":[{"not_picked":["Stack","Reprogram"],"picked":"Genetic Algorithm","floor":1},{"not_picked":["Rebound","Double Energy"],"picked":"Storm","floor":2},{"not_picked":["Blizzard","Recycle"],"picked":"Conserve Battery","floor":3},{"not_picked":["Gash","Sweeping Beam"],"picked":"Capacitor","floor":4},{"not_picked":["Barrage","Compile Driver"],"picked":"Go for the Eyes","floor":7},{"not_picked":["Streamline","Coolheaded"],"picked":"Go for the Eyes","floor":8},{"not_picked":["Fusion","Heatsinks"],"picked":"White Noise","floor":13},{"not_picked":["Echo Form","Conserve Battery"],"picked":"Go for the Eyes","floor":14},{"not_picked":["Multi-Cast","Reboot"],"picked":"Creative AI","floor":16},{"not_picked":["Double Energy","Conserve Battery"],"picked":"Consume","floor":18},{"not_picked":["Leap","Skim"],"picked":"Compile Driver","floor":19}],"player_experience":70206,"relics_obtained":[{"floor":9,"key":"Vajra"},{"floor":13,"key":"Kunai"},{"floor":14,"key":"Oddly Smooth Stone"}],"event_choices":[{"damage_healed":0,"gold_gain":0,"player_choice":"Success","damage_taken":12,"relics_obtained":["WingedGreaves"],"max_hp_gain":0,"max_hp_loss":0,"event_name":"Scrap Ooze","floor":5,"gold_loss":0},{"damage_healed":0,"gold_gain":0,"player_choice":"Upgraded","damage_taken":0,"max_hp_gain":0,"max_hp_loss":0,"event_name":"Upgrade Shrine","floor":21,"gold_loss":0,"cards_upgraded":["Storm"]}],"is_beta":false,"boss_relics":[{"not_picked":["Black Star","Coffee Dripper"],"picked":"Eternal Feather"}],"items_purged_floors":[10,20],"is_endless":false,"potions_floor_spawned":[3,7,13],"killed_by":"Snake Plant","ascension_level":0}