{"gold_per_floor":[116,131,131,149,159,193,193,223,248,248,279,289,300,329,329,431,431,448,448,473,59,59,59,59,59,106,140,54,54,69,81,81,81],"floor_reached":33,"playtime":1397,"items_purged":["Bite"],"score":457,"play_id":"5ec75ed3-4082-42c2-a562-d78a4f3828a3","local_time":"20190503172710","is_ascension_mode":true,"campfire_choices":[{"floor":7.0,"key":"REST"},{"data":"Neutralize","floor":10,"key":"SMITH"},{"floor":15,"key":"REST"},{"data":"Footwork","floor":25,"key":"SMITH"},{"floor":29,"key":"REST"},{"floor":32,"key":"REST"}],"neow_cost":"NONE","seed_source_timestamp":629196494826114,"circlet_count":0,"master_deck":["Defend_G","Defend_G","Defend_G","Defend_G","Defend_G+1","Survivor","Neutralize+1","Flying Knee","Dash+1","Neutralize","Choke","Dramatic Entrance+1","Dodge and Roll","Cloak And Dagger+1","Leg Sweep","Deflect","Crippling Poison","Cloak And Dagger","Footwork+1","Corpse Explosion","Crippling Poison+1","Underhanded Strike+1","Catalyst+1","Distraction","Bite","Bite","Bite","Bite","Caltrops+1","Blade Dance","Backstab","PiercingWail","Backstab","Well Laid Plans","Heel Hook+1","Deadly Poison","PiercingWail","Distraction"],"special_seed":0,"relics":["Black Star","Centennial Puzzle","Ancient Tea Set","Pen Nib","Turnip","Bronze Scales","Ginger","Omamori","War Paint","Astrolabe","Red Mask","Snake Skull","Whetstone","The Courier","Dream Catcher"],"potions_floor_usage":[13,14,23],"damage_taken":[{"damage":4.0,"enemies":"Small Slimes","floor":1.0,"turns":6.0},{"damage":10.0,"enemies":"Cultist","floor":2.0,"turns":5.0},{"damage":0.0,"enemies":"2 Louse","floor":4.0,"turns":2.0},{"damage":1.0,"enemies":"2 Fungi Beasts","floor":5.0,"turns":5.0},{"damage":20.0,"enemies":"Gremlin Nob","floor":6.0,"turns":4.0},{"damage":9,"enemies":"3 Sentries","floor":8,"turns":7},{"damage":14,"enemies":"Gremlin Nob","floor":11,"turns":4},{"damage":0,"enemies":"3 Louse","floor":12,"turns":2},{"damage":2,"enemies":"Gremlin Gang","floor":13,"turns":2},{"damage":15,"enemies":"Lagavulin","floor":14,"turns":8},{"damage":33,"enemies":"Hexaghost","floor":16,"turns":14},{"damage":17,"enemies":"2 Thieves","floor":18,"turns":4},{"damage":17,"enemies":"Masked Bandits","floor":20,"turns":4},{"damage":0,"enemies":"Gremlin Leader","floor":23,"turns":4},{"damage":24,"enemies":"Slavers","floor":27,"turns":2},{"damage":0,"enemies":"Chosen","floor":30,"turns":4},{"damage":14,"enemies":"Centurion and Healer","floor":31,"turns":4},{"damage":72,"enemies":"Automaton","floor":33,"turns":6}],"seed_played":"6027120929077718167","potions_obtained":[{"floor":4.0,"key":"AttackPotion"},{"floor":5.0,"key":"Block Potion"},{"floor":8,"key":"SmokeBomb"},{"floor":12,"key":"Regen Potion"},{"floor":31,"key":"SmokeBomb"}],"is_trial":false,"path_per_floor":["?","M","?","?","?","?","M"],"character_chosen":"THE_SILENT","items_purchased":["Snake Skull","Caltrops","Blade Dance","Backstab","Backstab","Well Laid Plans"],"campfire_rested":4,"item_purchase_floors":[21,21,21,21,28,28],"current_hp_per_floor":[59,49,49,49,48,28,49,40,40,40,26,28,28,30,51,20,58,43,43,36,36,36,40,40,40,40,20,20,41,47,37,58,0],"gold":81,"neow_bonus":"BOSS_RELIC","is_prod":false,"is_daily":false,"chose_seed":false,"campfire_upgraded":2,"win_rate":0,"timestamp":1556897230,"path_taken":["M","M","?","M","M","E","R","E","T","R","E","M","?","E","R","BOSS","M","?","?","$","?","E","?","R","T","E","$","R","M","?","R","BOSS"],"build_version":"2019-01-23","purchased_purges":1,"victory":false,"max_hp_per_floor":[70,70,70,70,70,70,70,70,70,70,70,70,70,70,70,70,70,70,70,70,70,70,70,70,70,70,70,70,70,70,70,70,70],"card_choices":[{"not_picked":["Dagger Throw","Crippling Poison"],"picked":"Flying Knee","floor":1.0},{"not_picked":["Flechettes","Sucker Punch"],"picked":"Dash","floor":2.0},{"not_picked":["Outmaneuver","Deadly Poison"],"picked":"Dodge and Roll","floor":4.0},{"not_picked":["Masterful Stab","Escape Plan"],"picked":"Cloak And Dagger","floor":5.0},{"not_picked":["Flying Knee","Eviscerate"],"picked":"Leg Sweep","floor":6.0},{"not_picked":["Acrobatics","Finisher"],"picked":"Deflect","floor":8},{"not_picked":["Endless Agony","Backflip"],"picked":"Crippling Poison","floor":11},{"not_picked":["Poisoned Stab","Quick Slash","Accuracy"],"picked":"SKIP","floor":12},{"not_picked":["Acrobatics","Masterful Stab"],"picked":"Cloak And Dagger","floor":13},{"not_picked":["All Out Attack","Underhanded Strike"],"picked":"Footwork","floor":14},{"not_picked":["Burst","Wraith Form v2"],"picked":"Corpse Explosion","floor":16},{"not_picked":["Dagger Spray","Sucker Punch"],"picked":"Distraction","floor":18},{"not_picked":["Quick Slash","Choke"],"picked":"PiercingWail","floor":27},{"not_picked":["Dagger Throw","Slice"],"picked":"Heel Hook+1","floor":29},{"not_picked":["Backflip","Flechettes"],"picked":"Deadly Poison","floor":30},{"not_picked":["Poisoned Stab+1","Dagger Throw"],"picked":"PiercingWail","floor":31},{"not_picked":["Masterful Stab","Reflex"],"picked":"Distraction","floor":32}],"player_experience":208937,"relics_obtained":[{"floor":6.0,"key":"Centennial Puzzle"},{"floor":6.0,"key":"Ancient Tea Set"},{"floor":8,"key":"Pen Nib"},{"floor":8,"key":"Turnip"},{"floor":9,"key":"Bronze Scales"},{"floor":11,"key":"Blood Vial"},{"floor":11,"key":"Ginger"},{"floor":14,"key":"Omamori"},{"floor":14,"key":"War Paint"},{"floor":20,"key":"Red Mask"},{"floor":26,"key":"Whetstone"},{"floor":27,"key":"The Courier"},{"floor":27,"key":"Dream Catcher"}],"event_choices":[{"damage_healed":0.0,"max_hp_gain":0.0,"max_hp_loss":0.0,"gold_gain":0.0,"event_name":"Match and Keep!","player_choice":"3 cards matched","floor":3.0,"gold_loss":0.0,"damage_taken":0.0,"cards_obtained":["Neutralize","Choke","Dramatic Entrance"]},{"damage_healed":0,"gold_gain":0,"player_choice":"Became a vampire (Vial)","damage_taken":0,"max_hp_gain":0,"max_hp_loss":0,"event_name":"Vampires","floor":19,"relics_lost":["Blood Vial"],"gold_loss":0,"cards_obtained":["Bite","Bite","Bite","Bite","Bite"]},{"damage_healed":0,"gold_gain":0,"player_choice":"Fought Bandits","damage_taken":0,"max_hp_gain":0,"max_hp_loss":0,"event_name":"Masked Bandits","floor":20,"gold_loss":0},{"damage_healed":0,"gold_gain":0,"player_choice":"Upgraded","damage_taken":0,"max_hp_gain":0,"max_hp_loss":0,"event_name":"Upgrade Shrine","floor":24,"gold_loss":0,"cards_upgraded":["Caltrops"]}],"is_beta":false,"boss_relics":[{"not_picked":["Snecko Eye","White Beast Statue"],"picked":"Astrolabe"}],"items_purged_floors":[21],"is_endless":false,"potions_floor_spawned":[4,5,8,12,23,31],"killed_by":"Automaton","ascension_level":6}