{"gold_per_floor":[114,114,114,9,25,25,42,42,42,57,57,2,15,48,48,125,125,137,137],"floor_reached":19,"playtime":1745,"items_purged":[],"score":334,"play_id":"8884e712-d736-44da-b0f0-30d833ab2502","local_time":"20190406194922","is_ascension_mode":true,"campfire_choices":[{"data":"Noxious Fumes","floor":6,"key":"SMITH"},{"data":"Cloak And Dagger","floor":8,"key":"SMITH"},{"data":"Neutralize","floor":11,"key":"SMITH"},{"data":"Well Laid Plans","floor":15,"key":"SMITH"}],"neow_cost":"NONE","seed_source_timestamp":856100866891576,"circlet_count":0,"master_deck":["AscendersBane","Defend_G","Defend_G","Defend_G","Defend_G","Defend_G","Strike_G","Strike_G","Strike_G","Strike_G","Strike_G","Survivor","Neutralize+1","Envenom+1","Blade Dance","Regret","Noxious Fumes+1","Prepared","Cloak And Dagger+1","Riddle With Holes","Accuracy","Well Laid Plans+1","Storm of Steel","Wraith Form v2+1","Backflip"],"relics":["Ring of the Snake","Meat on the Bone","Pantograph","Frozen Egg 2","Runic Pyramid"],"potions_floor_usage":[14,14,16],"damage_taken":[{"damage":1,"enemies":"2 Louse","floor":1,"turns":3},{"damage":10,"enemies":"Jaw Worm","floor":5,"turns":5},{"damage":4,"enemies":"Small Slimes","floor":7,"turns":3},{"damage":10,"enemies":"Blue Slaver","floor":10,"turns":4},{"damage":10,"enemies":"Looter","floor":13,"turns":3},{"damage":13,"enemies":"Gremlin Nob","floor":14,"turns":3},{"damage":27,"enemies":"Slime Boss","floor":16,"turns":9},{"damage":30,"enemies":"Shell Parasite","floor":18,"turns":5},{"damage":45,"enemies":"Masked Bandits","floor":19,"turns":3}],"seed_played":"-5574389417818266471","potions_obtained":[{"floor":5,"key":"FearPotion"},{"floor":14,"key":"GamblersBrew"}],"is_trial":false,"path_per_floor":["M","?","?","$","M","R","M","R","T","M","R","$","M","E","R","B",null,"M","?"],"character_chosen":"THE_SILENT","items_purchased":["Noxious Fumes","Prepared","Poison Potion"],"campfire_rested":0,"item_purchase_floors":[4,4,12],"current_hp_per_floor":[58,58,58,58,48,48,44,44,44,34,34,34,36,35,35,45,61,43,0],"gold":137,"neow_bonus":"ONE_RANDOM_RARE_CARD","is_prod":false,"is_daily":false,"chose_seed":false,"campfire_upgraded":4,"win_rate":0,"timestamp":1554572962,"path_taken":["M","?","?","$","M","R","M","R","T","M","R","?","?","E","R","BOSS","M","?"],"build_version":"2019-01-23","purchased_purges":0,"victory":false,"max_hp_per_floor":[66,66,66,66,66,66,66,66,66,66,66,66,66,66,66,66,66,66,66],"card_choices":[{"not_picked":["Slice","Backflip"],"picked":"Blade Dance","floor":1},{"not_picked":["Terror","Escape Plan"],"picked":"Cloak And Dagger","floor":5},{"not_picked":["Cloak And Dagger","Finisher"],"picked":"Riddle With Holes","floor":7},{"not_picked":["Underhanded Strike","Slice"],"picked":"Accuracy","floor":10},{"not_picked":["Skewer","Backflip"],"picked":"Well Laid Plans","floor":13},{"not_picked":["Sucker Punch","Skewer"],"picked":"Storm of Steel","floor":14},{"not_picked":["Unload","Grand Finale"],"picked":"Wraith Form v2+1","floor":16},{"not_picked":["Dagger Throw","PiercingWail"],"picked":"Backflip","floor":18}],"player_experience":3038521,"relics_obtained":[{"floor":9,"key":"Pantograph"},{"floor":14,"key":"Frozen Egg 2"}],"event_choices":[{"damage_healed":0,"gold_gain":0,"player_choice":"Grow","damage_taken":0,"max_hp_gain":0,"max_hp_loss":0,"event_name":"Living Wall","floor":2,"gold_loss":0,"cards_upgraded":["Envenom"]},{"damage_healed":0,"gold_gain":0,"player_choice":"Box","damage_taken":0,"relics_obtained":["Meat on the Bone"],"max_hp_gain":0,"max_hp_loss":0,"event_name":"Big Fish","floor":3,"gold_loss":0,"cards_obtained":["Regret"]},{"damage_healed":0,"gold_gain":0,"player_choice":"Fought Bandits","damage_taken":0,"max_hp_gain":0,"max_hp_loss":0,"event_name":"Masked Bandits","floor":19,"gold_loss":0}],"is_beta":false,"boss_relics":[{"not_picked":["Lizard Tail","Astrolabe"],"picked":"Runic Pyramid"}],"items_purged_floors":[],"is_endless":false,"potions_floor_spawned":[5,13,14],"killed_by":"Masked Bandits","ascension_level":20}