{"gold_per_floor":[110,120,120,136,11,44,44,72,72,88,103,103,120,120,120,225,225,238,255,266,266],"floor_reached":21,"playtime":1591,"items_purged":["Strike_R"],"score":222,"play_id":"1832dcf5-b51b-410c-b981-b7465704ffa8","local_time":"20190420153030","is_ascension_mode":true,"campfire_choices":[{"data":"Demon Form","floor":7.0,"key":"SMITH"},{"floor":15.0,"key":"REST"}],"neow_cost":"NONE","seed_source_timestamp":555406927378123,"circlet_count":0,"master_deck":["Strike_R","Defend_R","Defend_R","Defend_R","Defend_R","Bash","True Grit","Rampage","Demon Form+1","Thunderclap","Seeing Red+1","Shockwave+1","Havoc+1","Clothesline","Limit Break+1","Heavy Blade","Rage+1","Warcry+1"],"special_seed":0,"relics":["Burning Blood","NeowsBlessing","Anchor","Bird Faced Urn","Toxic Egg 2","SsserpentHead","Empty Cage"],"potions_floor_usage":[20],"damage_taken":[{"damage":0.0,"enemies":"Jaw Worm","floor":1.0,"turns":1.0},{"damage":0.0,"enemies":"Cultist","floor":2.0,"turns":1.0},{"damage":0.0,"enemies":"2 Louse","floor":4.0,"turns":2.0},{"damage":45.0,"enemies":"3 Sentries","floor":6.0,"turns":7.0},{"damage":39.0,"enemies":"Lagavulin","floor":8.0,"turns":8.0},{"damage":0.0,"enemies":"Red Slaver","floor":10.0,"turns":4.0},{"damage":10.0,"enemies":"Large Slime","floor":11.0,"turns":6.0},{"damage":6.0,"enemies":"Gremlin Gang","floor":13.0,"turns":3.0},{"damage":23.0,"enemies":"Hexaghost","floor":16.0,"turns":7.0},{"damage":28.0,"enemies":"Chosen","floor":18.0,"turns":7.0},{"damage":30.0,"enemies":"2 Thieves","floor":19.0,"turns":5.0},{"damage":26,"enemies":"Snecko","floor":20,"turns":4},{"damage":34,"enemies":"Sentry and Sphere","floor":21,"turns":4}],"seed_played":"-4759704898314877044","potions_obtained":[{"floor":6.0,"key":"AttackPotion"},{"floor":8.0,"key":"PowerPotion"},{"floor":13.0,"key":"FearPotion"},{"floor":16.0,"key":"Regen Potion"},{"floor":19.0,"key":"Weak Potion"}],"is_trial":false,"path_per_floor":["?","M","?","M","?"],"character_chosen":"IRONCLAD","items_purchased":["AttackPotion"],"campfire_rested":1,"item_purchase_floors":[5],"current_hp_per_floor":[80,80,80,80,80,41,41,8,8,16,12,12,14,14,38,23,80,58,48,30,0],"gold":266,"neow_bonus":"THREE_ENEMY_KILL","is_prod":false,"is_daily":false,"chose_seed":false,"campfire_upgraded":1,"win_rate":0,"timestamp":1555767030,"path_taken":["M","M","?","M","$","E","R","E","T","M","?","?","?","?","R","BOSS","M","M","M","M"],"build_version":"2019-01-23","purchased_purges":1,"victory":false,"max_hp_per_floor":[80,80,80,80,80,80,80,80,80,80,80,80,80,80,80,80,80,80,80,80,80],"card_choices":[{"not_picked":["Warcry","Flex"],"picked":"True Grit","floor":1.0},{"not_picked":["Rupture","Headbutt"],"picked":"Rampage","floor":2.0},{"not_picked":["Battle Trance","Clothesline"],"picked":"Thunderclap","floor":4.0},{"not_picked":["Uppercut","Twin Strike"],"picked":"Seeing Red","floor":6.0},{"not_picked":["Flex","Evolve","Searing Blow"],"picked":"SKIP","floor":8.0},{"not_picked":["Thunderclap","Wild Strike"],"picked":"Shockwave+1","floor":10.0},{"not_picked":["Dark Embrace","Pommel Strike"],"picked":"Havoc+1","floor":11.0},{"not_picked":["Pummel","Sword Boomerang"],"picked":"Clothesline","floor":13.0},{"not_picked":["Offering+1","Exhume+1"],"picked":"Limit Break+1","floor":16.0},{"not_picked":["Flex+1","Rage+1"],"picked":"Heavy Blade","floor":18.0},{"not_picked":["True Grit+1","Pommel Strike+1"],"picked":"Rage+1","floor":19.0},{"not_picked":["Corruption","Sever Soul+1"],"picked":"Warcry+1","floor":20}],"player_experience":128227,"relics_obtained":[{"floor":6.0,"key":"Anchor"},{"floor":8.0,"key":"Bird Faced Urn"},{"floor":9.0,"key":"Toxic Egg 2"}],"event_choices":[{"damage_healed":0.0,"max_hp_gain":0.0,"max_hp_loss":0.0,"gold_gain":0.0,"cards_transformed":["Strike_R"],"event_name":"Transmorgrifier","player_choice":"Transformed","floor":3.0,"gold_loss":0.0,"damage_taken":0.0,"cards_obtained":["Demon Form"]},{"damage_healed":0.0,"max_hp_gain":0.0,"max_hp_loss":0.0,"gold_gain":0.0,"event_name":"Upgrade Shrine","player_choice":"Upgraded","floor":12.0,"gold_loss":0.0,"damage_taken":0.0,"cards_upgraded":["Seeing Red"]},{"damage_healed":0.0,"max_hp_gain":0.0,"max_hp_loss":0.0,"gold_gain":0.0,"event_name":"FaceTrader","player_choice":"Trade","floor":14.0,"gold_loss":0.0,"damage_taken":0.0,"relics_obtained":["SsserpentHead"]}],"is_beta":false,"boss_relics":[{"not_picked":["Tiny House","Eternal Feather"],"picked":"Empty Cage"}],"items_purged_floors":[5],"is_endless":false,"potions_floor_spawned":[6,8,13,16,19],"killed_by":"Sentry and Sphere","ascension_level":3}