{"gold_per_floor":[364,364,364,382,392,392,421,421,445,445,142,165,165,186,186,285,285,300,77,95,14,14,45,45,45,45,65,103,0,0,14,14,107,107,125,140,155,168,182,182,213,213,239,270,395,395,433,343,343,343],"floor_reached":51,"playtime":5923,"items_purged":["Pain","Injury","Strike_G"],"score":1432,"play_id":"e5aae2c3-2c6b-4b70-88af-1fb4253a1469","local_time":"20190331205845","is_ascension_mode":true,"campfire_choices":[{"data":"Neutralize","floor":6.0,"key":"SMITH"},{"data":"Backflip","floor":8.0,"key":"SMITH"},{"data":"Deflect","floor":13.0,"key":"SMITH"},{"floor":15.0,"key":"REST"},{"data":"Footwork","floor":24.0,"key":"SMITH"},{"floor":30.0,"key":"REST"},{"floor":32.0,"key":"REST"},{"data":"Infinite Blades","floor":40.0,"key":"SMITH"},{"data":"A Thousand Cuts","floor":42.0,"key":"SMITH"},{"data":"Backflip","floor":46.0,"key":"SMITH"},{"floor":49,"key":"REST"}],"neow_cost":"CURSE","seed_source_timestamp":0,"circlet_count":0,"master_deck":["AscendersBane","Defend_G","Defend_G","Defend_G","Defend_G+1","Defend_G+1","Strike_G+1","Strike_G+1","Strike_G","Survivor","Neutralize+1","Terror","Dash+1","Backflip+1","Dagger Spray","Well Laid Plans","Deflect+1","Underhanded Strike","After Image","Caltrops","Footwork+1","Backflip","Underhanded Strike","Tactician","Backflip+1","Necronomicurse","Skewer","Underhanded Strike","Cloak And Dagger","A Thousand Cuts+1","Backflip","Infinite Blades+1","Flying Knee","Expertise","Dodge and Roll+1","Dagger Throw+1"],"special_seed":0,"relics":["Ring of the Serpent","Ancient Tea Set","Bag of Preparation","Golden Idol","Whetstone","HoveringKite","Bottled Tornado","Necronomicon","Smiling Mask","Ginger","Blue Candle","Bag of Marbles","Dream Catcher","FossilizedHelix","Anchor"],"potions_floor_usage":[50],"damage_taken":[{"damage":4.0,"enemies":"Jaw Worm","floor":1.0,"turns":5.0},{"damage":3.0,"enemies":"Small Slimes","floor":4.0,"turns":4.0},{"damage":3.0,"enemies":"Cultist","floor":5.0,"turns":4.0},{"damage":16.0,"enemies":"Lagavulin","floor":7.0,"turns":8.0},{"damage":0.0,"enemies":"Red Slaver","floor":12.0,"turns":4.0},{"damage":0.0,"enemies":"Exordium Thugs","floor":14.0,"turns":4.0},{"damage":3.0,"enemies":"The Guardian","floor":16.0,"turns":12.0},{"damage":0.0,"enemies":"Chosen","floor":18.0,"turns":5.0},{"damage":7.0,"enemies":"3 Byrds","floor":20.0,"turns":6.0},{"damage":21.0,"enemies":"Slavers","floor":23.0,"turns":10.0},{"damage":2.0,"enemies":"Centurion and Healer","floor":27.0,"turns":6.0},{"damage":0.0,"enemies":"Book of Stabbing","floor":28.0,"turns":5.0},{"damage":0.0,"enemies":"Snecko","floor":31.0,"turns":5.0},{"damage":35.0,"enemies":"Champ","floor":33.0,"turns":13.0},{"damage":0.0,"enemies":"Orb Walker","floor":35.0,"turns":2.0},{"damage":2.0,"enemies":"3 Shapes","floor":36.0,"turns":4.0},{"damage":5.0,"enemies":"Jaw Worm Horde","floor":37.0,"turns":5.0},{"damage":0.0,"enemies":"Sphere and 2 Shapes","floor":38.0,"turns":6.0},{"damage":12.0,"enemies":"4 Shapes","floor":39.0,"turns":7.0},{"damage":0.0,"enemies":"Nemesis","floor":41.0,"turns":7.0},{"damage":13.0,"enemies":"Reptomancer","floor":44.0,"turns":5.0},{"damage":0.0,"enemies":"Mind Bloom Boss Battle","floor":45.0,"turns":3.0},{"damage":0,"enemies":"Giant Head","floor":47,"turns":6},{"damage":15,"enemies":"Donu and Deca","floor":50,"turns":9}],"seed_played":"4677823527672141924","potions_obtained":[{"floor":4.0,"key":"SkillPotion"},{"floor":5.0,"key":"GhostInAJar"},{"floor":16.0,"key":"Energy Potion"},{"floor":23.0,"key":"GamblersBrew"},{"floor":35.0,"key":"SpeedPotion"},{"floor":37.0,"key":"Regen Potion"},{"floor":41.0,"key":"Regen Potion"}],"is_trial":false,"path_per_floor":["M","?","?","M","M","R","E","R","T","?","$","M","R","M","R","B",null,"M","$","M","$","?","E","R","?","T","M","E","$","R","M","R","B",null,"M","M","M","M","M","R","E","R","T","E","?","R","E","?","R","B",null],"character_chosen":"THE_SILENT","items_purchased":["Whetstone","Well Laid Plans","Footwork","Backflip","Tactician","Underhanded Strike"],"campfire_rested":4,"item_purchase_floors":[11,11,19,19,21,29],"current_hp_per_floor":[55,60,46,43,40,40,24,24,24,24,24,24,24,24,45,42,64,64,64,57,57,57,36,36,20,20,18,18,18,39,39,60,25,60,60,58,53,68,56,56,56,56,56,55,55,55,55,55,71,56],"gold":343,"neow_bonus":"TWO_FIFTY_GOLD","is_prod":false,"is_daily":false,"chose_seed":false,"campfire_upgraded":7,"win_rate":0,"timestamp":1554091125,"path_taken":["M","?","?","M","M","R","E","R","T","?","$","M","R","M","R","BOSS","M","$","M","$","?","E","R","?","T","M","E","?","R","?","R","BOSS","M","M","M","M","M","R","E","R","T","E","?","R","E","?","R","BOSS"],"build_version":"2019-01-23","purchased_purges":3,"victory":true,"max_hp_per_floor":[66,71,71,71,71,71,71,71,71,71,71,71,71,71,71,71,71,71,71,71,71,71,71,71,71,71,71,71,71,71,71,71,71,71,71,71,71,71,71,71,71,71,71,71,71,71,71,71,71,71],"card_choices":[{"not_picked":["PiercingWail","Flechettes"],"picked":"Terror","floor":1.0},{"not_picked":["Predator","Terror"],"picked":"Dash","floor":4.0},{"not_picked":["Prepared","Bouncing Flask"],"picked":"Backflip","floor":5.0},{"not_picked":["Terror","Poisoned Stab"],"picked":"Dagger Spray","floor":7.0},{"not_picked":["Tactician","Eviscerate"],"picked":"Deflect","floor":12.0},{"not_picked":["Tactician","Envenom"],"picked":"Underhanded Strike","floor":14.0},{"not_picked":["Envenom","Unload"],"picked":"After Image","floor":16.0},{"not_picked":["Dodge and Roll","Outmaneuver"],"picked":"Caltrops","floor":18.0},{"not_picked":["Poisoned Stab","Dodge and Roll"],"picked":"Underhanded Strike","floor":20.0},{"not_picked":["Outmaneuver","PiercingWail+1"],"picked":"Backflip","floor":23.0},{"not_picked":["Finisher","Tactician"],"picked":"Skewer","floor":27.0},{"not_picked":["Riddle With Holes","Catalyst","Venomology"],"picked":"SKIP","floor":28.0},{"not_picked":["Bane","Deflect"],"picked":"Cloak And Dagger","floor":31.0},{"not_picked":["Grand Finale","Adrenaline"],"picked":"A Thousand Cuts","floor":33.0},{"not_picked":["Bane","Dagger Throw"],"picked":"Backflip","floor":35.0},{"not_picked":["Distraction","Outmaneuver"],"picked":"Infinite Blades","floor":36.0},{"not_picked":["Acrobatics","Quick Slash+1"],"picked":"Flying Knee","floor":37.0},{"not_picked":["Dagger Spray","Prepared","Slice"],"picked":"SKIP","floor":38.0},{"not_picked":["Bane","Backstab","Tactician"],"picked":"SKIP","floor":39.0},{"not_picked":["Terror","Blade Dance"],"picked":"Expertise","floor":41.0},{"not_picked":["PiercingWail+1","Outmaneuver+1"],"picked":"Dodge and Roll+1","floor":44.0},{"not_picked":["Envenom","Dagger Spray"],"picked":"Dagger Throw+1","floor":45.0},{"not_picked":["Outmaneuver","Dagger Throw","Acrobatics"],"picked":"SKIP","floor":47}],"player_experience":583373,"relics_obtained":[{"floor":7.0,"key":"Ancient Tea Set"},{"floor":9.0,"key":"Bag of Preparation"},{"floor":23.0,"key":"Bottled Tornado"},{"floor":25.0,"key":"Necronomicon"},{"floor":26.0,"key":"Smiling Mask"},{"floor":28.0,"key":"Ginger"},{"floor":41.0,"key":"Blue Candle"},{"floor":43.0,"key":"Bag of Marbles"},{"floor":44.0,"key":"Dream Catcher"},{"floor":45.0,"key":"FossilizedHelix"},{"floor":47,"key":"Anchor"}],"event_choices":[{"damage_healed":0.0,"max_hp_gain":5.0,"max_hp_loss":0.0,"gold_gain":0.0,"event_name":"Big Fish","player_choice":"Donut","floor":2.0,"gold_loss":0.0,"damage_taken":0.0},{"damage_healed":0.0,"max_hp_gain":0.0,"max_hp_loss":0.0,"gold_gain":0.0,"event_name":"Shining Light","player_choice":"Entered Light","floor":3.0,"gold_loss":0.0,"damage_taken":14.0,"cards_upgraded":["Strike_G","Defend_G"]},{"damage_healed":0.0,"max_hp_gain":0.0,"max_hp_loss":0.0,"gold_gain":0.0,"event_name":"Golden Idol","player_choice":"Take Wound","floor":10.0,"gold_loss":0.0,"damage_taken":0.0,"relics_obtained":["Golden Idol"],"cards_obtained":["Injury"]},{"damage_healed":0.0,"max_hp_gain":0.0,"max_hp_loss":0.0,"gold_gain":0.0,"event_name":"Vampires","player_choice":"Ignored","floor":22.0,"gold_loss":0.0,"damage_taken":0.0},{"damage_healed":0.0,"max_hp_gain":0.0,"max_hp_loss":0.0,"gold_gain":0.0,"event_name":"Cursed Tome","player_choice":"Obtained Book","floor":25.0,"gold_loss":0.0,"damage_taken":16.0},{"damage_healed":0.0,"max_hp_gain":0.0,"max_hp_loss":0.0,"gold_gain":0.0,"event_name":"MindBloom","player_choice":"Fight","floor":45.0,"gold_loss":0.0,"damage_taken":0.0},{"cards_removed":["Strike_G"],"damage_healed":0,"gold_gain":0,"player_choice":"Upgrade and Remove","damage_taken":0,"max_hp_gain":0,"max_hp_loss":0,"event_name":"Designer","floor":48,"gold_loss":90,"cards_upgraded":["Defend_G"]}],"is_beta":false,"boss_relics":[{"not_picked":["Orrery","Philosopher\u0027s Stone"],"picked":"HoveringKite"},{"not_picked":["Velvet Choker","Runic Dome"],"picked":"Ring of the Serpent"}],"items_purged_floors":[11,19,29],"is_endless":false,"potions_floor_spawned":[4,5,12,16,23,27,35,36,37,41],"ascension_level":14}