{"gold_per_floor":[119,139,64,76,76,114,114,145,172,27,27,50,2,2,2,122,122,136,161],"floor_reached":19,"playtime":756,"items_purged":["Strike_G","Strike_G"],"score":221,"play_id":"9dd21636-6b9c-4060-bca1-f7a0dd307c3e","local_time":"20190428172027","is_ascension_mode":true,"campfire_choices":[{"data":"Cloak And Dagger","floor":7,"key":"SMITH"},{"floor":11,"key":"REST"},{"floor":15,"key":"REST"}],"neow_cost":"TEN_PERCENT_HP_LOSS","seed_source_timestamp":0,"circlet_count":0,"master_deck":["Defend_G","Defend_G","Defend_G","Defend_G","Defend_G","Strike_G","Strike_G","Strike_G","Survivor","Neutralize","Corpse Explosion","Cloak And Dagger+1","Deadly Poison","Well Laid Plans","Cloak And Dagger","After Image","Flying Knee","PiercingWail","Burst","Sucker Punch+1"],"relics":["Ring of the Snake","Golden Idol","Bag of Marbles","Snake Skull","Vajra","White Beast Statue"],"potions_floor_usage":[],"damage_taken":[{"damage":0,"enemies":"2 Louse","floor":1,"turns":1},{"damage":0,"enemies":"Jaw Worm","floor":2,"turns":5},{"damage":0,"enemies":"Cultist","floor":4,"turns":4},{"damage":10,"enemies":"3 Sentries","floor":6,"turns":5},{"damage":37,"enemies":"Lagavulin","floor":8,"turns":7},{"damage":0,"enemies":"Blue Slaver","floor":12,"turns":4},{"damage":19,"enemies":"The Guardian","floor":16,"turns":10},{"damage":22,"enemies":"Shell Parasite","floor":18,"turns":5},{"damage":18,"enemies":"Chosen","floor":19,"turns":6}],"seed_played":"16500480","potions_obtained":[{"floor":2,"key":"Ancient Potion"},{"floor":16,"key":"Weak Potion"},{"floor":18,"key":"GamblersBrew"}],"is_trial":false,"path_per_floor":["?","?","?"],"character_chosen":"THE_SILENT","items_purchased":["Flying Knee"],"campfire_rested":2,"item_purchase_floors":[10],"current_hp_per_floor":[63,63,63,63,48,38,38,1,1,1,19,19,19,19,37,18,52,30,12],"gold":161,"neow_bonus":"THREE_RARE_CARDS","is_prod":false,"is_daily":false,"chose_seed":true,"campfire_upgraded":1,"win_rate":0,"timestamp":1556464827,"path_taken":["M","M","$","M","?","E","R","E","T","$","R","M","?","?","R","BOSS","M","M"],"build_version":"2019-01-23","purchased_purges":2,"victory":false,"max_hp_per_floor":[63,63,63,63,63,63,63,63,63,63,63,63,63,63,63,63,63,63,63],"card_choices":[{"not_picked":["Doppelganger","Die Die Die"],"picked":"Corpse Explosion","floor":0},{"not_picked":["Outmaneuver","Prepared"],"picked":"Cloak And Dagger","floor":1},{"not_picked":["Prepared","Bane"],"picked":"Deadly Poison","floor":2},{"not_picked":["Outmaneuver","Backflip"],"picked":"Well Laid Plans","floor":4},{"not_picked":["PiercingWail","Dash"],"picked":"Cloak And Dagger","floor":6},{"not_picked":["Dagger Throw","Quick Slash"],"picked":"After Image","floor":8},{"not_picked":["Acrobatics","Tactician"],"picked":"PiercingWail","floor":12},{"not_picked":["Doppelganger","Night Terror"],"picked":"Burst","floor":16},{"not_picked":["Dodge and Roll","Acrobatics"],"picked":"Sucker Punch+1","floor":18}],"player_experience":190974,"relics_obtained":[{"floor":6,"key":"Bag of Marbles"},{"floor":8,"key":"Snake Skull"},{"floor":9,"key":"Vajra"}],"event_choices":[{"damage_healed":0,"gold_gain":0,"player_choice":"Take Damage","damage_taken":15,"relics_obtained":["Golden Idol"],"max_hp_gain":0,"max_hp_loss":0,"event_name":"Golden Idol","floor":5,"gold_loss":0},{"damage_healed":0,"gold_gain":0,"player_choice":"Left Gold","damage_taken":0,"max_hp_gain":0,"max_hp_loss":0,"event_name":"World of Goop","floor":13,"gold_loss":48},{"damage_healed":0,"gold_gain":0,"player_choice":"Ignored","damage_taken":0,"max_hp_gain":0,"max_hp_loss":0,"event_name":"Liars Game","floor":14,"gold_loss":0}],"is_beta":false,"boss_relics":[{"not_picked":["Ectoplasm","Snecko Eye"],"picked":"White Beast Statue"}],"items_purged_floors":[3,10],"is_endless":false,"potions_floor_spawned":[2,16,18,19],"killed_by":"Chosen","ascension_level":5}