{"gold_per_floor":[218,236,250,97,108,108,121,121,121,121,155,165,165,178,178,282,282,297,315,30,42,57,57,57,67,67,86,86,100,80,94,94,94],"floor_reached":33,"playtime":1255,"items_purged":["Strike_R","Defend_R"],"score":281,"play_id":"9169c0b8-ddf7-48a7-8479-bf7627c366c4","local_time":"20190417182724","is_ascension_mode":true,"campfire_choices":[{"data":"Searing Blow","floor":6,"key":"SMITH"},{"data":"Searing Blow+1","floor":8,"key":"SMITH"},{"data":"Searing Blow+2","floor":10,"key":"SMITH"},{"data":"Searing Blow+3","floor":15,"key":"SMITH"},{"data":"Searing Blow+4","floor":23,"key":"SMITH"},{"floor":28,"key":"REST"},{"data":"Searing Blow+5","floor":32,"key":"SMITH"}],"neow_cost":"NONE","seed_source_timestamp":307240448685426,"circlet_count":0,"master_deck":["Strike_R","Strike_R+1","Strike_R","Strike_R+1","Defend_R","Defend_R","Defend_R","Bash","Thunderclap","Iron Wave","Searing Blow+6","Shrug It Off","Reaper","Immolate","Armaments","Mayhem","Offering","Warcry+1"],"relics":["Burning Blood","Whetstone","Boot","Philosopher\u0027s Stone","Oddly Smooth Stone"],"potions_floor_usage":[29,33],"damage_taken":[{"damage":5,"enemies":"Cultist","floor":1,"turns":4},{"damage":0,"enemies":"2 Louse","floor":2,"turns":3},{"damage":3,"enemies":"Jaw Worm","floor":3,"turns":4},{"damage":12,"enemies":"Looter","floor":5,"turns":3},{"damage":0,"enemies":"Exordium Wildlife","floor":7,"turns":3},{"damage":31,"enemies":"Lagavulin","floor":11,"turns":6},{"damage":22,"enemies":"Gremlin Gang","floor":12,"turns":4},{"damage":6,"enemies":"Lots of Slimes","floor":14,"turns":2},{"damage":59,"enemies":"Slime Boss","floor":16,"turns":11},{"damage":1,"enemies":"Chosen","floor":18,"turns":3},{"damage":28,"enemies":"3 Byrds","floor":19,"turns":4},{"damage":39,"enemies":"Snake Plant","floor":21,"turns":4},{"damage":32,"enemies":"Centurion and Healer","floor":22,"turns":5},{"damage":31,"enemies":"Shelled Parasite and Fungi","floor":25,"turns":5},{"damage":13,"enemies":"Cultist and Chosen","floor":27,"turns":5},{"damage":11,"enemies":"Centurion and Healer","floor":29,"turns":5},{"damage":15,"enemies":"Snake Plant","floor":31,"turns":3},{"damage":45,"enemies":"Champ","floor":33,"turns":9}],"seed_played":"7303267138996152755","potions_obtained":[{"floor":7,"key":"Swift Potion"},{"floor":11,"key":"Poison Potion"},{"floor":12,"key":"FearPotion"},{"floor":22,"key":"FairyPotion"},{"floor":25,"key":"SkillPotion"},{"floor":29,"key":"SteroidPotion"},{"floor":30,"key":"Dexterity Potion"}],"is_trial":false,"path_per_floor":["M","?","M","$","M","?"],"character_chosen":"IRONCLAD","items_purchased":["Bludgeon","Mayhem"],"campfire_rested":1,"item_purchase_floors":[4,20],"current_hp_per_floor":[80,80,80,80,74,74,80,80,80,80,55,39,90,90,90,57,90,90,78,78,50,29,29,29,14,14,17,44,49,49,40,40,0],"gold":94,"neow_bonus":"HUNDRED_GOLD","is_prod":false,"is_daily":false,"chose_seed":false,"campfire_upgraded":6,"win_rate":0,"timestamp":1555518444,"path_taken":["M","?","M","$","M","R","M","R","T","R","E","M","?","M","R","BOSS","M","?","?","?","M","R","$","M","T","M","R","M","?","M","R","BOSS"],"build_version":"2019-01-23","purchased_purges":2,"victory":false,"max_hp_per_floor":[80,80,80,80,80,80,80,80,80,80,80,80,90,90,90,90,90,90,90,90,90,90,90,90,90,90,90,90,90,90,90,90,90],"card_choices":[{"not_picked":["Flex","Perfected Strike"],"picked":"Thunderclap","floor":1},{"not_picked":["Havoc","Wild Strike"],"picked":"Iron Wave","floor":2},{"not_picked":["Dropkick","Heavy Blade"],"picked":"Searing Blow","floor":3},{"not_picked":["Sword Boomerang","True Grit","Entrench"],"picked":"SKIP","floor":5},{"not_picked":["Blood for Blood","Pommel Strike","Flex"],"picked":"SKIP","floor":7},{"not_picked":["Flex","Reckless Charge"],"picked":"Shrug It Off","floor":11},{"not_picked":["Clash","Heavy Blade"],"picked":"Reaper","floor":12},{"not_picked":["Body Slam","Battle Trance","Disarm"],"picked":"SKIP","floor":14},{"not_picked":["Berserk","Fiend Fire"],"picked":"Immolate","floor":16},{"not_picked":["Clothesline+1","Disarm+1"],"picked":"Armaments","floor":18},{"not_picked":["Anger","Rampage","Pommel Strike"],"picked":"SKIP","floor":19},{"not_picked":["Metallicize","Anger","Power Through+1"],"picked":"SKIP","floor":21},{"not_picked":["Fire Breathing","Flex+1","Combust"],"picked":"SKIP","floor":22},{"not_picked":["Heavy Blade","Entrench","Wild Strike"],"picked":"SKIP","floor":25},{"not_picked":["Cleave","Combust"],"picked":"Offering","floor":27},{"not_picked":["Rupture","Fire Breathing","Iron Wave+1"],"picked":"SKIP","floor":29},{"not_picked":["Sever Soul","Sword Boomerang"],"picked":"Warcry+1","floor":31}],"player_experience":88325,"relics_obtained":[{"floor":9,"key":"Whetstone"},{"floor":11,"key":"Boot"},{"floor":26,"key":"Oddly Smooth Stone"}],"event_choices":[{"cards_removed":["Bludgeon"],"damage_healed":41,"gold_gain":0,"player_choice":"Offered Rare","damage_taken":0,"max_hp_gain":10,"max_hp_loss":0,"event_name":"Bonfire Elementals","floor":13,"gold_loss":0},{"damage_healed":0,"gold_gain":0,"player_choice":"Bought 1 Potion","damage_taken":0,"max_hp_gain":0,"max_hp_loss":0,"event_name":"The Woman in Blue","floor":30,"gold_loss":0}],"is_beta":false,"boss_relics":[{"not_picked":["Runic Pyramid","Astrolabe"],"picked":"Philosopher\u0027s Stone"}],"items_purged_floors":[4,20],"is_endless":false,"potions_floor_spawned":[7,11,12,16,22,25,29,31],"killed_by":"Champ","ascension_level":2}