{"gold_per_floor":[115,131,306,156,156,182,46,46,46,58,58,70,102,177,177,272,272,286,11,29,29,29,48,48,60,85,112,140,140,158,176,176,176],"floor_reached":33,"playtime":1158,"items_purged":["Doubt","Strike_R","Defend_R"],"score":275,"play_id":"6971d171-39b6-45b9-8ecc-618daaaf88e0","local_time":"20190511024127","is_ascension_mode":false,"campfire_choices":[{"data":"Rampage","floor":8.0,"key":"SMITH"},{"data":"Bash","floor":11.0,"key":"SMITH"},{"floor":15.0,"key":"REST"},{"floor":24,"key":"REST"},{"data":"Uppercut","floor":29,"key":"SMITH"},{"floor":32,"key":"REST"}],"neow_cost":"NONE","seed_source_timestamp":571486532014937,"circlet_count":0,"master_deck":["Strike_R","Strike_R","Strike_R","Defend_R","Defend_R","Defend_R","Bash+1","Dropkick","Rampage+1","Seeing Red+1","Limit Break+1","Pommel Strike+1","Dropkick","Clash+1","Uppercut+1","Flex+1","Flex+1"],"special_seed":0,"relics":["Burning Blood","Boot","Toxic Egg 2","Lantern","Paper Frog","Runic Dome","PreservedInsect","MutagenicStrength","Oddly Smooth Stone","Red Mask","Mummified Hand"],"potions_floor_usage":[18,18,27,27,30],"damage_taken":[{"damage":7.0,"enemies":"2 Louse","floor":1.0,"turns":4.0},{"damage":3.0,"enemies":"Small Slimes","floor":2.0,"turns":4.0},{"damage":17.0,"enemies":"3 Sentries","floor":6.0,"turns":6.0},{"damage":0.0,"enemies":"Cultist","floor":10.0,"turns":2.0},{"damage":0.0,"enemies":"Looter","floor":12.0,"turns":3.0},{"damage":22.0,"enemies":"Gremlin Nob","floor":13.0,"turns":4.0},{"damage":56,"enemies":"Hexaghost","floor":16,"turns":8},{"damage":36,"enemies":"2 Thieves","floor":18,"turns":4},{"damage":16,"enemies":"Chosen","floor":20,"turns":5},{"damage":16,"enemies":"3 Cultists","floor":23,"turns":4},{"damage":15,"enemies":"Snecko","floor":25,"turns":4},{"damage":4,"enemies":"Masked Bandits","floor":27,"turns":3},{"damage":8,"enemies":"Book of Stabbing","floor":28,"turns":3},{"damage":24,"enemies":"Shelled Parasite and Fungi","floor":30,"turns":5},{"damage":9,"enemies":"Centurion and Healer","floor":31,"turns":2},{"damage":64,"enemies":"Collector","floor":33,"turns":6}],"seed_played":"8044761648567067047","potions_obtained":[{"floor":1.0,"key":"Fire Potion"},{"floor":2.0,"key":"LiquidBronze"},{"floor":16,"key":"LiquidBronze"},{"floor":23,"key":"Block Potion"},{"floor":25,"key":"Fire Potion"},{"floor":28,"key":"Ancient Potion"}],"is_trial":false,"path_per_floor":["M","M","?","$","?","E","$","R","T","M","R","M","E","?","R","B",null,"M","$","M","?","?","M","R","M","T","?","E","R","M","M","R","B"],"character_chosen":"IRONCLAD","items_purchased":["Rampage","Seeing Red+1","PreservedInsect"],"campfire_rested":3,"item_purchase_floors":[4,7,19],"current_hp_per_floor":[79,80,80,80,73,62,62,62,62,68,68,74,58,50,74,24,80,50,50,40,40,40,30,54,45,45,47,45,45,27,24,48,0],"gold":176,"neow_bonus":"RANDOM_COMMON_RELIC","is_prod":false,"is_daily":false,"chose_seed":false,"campfire_upgraded":3,"win_rate":0,"timestamp":1557535287,"path_taken":["M","M","?","$","?","E","$","R","T","M","R","M","E","?","R","BOSS","M","$","M","?","?","M","R","?","T","?","E","R","M","M","R","BOSS"],"build_version":"2019-01-23","purchased_purges":3,"victory":false,"max_hp_per_floor":[80,80,80,80,80,80,80,80,80,80,80,80,80,80,80,80,80,80,80,80,80,80,80,80,80,80,80,80,80,80,80,80,80],"card_choices":[{"not_picked":["Shockwave","Wild Strike"],"picked":"Dropkick","floor":1.0},{"not_picked":["Havoc","True Grit","Warcry"],"picked":"SKIP","floor":2.0},{"not_picked":["Searing Blow","Iron Wave","Intimidate"],"picked":"SKIP","floor":6.0},{"not_picked":["Sentinel+1","Heavy Blade"],"picked":"Limit Break+1","floor":10.0},{"not_picked":["Iron Wave","Pommel Strike","Clothesline"],"picked":"SKIP","floor":12.0},{"not_picked":["Reckless Charge","Twin Strike","Exhume+1"],"picked":"SKIP","floor":13.0},{"not_picked":["Flame Barrier+1","Headbutt","Dual Wield+1"],"picked":"SKIP","floor":18},{"not_picked":["Thunderclap","Clothesline+1"],"picked":"Pommel Strike+1","floor":20},{"not_picked":["True Grit+1","Rampage"],"picked":"Clash+1","floor":23},{"not_picked":["Fire Breathing","Searing Blow"],"picked":"Uppercut","floor":25},{"not_picked":["Rupture+1","Impervious+1"],"picked":"Flex+1","floor":27},{"not_picked":["True Grit+1","Uppercut","Perfected Strike"],"picked":"SKIP","floor":28},{"not_picked":["Iron Wave+1","True Grit+1","Body Slam"],"picked":"SKIP","floor":30},{"not_picked":["Armaments+1","Whirlwind"],"picked":"Flex+1","floor":31}],"player_experience":457970,"relics_obtained":[{"floor":6.0,"key":"Toxic Egg 2"},{"floor":9.0,"key":"Lantern"},{"floor":13.0,"key":"Paper Frog"},{"floor":26,"key":"Oddly Smooth Stone"},{"floor":27,"key":"Red Mask"},{"floor":28,"key":"Mummified Hand"}],"event_choices":[{"damage_healed":0.0,"max_hp_gain":0.0,"max_hp_loss":0.0,"gold_gain":175.0,"event_name":"Liars Game","player_choice":"AGREE","floor":3.0,"gold_loss":0.0,"damage_taken":0.0,"cards_obtained":["Doubt"]},{"cards_removed":["Strike_R"],"damage_healed":0.0,"max_hp_gain":0.0,"max_hp_loss":0.0,"gold_gain":0.0,"event_name":"Golden Wing","player_choice":"Card Removal","floor":5.0,"gold_loss":0.0,"damage_taken":7.0},{"damage_healed":0.0,"max_hp_gain":0.0,"max_hp_loss":0.0,"gold_gain":75.0,"event_name":"FaceTrader","player_choice":"Touch","floor":14.0,"gold_loss":0.0,"damage_taken":8.0},{"damage_healed":0,"gold_gain":0,"player_choice":"Inject Mutagens","damage_taken":0,"relics_obtained":["MutagenicStrength"],"max_hp_gain":0,"max_hp_loss":0,"event_name":"Drug Dealer","floor":21,"gold_loss":0},{"damage_healed":0,"gold_gain":0,"player_choice":"Copied","damage_taken":0,"max_hp_gain":0,"max_hp_loss":0,"event_name":"Duplicator","floor":22,"gold_loss":0,"cards_obtained":["Dropkick"]},{"damage_healed":0,"gold_gain":0,"player_choice":"Fought Bandits","damage_taken":0,"max_hp_gain":0,"max_hp_loss":0,"event_name":"Masked Bandits","floor":27,"gold_loss":0}],"is_beta":false,"boss_relics":[{"not_picked":["Runic Pyramid","Ectoplasm"],"picked":"Runic Dome"}],"items_purged_floors":[4,7,19],"is_endless":false,"potions_floor_spawned":[1,2,16,23,25,28],"killed_by":"Collector","ascension_level":0}