{"gold_per_floor":[110,124,26,39,56,56,76,109,109,109,124,124,159,84,84,189,189,201,218,19,19,38,38,72,72,95,95,110,141,157,82,82,177,177,187,199,247,247,267,267,293,310,361,374,374,474,474,485,485,485],"floor_reached":51,"playtime":3673,"items_purged":["Writhe"],"score":1151,"play_id":"1ab1bf74-af24-4d81-af11-d3a5cd8767e3","local_time":"20190323001101","is_ascension_mode":true,"campfire_choices":[{"data":"Inflame","floor":6.0,"key":"SMITH"},{"floor":10.0,"key":"DIG"},{"floor":12.0,"key":"DIG"},{"data":"Body Slam","floor":15.0,"key":"SMITH"},{"floor":23.0,"key":"DIG"},{"floor":25.0,"key":"DIG"},{"data":"Demon Form","floor":27.0,"key":"SMITH"},{"data":"Metallicize","floor":32.0,"key":"SMITH"},{"floor":40.0,"key":"DIG"},{"floor":45.0,"key":"DIG"},{"floor":47.0,"key":"DIG"},{"floor":49.0,"key":"DIG"}],"neow_cost":"CURSE","seed_source_timestamp":174823538560709,"circlet_count":0,"master_deck":["AscendersBane","Strike_R","Strike_R+1","Strike_R","Strike_R","Strike_R","Defend_R","Defend_R","Defend_R","Defend_R","Bash","Offering","Inflame+1","Pommel Strike","Warcry","Anger+1","Shrug It Off","Body Slam+1","Shockwave","True Grit","Demon Form+1","Limit Break","Iron Wave","Infernal Blade","Metallicize","Iron Wave","Metallicize+1","Reaper","Anger+1","Flame Barrier","Blood for Blood","Body Slam","Seeing Red+1","Shrug It Off","Iron Wave+1","Heavy Blade","Battle Trance","Headbutt+1"],"special_seed":0,"relics":["Burning Blood","Sundial","Shovel","Meat on the Bone","Omamori","Question Card","Busted Crown","ClockworkSouvenir","Mummified Hand","Bottled Tornado","Anchor","Whetstone","Centennial Puzzle","Orrery","Unceasing Top","Art of War","Blood Vial","Molten Egg 2","Incense Burner","Magic Flower","Bag of Preparation"],"potions_floor_usage":[50],"damage_taken":[{"damage":8.0,"enemies":"Jaw Worm","floor":1.0,"turns":5.0},{"damage":7.0,"enemies":"Cultist","floor":2.0,"turns":3.0},{"damage":2.0,"enemies":"2 Louse","floor":4.0,"turns":3.0},{"damage":8.0,"enemies":"2 Fungi Beasts","floor":5.0,"turns":3.0},{"damage":12.0,"enemies":"Looter","floor":7.0,"turns":3.0},{"damage":18.0,"enemies":"Gremlin Nob","floor":8.0,"turns":3.0},{"damage":14.0,"enemies":"Gremlin Gang","floor":11.0,"turns":4.0},{"damage":10.0,"enemies":"3 Sentries","floor":13.0,"turns":7.0},{"damage":16.0,"enemies":"Slime Boss","floor":16.0,"turns":7.0},{"damage":45.0,"enemies":"2 Thieves","floor":18.0,"turns":5.0},{"damage":18.0,"enemies":"Shell Parasite","floor":19.0,"turns":6.0},{"damage":26.0,"enemies":"Cultist and Chosen","floor":22.0,"turns":6.0},{"damage":43.0,"enemies":"Slavers","floor":24.0,"turns":6.0},{"damage":6.0,"enemies":"Snake Plant","floor":28.0,"turns":3.0},{"damage":33.0,"enemies":"Book of Stabbing","floor":29.0,"turns":4.0},{"damage":3.0,"enemies":"Chosen and Byrds","floor":30.0,"turns":4.0},{"damage":38.0,"enemies":"Champ","floor":33.0,"turns":7.0},{"damage":2.0,"enemies":"Orb Walker","floor":35.0,"turns":3.0},{"damage":18.0,"enemies":"3 Shapes","floor":36.0,"turns":5.0},{"damage":16.0,"enemies":"2 Orb Walkers","floor":37.0,"turns":3.0},{"damage":12.0,"enemies":"Jaw Worm Horde","floor":39.0,"turns":3.0},{"damage":33.0,"enemies":"Nemesis","floor":41.0,"turns":5.0},{"damage":24.0,"enemies":"Transient","floor":42.0,"turns":5.0},{"damage":12.0,"enemies":"3 Darklings","floor":44.0,"turns":4.0},{"damage":23.0,"enemies":"Mind Bloom Boss Battle","floor":46.0,"turns":5.0},{"damage":25.0,"enemies":"Spire Growth","floor":48.0,"turns":5.0},{"damage":50,"enemies":"Time Eater","floor":50,"turns":6}],"seed_played":"8359293756612737157","potions_obtained":[{"floor":7.0,"key":"Dexterity Potion"},{"floor":11.0,"key":"SteroidPotion"},{"floor":16.0,"key":"PowerPotion"},{"floor":19.0,"key":"Weak Potion"},{"floor":28.0,"key":"Ancient Potion"},{"floor":33.0,"key":"Swift Potion"},{"floor":35.0,"key":"GamblersBrew"},{"floor":36.0,"key":"Dexterity Potion"},{"floor":37.0,"key":"SkillPotion"},{"floor":46.0,"key":"Fire Potion"}],"is_trial":false,"path_per_floor":["M","M","$","M","M","R","M","E","T","R","M","R","E","?","R","B",null,"M","M","$","?","M","R","E","R","T","R","M","E","M","$","R","B",null,"M","M","?","?","M","R","E","M","T","M","R","?","R","M","R","B",null],"character_chosen":"IRONCLAD","items_purchased":["Warcry","ClockworkSouvenir","Metallicize"],"campfire_rested":0,"item_purchase_floors":[3,20,31],"current_hp_per_floor":[70,69,69,73,71,71,65,53,53,53,57,57,53,53,53,55,74,47,47,47,80,60,60,35,35,35,35,47,32,47,47,47,27,67,71,62,72,72,66,66,51,72,72,80,80,80,80,64,64,44],"gold":485,"neow_bonus":"THREE_RARE_CARDS","is_prod":false,"is_daily":false,"chose_seed":false,"campfire_upgraded":4,"win_rate":0,"timestamp":1553325061,"path_taken":["M","M","$","M","M","R","M","E","T","R","M","R","E","?","R","BOSS","M","M","$","?","?","R","E","R","T","R","M","E","M","?","R","BOSS","M","M","?","?","M","R","E","M","T","M","R","?","R","M","R","BOSS"],"build_version":"2019-01-23","purchased_purges":1,"victory":true,"max_hp_per_floor":[80,80,80,80,80,80,80,80,80,80,80,80,80,80,80,80,80,80,80,80,80,80,80,80,80,80,80,80,80,80,80,80,80,80,80,80,80,80,80,80,80,80,80,80,80,80,80,80,80,80],"card_choices":[{"not_picked":["Brutality","Impervious"],"picked":"Offering","floor":0.0},{"not_picked":["True Grit","Clothesline"],"picked":"Inflame","floor":1.0},{"not_picked":["Fire Breathing","Pummel"],"picked":"Pommel Strike","floor":2.0},{"not_picked":["Fire Breathing","Cleave"],"picked":"Anger","floor":4.0},{"not_picked":["Anger","Cleave"],"picked":"Shrug It Off","floor":5.0},{"not_picked":["Fire Breathing","Heavy Blade"],"picked":"Body Slam","floor":7.0},{"not_picked":["Intimidate","Burning Pact"],"picked":"Shockwave","floor":8.0},{"not_picked":["Uppercut","Twin Strike"],"picked":"True Grit","floor":11.0},{"not_picked":["Warcry","Burning Pact"],"picked":"Demon Form","floor":13.0},{"not_picked":["Berserk","Brutality","Bludgeon"],"picked":"Limit Break","floor":16.0},{"not_picked":["Combust"],"picked":"Iron Wave","floor":18.0},{"not_picked":["Clothesline","Evolve"],"picked":"SKIP","floor":19.0},{"not_picked":["Havoc","Evolve"],"picked":"SKIP","floor":22.0},{"not_picked":["Uppercut"],"picked":"Infernal Blade","floor":24.0},{"not_picked":["Pommel Strike"],"picked":"Metallicize","floor":28.0},{"not_picked":["Corruption"],"picked":"Iron Wave","floor":29.0},{"not_picked":["Twin Strike","Clothesline"],"picked":"SKIP","floor":30.0},{"not_picked":["Immolate"],"picked":"Reaper","floor":33.0},{"not_picked":["Fire Breathing"],"picked":"Anger+1","floor":34.0},{"not_picked":["Armaments"],"picked":"Flame Barrier","floor":34.0},{"not_picked":["Twin Strike"],"picked":"Blood for Blood","floor":34.0},{"not_picked":["Perfected Strike"],"picked":"Body Slam","floor":34.0},{"not_picked":["True Grit"],"picked":"Seeing Red+1","floor":35.0},{"not_picked":["Sever Soul","Dual Wield"],"picked":"SKIP","floor":36.0},{"not_picked":["True Grit"],"picked":"Shrug It Off","floor":37.0},{"not_picked":["Infernal Blade+1"],"picked":"Iron Wave+1","floor":39.0},{"not_picked":["Dual Wield","Dark Embrace"],"picked":"SKIP","floor":41.0},{"not_picked":["Entrench"],"picked":"Heavy Blade","floor":42.0},{"not_picked":["Anger"],"picked":"Battle Trance","floor":44.0},{"not_picked":["Pommel Strike+1"],"picked":"Headbutt+1","floor":48.0}],"player_experience":518842,"relics_obtained":[{"floor":8.0,"key":"Sundial"},{"floor":9.0,"key":"Shovel"},{"floor":10.0,"key":"Meat on the Bone"},{"floor":13.0,"key":"Omamori"},{"floor":23.0,"key":"Mummified Hand"},{"floor":24.0,"key":"Bottled Tornado"},{"floor":25.0,"key":"Anchor"},{"floor":26.0,"key":"Whetstone"},{"floor":29.0,"key":"Centennial Puzzle"},{"floor":37.0,"key":"Unceasing Top"},{"floor":40.0,"key":"Art of War"},{"floor":41.0,"key":"Blood Vial"},{"floor":45.0,"key":"Molten Egg 2"},{"floor":46.0,"key":"Incense Burner"},{"floor":47.0,"key":"Magic Flower"},{"floor":49.0,"key":"Bag of Preparation"}],"event_choices":[{"damage_healed":0.0,"max_hp_gain":0.0,"max_hp_loss":0.0,"gold_gain":0.0,"event_name":"WeMeetAgain","player_choice":"Paid Gold","floor":14.0,"gold_loss":75.0,"damage_taken":0.0,"relics_obtained":["Question Card"]},{"damage_healed":33.0,"max_hp_gain":0.0,"max_hp_loss":0.0,"gold_gain":0.0,"event_name":"Wheel of Change","player_choice":"Full Heal","floor":21.0,"gold_loss":0.0,"damage_taken":0.0},{"damage_healed":0.0,"max_hp_gain":0.0,"max_hp_loss":0.0,"gold_gain":0.0,"event_name":"Mysterious Sphere","player_choice":"Fight","floor":37.0,"gold_loss":0.0,"damage_taken":0.0},{"damage_healed":0.0,"max_hp_gain":0.0,"max_hp_loss":0.0,"gold_gain":0.0,"event_name":"Tomb of Lord Red Mask","player_choice":"Ignored","floor":38.0,"gold_loss":0.0,"damage_taken":0.0},{"damage_healed":0.0,"max_hp_gain":0.0,"max_hp_loss":0.0,"gold_gain":0.0,"event_name":"MindBloom","player_choice":"Fight","floor":46.0,"gold_loss":0.0,"damage_taken":0.0}],"is_beta":false,"boss_relics":[{"not_picked":["Mark of Pain","Runic Pyramid"],"picked":"Busted Crown"},{"not_picked":["Pandora\u0027s Box","Philosopher\u0027s Stone"],"picked":"Orrery"}],"items_purged_floors":[3],"is_endless":false,"potions_floor_spawned":[7,11,16,19,28,33,35,36,37,46],"ascension_level":12}