{"gold_per_floor":[111,130,305,5,5,34,52,52,52,52,62,89,89,89,89,192,192,202,0,0],"floor_reached":20,"playtime":610,"items_purged":[],"score":287,"play_id":"98000baa-42ad-4a8d-a302-4680f7ad2d9f","local_time":"20190507192949","is_ascension_mode":true,"campfire_choices":[{"data":"True Grit","floor":8.0,"key":"SMITH"},{"data":"Bash","floor":10.0,"key":"SMITH"},{"floor":15.0,"key":"REST"}],"neow_cost":"NONE","seed_source_timestamp":982816514771530,"circlet_count":0,"master_deck":["Strike_R","Strike_R","Strike_R","Strike_R","Strike_R","Defend_R","Defend_R","Defend_R","Defend_R","Bash+1","Infernal Blade+1","Intimidate+1","Doubt","Flex","True Grit+1","Rampage","Parasite","Demon Form","Anger"],"special_seed":0,"relics":["Burning Blood","NeowsBlessing","Shuriken","Paper Frog","The Courier","Gremlin Horn","Philosopher\u0027s Stone"],"potions_floor_usage":[16,16],"damage_taken":[{"damage":0.0,"enemies":"Cultist","floor":1.0,"turns":1.0},{"damage":0.0,"enemies":"2 Louse","floor":2.0,"turns":2.0},{"damage":0.0,"enemies":"3 Sentries","floor":6.0,"turns":2.0},{"damage":11.0,"enemies":"Jaw Worm","floor":7.0,"turns":4.0},{"damage":8.0,"enemies":"Exordium Wildlife","floor":11.0,"turns":3.0},{"damage":54.0,"enemies":"Lagavulin","floor":12.0,"turns":9.0},{"damage":51,"enemies":"The Guardian","floor":16,"turns":14},{"damage":54,"enemies":"Spheric Guardian","floor":18,"turns":6},{"damage":24,"enemies":"Shell Parasite","floor":20,"turns":3}],"seed_played":"-4069498846904160924","potions_obtained":[{"floor":1.0,"key":"AttackPotion"},{"floor":6.0,"key":"LiquidBronze"},{"floor":7.0,"key":"Dexterity Potion"}],"is_trial":false,"path_per_floor":["M","?","?","M","?","?","?"],"character_chosen":"IRONCLAD","items_purchased":["Shuriken","Flex"],"campfire_rested":1,"item_purchase_floors":[4,4],"current_hp_per_floor":[78,80,80,80,85,85,80,80,80,80,78,30,51,34,59,14,67,19,19,0],"gold":0,"neow_bonus":"THREE_ENEMY_KILL","is_prod":false,"is_daily":false,"chose_seed":false,"campfire_upgraded":2,"win_rate":0,"timestamp":1557250189,"path_taken":["M","?","?","$","?","E","?","R","T","R","M","E","?","?","R","BOSS","M","?","M"],"build_version":"2019-01-23","purchased_purges":0,"victory":false,"max_hp_per_floor":[80,80,80,80,85,85,85,85,85,85,85,85,85,85,85,85,85,85,85,85],"card_choices":[{"not_picked":["Fire Breathing","Iron Wave"],"picked":"Infernal Blade","floor":1.0},{"not_picked":["Blood for Blood","True Grit"],"picked":"Intimidate","floor":2.0},{"not_picked":["Havoc","Sever Soul","Clothesline"],"picked":"SKIP","floor":6.0},{"not_picked":["Cleave","Wild Strike"],"picked":"True Grit","floor":7.0},{"not_picked":["Bludgeon","Headbutt","Wild Strike"],"picked":"SKIP","floor":11.0},{"not_picked":["Perfected Strike","Juggernaut"],"picked":"Rampage","floor":12.0},{"not_picked":["Offering","Exhume"],"picked":"Demon Form","floor":16},{"not_picked":["Disarm+1","Wild Strike"],"picked":"Anger","floor":18}],"player_experience":248824,"relics_obtained":[{"floor":6.0,"key":"Paper Frog"},{"floor":9.0,"key":"The Courier"},{"floor":12.0,"key":"Gremlin Horn"}],"event_choices":[{"damage_healed":0.0,"max_hp_gain":0.0,"max_hp_loss":0.0,"gold_gain":175.0,"event_name":"Liars Game","player_choice":"AGREE","floor":3.0,"gold_loss":0.0,"damage_taken":0.0,"cards_obtained":["Doubt"]},{"damage_healed":0.0,"max_hp_gain":5.0,"max_hp_loss":0.0,"gold_gain":0.0,"event_name":"Big Fish","player_choice":"Donut","floor":5.0,"gold_loss":0.0,"damage_taken":0.0},{"damage_healed":21.0,"max_hp_gain":0.0,"max_hp_loss":0.0,"gold_gain":0.0,"event_name":"Mushrooms","player_choice":"Healed and dodged fight","floor":13.0,"gold_loss":0.0,"damage_taken":0.0,"cards_obtained":["Parasite"]},{"damage_healed":0.0,"max_hp_gain":0.0,"max_hp_loss":0.0,"gold_gain":0.0,"event_name":"Shining Light","player_choice":"Entered Light","floor":14.0,"gold_loss":0.0,"damage_taken":17.0,"cards_upgraded":["Infernal Blade","Intimidate"]},{"damage_healed":0,"gold_gain":0,"player_choice":"Paid Fearfully","damage_taken":0,"max_hp_gain":0,"max_hp_loss":0,"event_name":"Masked Bandits","floor":19,"gold_loss":202}],"is_beta":false,"boss_relics":[{"not_picked":["Runic Dome","Astrolabe"],"picked":"Philosopher\u0027s Stone"}],"items_purged_floors":[],"is_endless":false,"potions_floor_spawned":[1,6,7],"killed_by":"Shell Parasite","ascension_level":8}