{"gold_per_floor":[215,215,215,101,115,141,141,157,157,170,170,345,361,331],"floor_reached":14,"playtime":378,"items_purged":["Defend_B"],"score":95,"play_id":"b28cfb2a-b792-4641-ae58-fea532170c5a","local_time":"20190416074738","is_ascension_mode":true,"campfire_choices":[{"floor":7,"key":"REST"},{"floor":11,"key":"REST"}],"neow_cost":"NONE","seed_source_timestamp":183337200631045,"circlet_count":0,"master_deck":["Strike_B","Strike_B","Strike_B+1","Strike_B","Defend_B","Defend_B","Zap","Dualcast+1","Conserve Battery","Capacitor","Redo","Creative AI","Hologram","Doubt","Rip and Tear"],"relics":["Cracked Core","Unceasing Top","Emotion Chip"],"potions_floor_usage":[8],"damage_taken":[{"damage":8,"enemies":"Jaw Worm","floor":1,"turns":4},{"damage":1,"enemies":"2 Louse","floor":5,"turns":2},{"damage":37,"enemies":"3 Sentries","floor":6,"turns":9},{"damage":5,"enemies":"Small Slimes","floor":8,"turns":3},{"damage":3,"enemies":"3 Louse","floor":10,"turns":3},{"damage":45,"enemies":"Gremlin Gang","floor":13,"turns":4},{"damage":10,"enemies":"Looter","floor":14,"turns":2}],"seed_played":"-5507570586747426876","potions_obtained":[{"floor":5,"key":"Swift Potion"},{"floor":6,"key":"Dexterity Potion"},{"floor":13,"key":"EntropicBrew"}],"is_trial":false,"path_per_floor":["?","?","$","?"],"character_chosen":"DEFECT","items_purchased":["Capacitor"],"campfire_rested":2,"item_purchase_floors":[4],"current_hp_per_floor":[67,67,52,52,51,14,36,31,31,28,50,50,5,0],"gold":331,"neow_bonus":"HUNDRED_GOLD","is_prod":false,"is_daily":false,"chose_seed":false,"campfire_upgraded":0,"win_rate":0,"timestamp":1555393658,"path_taken":["M","?","?","?","M","E","R","M","T","M","R","?","M","M"],"build_version":"2019-01-23","purchased_purges":1,"victory":false,"max_hp_per_floor":[75,75,75,75,75,75,75,75,75,75,75,75,75,75],"card_choices":[{"not_picked":["Hello World","Leap"],"picked":"Conserve Battery","floor":1},{"not_picked":["Rebound","Aggregate"],"picked":"Redo","floor":5},{"not_picked":["Glacier","Aggregate"],"picked":"Creative AI","floor":6},{"not_picked":["Coolheaded","Cold Snap"],"picked":"Hologram","floor":8},{"not_picked":["Cold Snap","Gash","Scrape"],"picked":"SKIP","floor":10},{"not_picked":["Beam Cell","Compile Driver"],"picked":"Rip and Tear","floor":13}],"player_experience":80247,"relics_obtained":[{"floor":6,"key":"Unceasing Top"},{"floor":9,"key":"Emotion Chip"}],"event_choices":[{"cards_removed":["Defend_B"],"damage_healed":0,"gold_gain":0,"player_choice":"Forget","damage_taken":0,"max_hp_gain":0,"max_hp_loss":0,"event_name":"Living Wall","floor":2,"gold_loss":0},{"damage_healed":0,"gold_gain":0,"player_choice":"Entered Light","damage_taken":15,"max_hp_gain":0,"max_hp_loss":0,"event_name":"Shining Light","floor":3,"gold_loss":0,"cards_upgraded":["Dualcast","Strike_B"]},{"damage_healed":0,"gold_gain":175,"player_choice":"AGREE","damage_taken":0,"max_hp_gain":0,"max_hp_loss":0,"event_name":"Liars Game","floor":12,"gold_loss":0,"cards_obtained":["Doubt"]}],"is_beta":false,"boss_relics":[],"items_purged_floors":[4],"is_endless":false,"potions_floor_spawned":[5,6,13],"killed_by":"Looter","ascension_level":1}