{"gold_per_floor":[115,115,40,55,55,88,107,125,125,138,138,149,174,174,174,278,278,293,293,6,6,22,22,40,130,180,180,36,61,86,106,106,203,203,218,237,237,58,121,121,140,151,225,275,275,275],"floor_reached":46,"playtime":4587,"items_purged":["Strike_R"],"score":440,"play_id":"844b5a32-ee5d-43b9-8f40-e855b62b99c8","local_time":"20180716211453","is_ascension_mode":false,"campfire_choices":[{"data":"True Grit","floor":11,"key":"SMITH"},{"data":"Bash","floor":15,"key":"SMITH"},{"data":"Body Slam","floor":23,"key":"SMITH"},{"floor":27,"key":"REST"},{"floor":32,"key":"REST"},{"floor":40,"key":"REST"},{"data":"Anger","floor":45,"key":"SMITH"}],"neow_cost":"NONE","seed_source_timestamp":82808863401963,"circlet_count":0,"master_deck":["Defend_R","Defend_R","Defend_R","Bash+1","Shrug It Off+1","Iron Wave","Anger","True Grit+1","Headbutt","Pommel Strike","Shrug It Off","Dual Wield","Impervious","Fiend Fire+1","Headbutt+1","Warcry+1","Body Slam+1","Thunderclap","Flex+1","Bandage Up","Anger+1","Double Tap+1","Dual Wield+1","Demon Form","Burning Pact+1","Flex+1"],"relics":["Burning Blood","Shuriken","Odd Mushroom","Red Skull","Astrolabe","Nloth\u0027s Gift","Paper Frog","Bronze Scales","Toxic Egg 2","Bag of Preparation","Lizard Tail","SsserpentHead","War Paint","Pear"],"potions_floor_usage":[12,16,33,33,33],"damage_taken":[{"damage":0,"enemies":"2 Louse","floor":1,"turns":4},{"damage":5,"enemies":"Small Slimes","floor":4,"turns":4},{"damage":23,"enemies":"3 Sentries","floor":6,"turns":14},{"damage":1,"enemies":"Cultist","floor":7,"turns":4},{"damage":12,"enemies":"Lots of Slimes","floor":8,"turns":5},{"damage":2,"enemies":"Blue Slaver","floor":10,"turns":5},{"damage":1,"enemies":"2 Fungi Beasts","floor":12,"turns":5},{"damage":10,"floor":13,"turns":5},{"damage":53,"enemies":"Hexaghost","floor":16,"turns":10},{"damage":11,"enemies":"Shell Parasite","floor":18,"turns":6},{"damage":19,"enemies":"Spheric Guardian","floor":22,"turns":4},{"damage":24,"enemies":"Cultist and Chosen","floor":24,"turns":6},{"damage":36,"enemies":"Slavers","floor":29,"turns":6},{"damage":10,"enemies":"Snecko","floor":31,"turns":3},{"damage":47,"enemies":"Collector","floor":33,"turns":7},{"damage":22,"enemies":"3 Shapes","floor":35,"turns":3},{"damage":25,"enemies":"Orb Walker","floor":36,"turns":3},{"damage":40,"enemies":"Spire Growth","floor":39,"turns":5},{"damage":50,"enemies":"4 Shapes","floor":41,"turns":6},{"damage":0,"enemies":"Flame Bruiser 2 Orb","floor":42,"turns":2},{"damage":64,"enemies":"Spire Growth","floor":46,"turns":3}],"seed_played":"2147841833973670166","potions_obtained":[{"floor":4,"key":"SpeedPotion"},{"floor":7,"key":"Block Potion"},{"floor":13,"key":"Strength Potion"},{"floor":24,"key":"BloodPotion"},{"floor":29,"key":"SpeedPotion"},{"floor":35,"key":"Energy Potion"},{"floor":41,"key":"Weak Potion"}],"is_trial":false,"path_per_floor":["M","?","$","M","?","E","M","M","T","M","R","M","?","T","R","B",null,"M","?","$","?","M","R","M","?","T","R","$","E","T","M","R","B",null,"M","M","?","$","M","R","M","M","T","?","R"],"character_chosen":"IRONCLAD","items_purchased":["Paper Frog","Thunderclap","Bandage Up","Anger","War Paint","Flex+1"],"campfire_rested":3,"item_purchase_floors":[20,20,28,28,38,38],"current_hp_per_floor":[80,80,80,80,73,56,61,55,55,59,59,64,60,60,60,33,80,75,75,75,75,62,62,44,28,28,52,52,26,26,26,50,21,80,64,49,49,49,19,43,46,52,62,62,62,0],"gold":275,"neow_bonus":"REMOVE_CARD","is_prod":false,"is_daily":false,"chose_seed":false,"campfire_upgraded":4,"win_rate":0.0,"timestamp":1531790093,"path_taken":["M","?","$","?","?","E","M","M","T","M","R","M","?","?","R","BOSS","M","?","$","?","?","R","M","?","T","R","$","E","?","M","R","BOSS","M","M","?","$","?","R","M","M","T","?","R","M"],"build_version":"2018-07-13","purchased_purges":1,"victory":false,"max_hp_per_floor":[80,80,80,80,80,80,80,80,80,80,80,80,80,80,80,80,80,80,80,80,80,80,80,80,80,80,80,80,80,80,80,80,80,80,80,80,80,80,80,80,80,80,90,90,90,90],"card_choices":[{"not_picked":["Clothesline","Intimidate"],"picked":"Shrug It Off","floor":1},{"not_picked":["Combust","Warcry"],"picked":"Iron Wave","floor":4},{"not_picked":["Ghostly Armor","Sword Boomerang"],"picked":"Anger","floor":6},{"not_picked":["Sword Boomerang","Power Through"],"picked":"True Grit","floor":7},{"not_picked":["Pummel","Rampage"],"picked":"Headbutt","floor":8},{"not_picked":["Infernal Blade","Rage"],"picked":"Pommel Strike","floor":10},{"not_picked":["Cleave","Perfected Strike"],"picked":"Shrug It Off","floor":12},{"not_picked":["Shrug It Off","Iron Wave"],"picked":"Dual Wield","floor":13},{"not_picked":["Fiend Fire","Bludgeon"],"picked":"Impervious","floor":16},{"not_picked":["Feel No Pain","Second Wind"],"picked":"Body Slam","floor":18},{"not_picked":["Warcry","Pommel Strike","Shrug It Off"],"picked":"SKIP","floor":22},{"not_picked":["Twin Strike","Sword Boomerang","True Grit"],"picked":"SKIP","floor":24},{"not_picked":["Pommel Strike+1","Twin Strike"],"picked":"Double Tap","floor":29},{"not_picked":["Impervious+1","Clash"],"picked":"Dual Wield+1","floor":31},{"not_picked":["Brutality","Fiend Fire"],"picked":"Demon Form","floor":33},{"not_picked":["Uppercut+1","Thunderclap+1"],"picked":"Burning Pact+1","floor":35},{"not_picked":["Iron Wave","Uppercut","Pommel Strike"],"picked":"SKIP","floor":36},{"not_picked":["Clothesline","Dual Wield+1"],"picked":"Barricade","floor":39},{"not_picked":["Body Slam","Iron Wave+1","Searing Blow+1"],"picked":"SKIP","floor":41},{"not_picked":["Anger","Cleave","Hemokinesis"],"picked":"SKIP","floor":42}],"player_experience":11740,"relics_obtained":[{"floor":6,"key":"Pantograph"},{"floor":9,"key":"Shuriken"},{"floor":13,"key":"Odd Mushroom"},{"floor":14,"key":"Red Skull"},{"floor":26,"key":"Bronze Scales"},{"floor":29,"key":"Toxic Egg 2"},{"floor":30,"key":"Bag of Preparation"},{"floor":43,"key":"Pear"}],"event_choices":[{"event_name":"Liars Game","player_choice":"disagreed","floor":2,"damage_taken":0},{"event_name":"Golden Wing","player_choice":"Card Removal","floor":5,"damage_taken":0},{"event_name":"Mushrooms","player_choice":"Fought Mushrooms","floor":13,"damage_taken":0},{"event_name":"N\u0027loth","player_choice":"Traded a Pantograph","floor":19,"damage_taken":0},{"event_name":"The Library","player_choice":"Read","floor":21,"damage_taken":0},{"event_name":"Knowing Skull","player_choice":"GOLD ","floor":25,"damage_taken":0},{"event_name":"FaceTrader","player_choice":"Trade","floor":37,"damage_taken":0},{"event_name":"Falling","player_choice":"Removed Power","floor":44,"damage_taken":0}],"boss_relics":[{"not_picked":["Ectoplasm","White Beast Statue"],"picked":"Astrolabe"},{"not_picked":["Philosopher\u0027s Stone","Runic Cube"],"picked":"Lizard Tail"}],"items_purged_floors":[3],"is_endless":false,"potions_floor_spawned":[4,7,13,24,29,35,41],"killed_by":"Spire Growth","ascension_level":0}