{"gold_per_floor":[359,359,434,97,122,163,163,207,207,207,223,256,256,256,256,256],"floor_reached":16,"playtime":996,"items_purged":["Normality"],"score":185,"play_id":"82c10661-1bfc-4e82-9422-817b7ed11a92","local_time":"20190323131928","is_ascension_mode":true,"campfire_choices":[{"data":"Footwork","floor":7.0,"key":"SMITH"},{"floor":10.0,"key":"REST"},{"floor":15.0,"key":"REST"}],"neow_cost":"CURSE","seed_source_timestamp":186463044762882,"circlet_count":0,"master_deck":["AscendersBane","Defend_G","Defend_G","Defend_G","Defend_G","Defend_G","Strike_G","Strike_G","Strike_G","Strike_G","Strike_G","Survivor","Neutralize","Backflip","Footwork+1","Cloak And Dagger","Terror","Well Laid Plans","Backflip","Parasite"],"special_seed":0,"relics":["Ring of the Snake","Golden Idol","Sling","Letter Opener","The Courier","Bottled Tornado","Strawberry","Spirit Poop"],"potions_floor_usage":[16],"damage_taken":[{"damage":5.0,"enemies":"2 Louse","floor":1.0,"turns":4.0},{"damage":14.0,"enemies":"Jaw Worm","floor":5.0,"turns":6.0},{"damage":11.0,"enemies":"Gremlin Nob","floor":6.0,"turns":5.0},{"damage":7.0,"enemies":"3 Sentries","floor":8.0,"turns":11.0},{"damage":0.0,"enemies":"Small Slimes","floor":11.0,"turns":4.0},{"damage":29.0,"enemies":"Gremlin Nob","floor":12.0,"turns":5.0},{"damage":61,"enemies":"Hexaghost","floor":16,"turns":17}],"seed_played":"-896431023383486989","potions_obtained":[{"floor":1.0,"key":"AttackPotion"},{"floor":5.0,"key":"EntropicBrew"},{"floor":12.0,"key":"EntropicBrew"}],"is_trial":false,"path_per_floor":["M","?","?","$","M","E","R","E","T","R","M","E","?","?","R","B"],"character_chosen":"THE_SILENT","items_purchased":["Footwork","Sling"],"campfire_rested":2,"item_purchase_floors":[4,4],"current_hp_per_floor":[58,58,47,47,33,22,22,15,15,36,36,14,33,33,56,0],"gold":256,"neow_bonus":"TWO_FIFTY_GOLD","is_prod":false,"is_daily":false,"chose_seed":false,"campfire_upgraded":1,"win_rate":0,"timestamp":1553372368,"path_taken":["M","?","?","$","M","E","R","E","T","R","M","E","?","?","R","BOSS"],"build_version":"2019-01-23","purchased_purges":1,"victory":false,"max_hp_per_floor":[70,70,70,70,70,70,70,70,70,70,70,77,77,77,77,77],"card_choices":[{"not_picked":["Setup","Dodge and Roll"],"picked":"Backflip","floor":1.0},{"not_picked":["Dodge and Roll","Blade Dance"],"picked":"Cloak And Dagger","floor":5.0},{"not_picked":["Blur","All Out Attack"],"picked":"Terror","floor":6.0},{"not_picked":["Underhanded Strike","Backflip"],"picked":"Well Laid Plans","floor":8.0},{"not_picked":["Acrobatics","Sucker Punch","Outmaneuver"],"picked":"SKIP","floor":11.0},{"not_picked":["Finisher","Expertise"],"picked":"Backflip","floor":12.0}],"player_experience":527970,"relics_obtained":[{"floor":6.0,"key":"Letter Opener"},{"floor":8.0,"key":"The Courier"},{"floor":9.0,"key":"Bottled Tornado"},{"floor":12.0,"key":"Strawberry"}],"event_choices":[{"damage_healed":0.0,"max_hp_gain":0.0,"max_hp_loss":0.0,"gold_gain":0.0,"event_name":"Golden Idol","player_choice":"Take Wound","floor":2.0,"gold_loss":0.0,"damage_taken":0.0,"relics_obtained":["Golden Idol"],"cards_obtained":["Injury"]},{"damage_healed":0.0,"max_hp_gain":0.0,"max_hp_loss":0.0,"gold_gain":75.0,"event_name":"World of Goop","player_choice":"Gather Gold","floor":3.0,"gold_loss":0.0,"damage_taken":11.0},{"damage_healed":19.0,"max_hp_gain":0.0,"max_hp_loss":0.0,"gold_gain":0.0,"event_name":"Mushrooms","player_choice":"Healed and dodged fight","floor":13.0,"gold_loss":0.0,"damage_taken":0.0,"cards_obtained":["Parasite"]},{"cards_removed":["Injury"],"damage_healed":0.0,"max_hp_gain":0.0,"max_hp_loss":0.0,"gold_gain":0.0,"event_name":"Bonfire Elementals","player_choice":"Offered Curse","floor":14.0,"gold_loss":0.0,"damage_taken":0.0,"relics_obtained":["Spirit Poop"]}],"is_beta":false,"boss_relics":[],"items_purged_floors":[4],"is_endless":false,"potions_floor_spawned":[1,5,12],"killed_by":"Hexaghost","ascension_level":12}