{"gold_per_floor":[115,115,42,52,72,107,107,118,171,171,183,213,229,262,262,363,363,374,387,0,0,16,16,16,33,58,58],"floor_reached":27,"playtime":1149,"items_purged":[],"score":354,"play_id":"b7391df8-ef21-439d-b585-71144294508f","local_time":"20190508182521","is_ascension_mode":true,"campfire_choices":[{"data":"Carnage","floor":7.0,"key":"SMITH"},{"floor":10.0,"key":"REST"},{"floor":15.0,"key":"REST"},{"data":"Apotheosis","floor":23,"key":"SMITH"}],"neow_cost":"PERCENT_DAMAGE","seed_source_timestamp":1064847454648210,"circlet_count":0,"master_deck":["Strike_R","Strike_R","Strike_R","Defend_R","Defend_R","Defend_R","Defend_R","Bash","Cleave","Carnage+1","Headbutt","Flame Barrier","Iron Wave","Clothesline","Shrug It Off","Iron Wave","Limit Break","Anger","Shockwave+1","Apotheosis+1","Pummel","Pummel"],"special_seed":0,"relics":["Burning Blood","Potion Belt","Tiny Chest","Oddly Smooth Stone","Girya","Sozu","Vajra","Orichalcum"],"potions_floor_usage":[16],"damage_taken":[{"damage":6.0,"enemies":"Cultist","floor":1.0,"turns":3.0},{"damage":2.0,"enemies":"Jaw Worm","floor":4.0,"turns":3.0},{"damage":6.0,"enemies":"2 Louse","floor":5.0,"turns":2.0},{"damage":55.0,"enemies":"Lagavulin","floor":6.0,"turns":9.0},{"damage":13.0,"enemies":"Large Slime","floor":8.0,"turns":4.0},{"damage":3.0,"enemies":"Lots of Slimes","floor":11.0,"turns":3.0},{"damage":28.0,"enemies":"3 Sentries","floor":12.0,"turns":7.0},{"damage":6.0,"enemies":"Gremlin Gang","floor":13.0,"turns":4.0},{"damage":16.0,"enemies":"Gremlin Nob","floor":14.0,"turns":4.0},{"damage":18,"enemies":"Hexaghost","floor":16,"turns":9},{"damage":0,"enemies":"3 Byrds","floor":18,"turns":3},{"damage":37,"enemies":"Shell Parasite","floor":19,"turns":6},{"damage":27,"enemies":"Sentry and Sphere","floor":22,"turns":5},{"damage":7,"enemies":"Snecko","floor":25,"turns":4},{"damage":24,"enemies":"Gremlin Leader","floor":27,"turns":5}],"seed_played":"8171152583276556520","potions_obtained":[{"floor":1.0,"key":"Ancient Potion"},{"floor":6.0,"key":"AttackPotion"},{"floor":8.0,"key":"Block Potion"},{"floor":12.0,"key":"PowerPotion"},{"floor":13.0,"key":"SteroidPotion"}],"is_trial":false,"path_per_floor":["?","?","?","M"],"character_chosen":"IRONCLAD","items_purchased":["Carnage","Apotheosis","Vajra","Pummel"],"campfire_rested":2,"item_purchase_floors":[3,20,20,20],"current_hp_per_floor":[67,67,67,71,71,22,22,15,15,43,46,24,24,14,42,30,80,86,55,55,55,34,34,25,24,24,0],"gold":58,"neow_bonus":"TWENTY_PERCENT_HP_BONUS","is_prod":false,"is_daily":false,"chose_seed":false,"campfire_upgraded":2,"win_rate":0,"timestamp":1557332721,"path_taken":["M","?","$","M","M","E","R","M","T","R","M","E","M","E","R","BOSS","M","M","$","?","M","R","?","?","T","E"],"build_version":"2019-01-23","purchased_purges":0,"victory":false,"max_hp_per_floor":[96,96,96,96,96,96,96,96,96,96,96,96,96,96,96,96,96,96,96,96,96,96,96,96,96,96,96],"card_choices":[{"not_picked":["Rupture","Sword Boomerang"],"picked":"Cleave","floor":1.0},{"not_picked":["Body Slam","Feel No Pain"],"picked":"Headbutt","floor":4.0},{"not_picked":["Second Wind","Sword Boomerang"],"picked":"Flame Barrier","floor":5.0},{"not_picked":["Perfected Strike","Pommel Strike"],"picked":"Iron Wave","floor":6.0},{"not_picked":["True Grit","Wild Strike"],"picked":"Clothesline","floor":8.0},{"not_picked":["Power Through","Entrench","Wild Strike"],"picked":"SKIP","floor":11.0},{"not_picked":["Fire Breathing","Cleave"],"picked":"Shrug It Off","floor":12.0},{"not_picked":["Thunderclap","Fiend Fire"],"picked":"Iron Wave","floor":13.0},{"not_picked":["Carnage","Wild Strike","Dual Wield"],"picked":"SKIP","floor":14.0},{"not_picked":["Immolate","Offering"],"picked":"Limit Break","floor":16},{"not_picked":["Bloodletting","Warcry"],"picked":"Anger","floor":18},{"not_picked":["Sever Soul","Power Through"],"picked":"Shockwave+1","floor":19},{"not_picked":["Searing Blow","Corruption"],"picked":"Pummel","floor":22},{"not_picked":["Body Slam","Clash","Heavy Blade"],"picked":"SKIP","floor":25}],"player_experience":256886,"relics_obtained":[{"floor":6.0,"key":"Potion Belt"},{"floor":9.0,"key":"Tiny Chest"},{"floor":12.0,"key":"Oddly Smooth Stone"},{"floor":14.0,"key":"Girya"},{"floor":26,"key":"Orichalcum"}],"event_choices":[{"cards_removed":["Strike_R"],"damage_healed":0.0,"max_hp_gain":0.0,"max_hp_loss":0.0,"gold_gain":0.0,"event_name":"Living Wall","player_choice":"Forget","floor":2.0,"gold_loss":0.0,"damage_taken":0.0},{"cards_removed":["Strike_R"],"damage_healed":0,"gold_gain":0,"player_choice":"Elegance","damage_taken":0,"max_hp_gain":0,"max_hp_loss":0,"event_name":"Back to Basics","floor":21,"gold_loss":0},{"damage_healed":0,"gold_gain":0,"player_choice":"Damaged","damage_taken":9,"max_hp_gain":0,"max_hp_loss":0,"event_name":"Wheel of Change","floor":24,"gold_loss":0}],"is_beta":false,"boss_relics":[{"not_picked":["Ectoplasm","Fusion Hammer"],"picked":"Sozu"}],"items_purged_floors":[],"is_endless":false,"potions_floor_spawned":[1,6,8,12,13,18,25],"killed_by":"Gremlin Leader","ascension_level":8}