{"gold_per_floor":[16,16,34,47,47,47,79,93,93,107,107,12,40,40,40,117,117,136,27,37,37,50,50,62,62,62,76,76,94,128,138,138,211,211,223,237,248,248,266,266,299,311,385,385,385],"floor_reached":45,"playtime":6245,"items_purged":[],"score":958,"play_id":"cc5733a1-add3-407a-a455-4994bb6b7916","local_time":"20190413024840","is_ascension_mode":true,"campfire_choices":[{"data":"Bouncing Flask","floor":6.0,"key":"SMITH"},{"data":"Burst","floor":11.0,"key":"SMITH"},{"data":"Crippling Poison","floor":15.0,"key":"SMITH"},{"data":"Leg Sweep","floor":23.0,"key":"SMITH"},{"floor":28.0,"key":"REST"},{"floor":32,"key":"REST"},{"data":"Footwork","floor":40,"key":"SMITH"}],"neow_cost":"NO_GOLD","seed_source_timestamp":0,"circlet_count":0,"master_deck":["AscendersBane","Defend_G","Defend_G","Defend_G","Defend_G","Defend_G","Strike_G","Strike_G","Survivor","Neutralize","Dagger Spray","Flying Knee","Bouncing Flask+1","Distraction","Crippling Poison+1","Burst+1","Noxious Fumes+1","Deadly Poison","Blur","Envenom","Backflip","Footwork+1","Deadly Poison","Leg Sweep+1","Blur","Noxious Fumes","Corpse Explosion","Leg Sweep","Blur","Parasite","Well Laid Plans","Injury","Malaise"],"special_seed":0,"relics":["Ring of the Snake","Pocketwatch","Anchor","Question Card","Kunai","HoveringKite","Pear","Art of War","Cursed Key","Bag of Marbles"],"potions_floor_usage":[31,41,42],"damage_taken":[{"damage":1.0,"enemies":"2 Louse","floor":1.0,"turns":3.0},{"damage":1.0,"enemies":"Cultist","floor":3.0,"turns":4.0},{"damage":0.0,"enemies":"Jaw Worm","floor":4.0,"turns":5.0},{"damage":6.0,"enemies":"Gremlin Nob","floor":7.0,"turns":4.0},{"damage":9.0,"enemies":"Exordium Thugs","floor":8.0,"turns":6.0},{"damage":0.0,"enemies":"Large Slime","floor":10.0,"turns":4.0},{"damage":10.0,"enemies":"3 Sentries","floor":13.0,"turns":6.0},{"damage":48.0,"enemies":"Slime Boss","floor":16.0,"turns":9.0},{"damage":19.0,"enemies":"2 Thieves","floor":18.0,"turns":4.0},{"damage":6.0,"enemies":"Shell Parasite","floor":20.0,"turns":4.0},{"damage":15.0,"enemies":"Snecko","floor":22.0,"turns":6.0},{"damage":9.0,"enemies":"Snake Plant","floor":24.0,"turns":6.0},{"damage":0.0,"enemies":"3 Cultists","floor":27.0,"turns":4.0},{"damage":0.0,"enemies":"Centurion and Healer","floor":29.0,"turns":8.0},{"damage":21.0,"enemies":"Slavers","floor":30.0,"turns":5.0},{"damage":0,"enemies":"Snake Plant","floor":31,"turns":3},{"damage":2,"enemies":"Champ","floor":33,"turns":12},{"damage":0,"enemies":"Orb Walker","floor":35,"turns":4},{"damage":0,"enemies":"3 Shapes","floor":36,"turns":5},{"damage":0,"enemies":"Jaw Worm Horde","floor":37,"turns":4},{"damage":0,"enemies":"Writhing Mass","floor":39,"turns":6},{"damage":21,"enemies":"Reptomancer","floor":41,"turns":6},{"damage":3,"enemies":"Sphere and 2 Shapes","floor":42,"turns":4},{"damage":52,"enemies":"Transient","floor":45,"turns":5}],"seed_played":"5405524489538069848","potions_obtained":[{"floor":3.0,"key":"GhostInAJar"},{"floor":4.0,"key":"Regen Potion"},{"floor":8.0,"key":"FairyPotion"},{"floor":13.0,"key":"Swift Potion"},{"floor":16.0,"key":"SpeedPotion"},{"floor":22.0,"key":"Dexterity Potion"},{"floor":24.0,"key":"PowerPotion"},{"floor":30.0,"key":"SkillPotion"},{"floor":33,"key":"Explosive Potion"},{"floor":38,"key":"GhostInAJar"},{"floor":39,"key":"Weak Potion"},{"floor":41,"key":"FearPotion"}],"is_trial":false,"path_per_floor":["M","?","M","M","?","R","E","M","T","M","R","$","E","?","R","B",null,"M","$","M","?","M","R","M","?","T","M","R","M","E","M","R","B",null,"M","M","M","?","M","R","E","M","T","?","M"],"character_chosen":"THE_SILENT","items_purchased":["Noxious Fumes","Deadly Poison","Footwork","Deadly Poison"],"campfire_rested":2,"item_purchase_floors":[12,12,19,19],"current_hp_per_floor":[58,58,57,57,57,57,65,56,56,56,56,56,46,46,46,6,51,32,32,26,39,24,24,15,15,25,25,47,47,26,26,48,46,69,69,69,69,69,69,69,48,45,45,45,0],"gold":385,"neow_bonus":"ONE_RARE_RELIC","is_prod":false,"is_daily":false,"chose_seed":false,"campfire_upgraded":5,"win_rate":0,"timestamp":1555116520,"path_taken":["M","?","M","?","?","R","E","M","T","M","R","?","E","?","R","BOSS","M","$","M","?","M","R","M","?","T","M","R","M","E","M","R","BOSS","M","M","M","?","?","R","E","M","T","?","?"],"build_version":"2019-01-23","purchased_purges":0,"victory":false,"max_hp_per_floor":[66,66,66,66,66,66,66,66,66,66,66,66,66,66,66,66,66,66,66,66,66,66,66,66,66,76,76,76,76,76,76,76,76,76,76,76,76,76,76,76,76,76,76,76,76],"card_choices":[{"not_picked":["Dagger Throw","Reflex"],"picked":"Dagger Spray","floor":1.0},{"not_picked":["Escape Plan","Calculated Gamble"],"picked":"Flying Knee","floor":3.0},{"not_picked":["Quick Slash","Setup"],"picked":"Bouncing Flask","floor":4.0},{"not_picked":["Sucker Punch","Terror"],"picked":"Distraction","floor":7.0},{"not_picked":["Bouncing Flask","Masterful Stab"],"picked":"Crippling Poison","floor":8.0},{"not_picked":["Crippling Poison","Bane","Quick Slash"],"picked":"Burst","floor":10.0},{"not_picked":["Dagger Throw","Outmaneuver","Caltrops"],"picked":"Blur","floor":13.0},{"not_picked":["Glass Knife","Wraith Form v2","Venomology"],"picked":"Envenom","floor":16.0},{"not_picked":["All Out Attack","Cloak And Dagger","Acrobatics"],"picked":"Backflip","floor":18.0},{"not_picked":["Terror+1","Bane","Slice"],"picked":"Leg Sweep","floor":20.0},{"not_picked":["Deflect","Underhanded Strike","Slice+1","Bane"],"picked":"SKIP","floor":22.0},{"not_picked":["All Out Attack","Acrobatics","Endless Agony","Crippling Poison"],"picked":"SKIP","floor":24.0},{"not_picked":["Deflect+1","Cloak And Dagger+1","Quick Slash","Unload"],"picked":"SKIP","floor":27.0},{"not_picked":["Quick Slash","Setup","Prepared","Outmaneuver"],"picked":"SKIP","floor":29.0},{"not_picked":["Dodge and Roll","All Out Attack","Escape Plan"],"picked":"Blur","floor":30.0},{"not_picked":["Poisoned Stab","Blur","Bouncing Flask"],"picked":"Noxious Fumes","floor":31},{"not_picked":["Venomology","Wraith Form v2","Storm of Steel"],"picked":"Corpse Explosion","floor":33},{"not_picked":["Slice","Dodge and Roll+1","Acrobatics"],"picked":"Leg Sweep","floor":35},{"not_picked":["Underhanded Strike+1","Prepared","Blade Dance","Deadly Poison"],"picked":"SKIP","floor":36},{"not_picked":["Flying Knee+1","Underhanded Strike","Masterful Stab"],"picked":"Blur","floor":37},{"not_picked":["Flying Knee","Bullet Time","All Out Attack","Dagger Throw+1"],"picked":"SKIP","floor":39},{"not_picked":["All Out Attack","Flying Knee","Dagger Throw","Underhanded Strike"],"picked":"SKIP","floor":41},{"not_picked":["Prepared","Deflect+1","Slice+1"],"picked":"Well Laid Plans","floor":42}],"player_experience":3078345,"relics_obtained":[{"floor":7.0,"key":"Anchor"},{"floor":9.0,"key":"Question Card"},{"floor":13.0,"key":"Kunai"},{"floor":26.0,"key":"Pear"},{"floor":30.0,"key":"Art of War"},{"floor":41,"key":"Bag of Marbles"}],"event_choices":[{"cards_removed":["Strike_G"],"damage_healed":0.0,"max_hp_gain":0.0,"max_hp_loss":0.0,"gold_gain":0.0,"event_name":"Purifier","player_choice":"Purged","floor":2.0,"gold_loss":0.0,"damage_taken":0.0},{"cards_removed":["Strike_G"],"damage_healed":0.0,"max_hp_gain":0.0,"max_hp_loss":0.0,"gold_gain":0.0,"event_name":"Bonfire Elementals","player_choice":"Offered Basic","floor":5.0,"gold_loss":0.0,"damage_taken":0.0},{"damage_healed":0.0,"max_hp_gain":0.0,"max_hp_loss":0.0,"gold_gain":0.0,"event_name":"Accursed Blacksmith","player_choice":"Forge","floor":14.0,"gold_loss":0.0,"damage_taken":0.0,"cards_upgraded":["Noxious Fumes"]},{"damage_healed":13.0,"max_hp_gain":0.0,"max_hp_loss":0.0,"gold_gain":0.0,"event_name":"The Library","player_choice":"Heal","floor":21.0,"gold_loss":0.0,"damage_taken":0.0},{"damage_healed":0.0,"max_hp_gain":0.0,"max_hp_loss":0.0,"gold_gain":0.0,"event_name":"Cursed Tome","player_choice":"Ignored","floor":25.0,"gold_loss":0.0,"damage_taken":0.0},{"damage_healed":0,"gold_gain":0,"player_choice":"Got Potions","damage_taken":0,"max_hp_gain":0,"max_hp_loss":0,"event_name":"Lab","floor":38,"gold_loss":0},{"damage_healed":0,"gold_gain":0,"cards_transformed":["Strike_G"],"player_choice":"Transformed","damage_taken":0,"max_hp_gain":0,"max_hp_loss":0,"event_name":"Transmorgrifier","floor":44,"gold_loss":0,"cards_obtained":["Malaise"]}],"is_beta":false,"boss_relics":[{"not_picked":["Calling Bell","Runic Dome"],"picked":"HoveringKite"},{"not_picked":["Black Star","Tiny House"],"picked":"Cursed Key"}],"items_purged_floors":[],"is_endless":false,"potions_floor_spawned":[3,4,8,13,16,22,24,30,33,39,41],"killed_by":"Transient","ascension_level":20}