{"gold_per_floor":[114,114,114,114,127,127,52,73,73,73,97,120,120,134,134,257,257,272,288,309,59,83,124,138,159,159,159,172,188,209,232,232,357,357,371,371,94,115,115,115,135,135,135,135,158,158,182,200,200,200],"floor_reached":51,"playtime":3255,"items_purged":["Strike_G","Strike_G","Defend_G"],"score":762,"play_id":"b20f2e89-9b96-4f87-8758-18525e249637","local_time":"20190420124821","is_ascension_mode":true,"campfire_choices":[{"data":"Noxious Fumes","floor":6.0,"key":"SMITH"},{"data":"Tools of the Trade","floor":10.0,"key":"SMITH"},{"data":"Noxious Fumes","floor":15.0,"key":"SMITH"},{"data":"Adrenaline","floor":27,"key":"SMITH"},{"floor":32,"key":"REST"},{"data":"Adrenaline","floor":40,"key":"SMITH"},{"data":"Footwork","floor":42,"key":"SMITH"},{"data":"Dash","floor":44,"key":"SMITH"},{"data":"Dodge and Roll","floor":46,"key":"SMITH"},{"data":"Quick Slash","floor":49,"key":"SMITH"}],"neow_cost":"NONE","seed_source_timestamp":543841922075174,"circlet_count":0,"master_deck":["Defend_G","Defend_G+1","Defend_G+1","Defend_G","Strike_G+1","Strike_G","Strike_G","Survivor","Neutralize+1","Adrenaline+1","Noxious Fumes+1","Noxious Fumes+1","Tools of the Trade+1","Deflect","Die Die Die","Dash+1","Footwork+1","Dodge and Roll+1","Backstab","Dash+1","Adrenaline+1","Die Die Die","Footwork+1","Dodge and Roll","Leg Sweep+1","Quick Slash+1"],"special_seed":0,"relics":["Ring of the Snake","Golden Idol","FaceOfCleric","War Paint","Runic Pyramid","Orichalcum","HoveringKite","Bronze Scales","Meat on the Bone"],"potions_floor_usage":[23,23,28,28,31,48,50,50],"damage_taken":[{"damage":1.0,"enemies":"Small Slimes","floor":1.0,"turns":3.0},{"damage":0.0,"enemies":"2 Louse","floor":5.0,"turns":3.0},{"damage":0.0,"enemies":"Cultist","floor":8.0,"turns":3.0},{"damage":8.0,"enemies":"Large Slime","floor":11.0,"turns":5.0},{"damage":1.0,"enemies":"Gremlin Gang","floor":12.0,"turns":4.0},{"damage":0.0,"enemies":"Blue Slaver","floor":14.0,"turns":4.0},{"damage":13.0,"enemies":"Slime Boss","floor":16.0,"turns":8.0},{"damage":28.0,"enemies":"3 Byrds","floor":18.0,"turns":5.0},{"damage":0.0,"enemies":"Shell Parasite","floor":19.0,"turns":5.0},{"damage":0.0,"enemies":"Centurion and Healer","floor":20.0,"turns":6.0},{"damage":0.0,"enemies":"Snake Plant","floor":22.0,"turns":5.0},{"damage":7,"enemies":"Gremlin Leader","floor":23,"turns":7},{"damage":2,"enemies":"Cultist and Chosen","floor":24,"turns":6},{"damage":0,"enemies":"Centurion and Healer","floor":25,"turns":8},{"damage":16,"enemies":"Snecko","floor":28,"turns":6},{"damage":9,"enemies":"Snake Plant","floor":29,"turns":5},{"damage":2,"enemies":"Cultist and Chosen","floor":30,"turns":6},{"damage":7,"enemies":"Snecko","floor":31,"turns":5},{"damage":7,"enemies":"Collector","floor":33,"turns":9},{"damage":19,"enemies":"3 Darklings","floor":35,"turns":4},{"damage":5,"enemies":"Orb Walker","floor":38,"turns":5},{"damage":24,"enemies":"3 Darklings","floor":41,"turns":5},{"damage":3,"enemies":"Spire Growth","floor":45,"turns":6},{"damage":2,"enemies":"Sphere and 2 Shapes","floor":47,"turns":6},{"damage":3,"enemies":"Jaw Worm Horde","floor":48,"turns":4},{"damage":31,"enemies":"Awakened One","floor":50,"turns":19}],"seed_played":"-5070686665445757366","potions_obtained":[{"floor":11.0,"key":"Fire Potion"},{"floor":12.0,"key":"AttackPotion"},{"floor":13.0,"key":"Block Potion"},{"floor":13.0,"key":"SpeedPotion"},{"floor":18.0,"key":"Poison Potion"},{"floor":20.0,"key":"Strength Potion"},{"floor":22.0,"key":"Fire Potion"},{"floor":23,"key":"Strength Potion"},{"floor":28,"key":"Fire Potion"},{"floor":35,"key":"FearPotion"},{"floor":41,"key":"Dexterity Potion"},{"floor":47,"key":"Block Potion"}],"is_trial":false,"path_per_floor":["?","?","?","M","?","M","?","M","M"],"character_chosen":"THE_SILENT","items_purchased":["Footwork","Dodge and Roll","SkillPotion","Bronze Scales"],"campfire_rested":1,"item_purchase_floors":[21,21,21,37],"current_hp_per_floor":[69,55,38,38,39,39,39,40,40,40,33,33,33,34,34,22,76,49,50,51,51,52,46,45,46,46,46,31,23,22,16,42,36,88,70,70,70,66,66,66,43,43,43,43,53,53,52,50,50,32],"gold":200,"neow_bonus":"ONE_RANDOM_RARE_CARD","is_prod":false,"is_daily":false,"chose_seed":false,"campfire_upgraded":9,"win_rate":0,"timestamp":1555757301,"path_taken":["M","?","?","?","M","R","$","M","T","R","M","?","?","M","R","BOSS","M","M","?","$","M","E","M","M","T","R","M","M","M","M","R","BOSS","M","?","$","?","$","R","M","R","T","R","M","R","M","?","R","BOSS"],"build_version":"2019-01-23","purchased_purges":3,"victory":true,"max_hp_per_floor":[70,70,70,70,71,71,71,72,72,72,73,74,74,75,75,76,76,77,78,79,79,80,81,82,83,83,83,84,85,86,87,87,88,88,89,89,89,90,90,90,91,91,91,91,92,92,93,94,94,95],"card_choices":[{"not_picked":["Slice","Outmaneuver"],"picked":"Noxious Fumes","floor":1.0},{"not_picked":["Prepared","Poisoned Stab"],"picked":"Noxious Fumes","floor":5.0},{"not_picked":["Underhanded Strike","Acrobatics"],"picked":"Tools of the Trade","floor":8.0},{"not_picked":["Poisoned Stab","Masterful Stab","Reflex"],"picked":"SKIP","floor":11.0},{"not_picked":["Outmaneuver","Choke","Concentrate"],"picked":"SKIP","floor":12.0},{"not_picked":["Slice","Heel Hook"],"picked":"Deflect","floor":14.0},{"not_picked":["Wraith Form v2","Unload"],"picked":"Die Die Die","floor":16.0},{"not_picked":["Flying Knee","Distraction","Blade Dance"],"picked":"SKIP","floor":18.0},{"not_picked":["Backflip+1","Blade Dance+1"],"picked":"Dash+1","floor":19.0},{"not_picked":["Dagger Throw","Prepared","Expertise"],"picked":"SKIP","floor":20.0},{"not_picked":["Poisoned Stab+1","Dagger Throw","Accuracy+1"],"picked":"SKIP","floor":22.0},{"not_picked":["Quick Slash","Sucker Punch"],"picked":"Backstab","floor":23},{"not_picked":["Well Laid Plans+1","Poisoned Stab","Acrobatics"],"picked":"SKIP","floor":24},{"not_picked":["Distraction","Bouncing Flask","Slice"],"picked":"SKIP","floor":25},{"not_picked":["Acrobatics","Dagger Spray"],"picked":"Dash","floor":28},{"not_picked":["Finisher+1","Accuracy+1","Flying Knee"],"picked":"SKIP","floor":29},{"not_picked":["Dagger Throw+1","Well Laid Plans"],"picked":"Adrenaline","floor":30},{"not_picked":["Endless Agony","Outmaneuver","Poisoned Stab"],"picked":"SKIP","floor":31},{"not_picked":["Glass Knife","After Image"],"picked":"Die Die Die","floor":33},{"not_picked":["Terror+1","Tactician","Bouncing Flask+1"],"picked":"SKIP","floor":35},{"not_picked":["Backflip","Poisoned Stab","Dash+1"],"picked":"SKIP","floor":38},{"not_picked":["Outmaneuver+1","Sucker Punch"],"picked":"Footwork+1","floor":41},{"not_picked":["Quick Slash","Accuracy+1"],"picked":"Dodge and Roll","floor":45},{"not_picked":["Well Laid Plans+1","Dagger Throw+1"],"picked":"Leg Sweep+1","floor":47},{"not_picked":["Dodge and Roll","Masterful Stab"],"picked":"Quick Slash","floor":48}],"player_experience":124668,"relics_obtained":[{"floor":9.0,"key":"War Paint"},{"floor":23,"key":"Orichalcum"},{"floor":43,"key":"Meat on the Bone"}],"event_choices":[{"damage_healed":0.0,"max_hp_gain":0.0,"max_hp_loss":0.0,"gold_gain":0.0,"event_name":"Shining Light","player_choice":"Entered Light","floor":2.0,"gold_loss":0.0,"damage_taken":14.0,"cards_upgraded":["Strike_G","Neutralize"]},{"damage_healed":0.0,"max_hp_gain":0.0,"max_hp_loss":0.0,"gold_gain":0.0,"event_name":"Golden Idol","player_choice":"Take Damage","floor":3.0,"gold_loss":0.0,"damage_taken":17.0,"relics_obtained":["Golden Idol"]},{"damage_healed":0.0,"max_hp_gain":0.0,"max_hp_loss":0.0,"gold_gain":0.0,"event_name":"FaceTrader","player_choice":"Trade","floor":4.0,"gold_loss":0.0,"damage_taken":0.0,"relics_obtained":["FaceOfCleric"]},{"damage_healed":0.0,"max_hp_gain":0.0,"max_hp_loss":0.0,"gold_gain":0.0,"event_name":"Lab","player_choice":"Got Potions","floor":13.0,"gold_loss":0.0,"damage_taken":0.0},{"damage_healed":0,"gold_gain":0,"player_choice":"0 cards matched","damage_taken":0,"max_hp_gain":0,"max_hp_loss":0,"event_name":"Match and Keep!","floor":36,"gold_loss":0,"cards_obtained":[]}],"is_beta":false,"boss_relics":[{"not_picked":["Empty Cage","White Beast Statue"],"picked":"Runic Pyramid"},{"not_picked":["Ring of the Serpent","Sozu"],"picked":"HoveringKite"}],"items_purged_floors":[7,21,37],"is_endless":false,"potions_floor_spawned":[11,12,14,18,20,22,23,28,35,41,47],"ascension_level":3}