{"gold_per_floor":[110,185,185,203,46,46,80,30,55,82,128,138,155,172,172,272,272,288,301,301],"floor_reached":20,"playtime":869,"items_purged":[],"score":239,"play_id":"5be40c65-bb9f-4b72-8e79-4040157a9cbf","local_time":"20190504191200","is_ascension_mode":true,"campfire_choices":[{"data":"Metallicize","floor":6,"key":"SMITH"},{"data":"Shockwave","floor":15,"key":"SMITH"}],"neow_cost":"NONE","seed_source_timestamp":722436421834808,"circlet_count":0,"master_deck":["Bash","Thunderclap","Flex","Seeing Red","Metallicize+1","Shockwave+1","Flex","Ghostly Armor","Seeing Red","Offering","Carnage","Ghostly Armor","Sword Boomerang","Rampage","Disarm","Reaper","Clash","Barricade","Inflame","Spot Weakness+1"],"relics":["Burning Blood","Orichalcum","Blood Vial","Vajra","PreservedInsect","Potion Belt","Pandora\u0027s Box"],"potions_floor_usage":[16],"damage_taken":[{"damage":1,"enemies":"2 Louse","floor":1,"turns":2},{"damage":0,"enemies":"Small Slimes","floor":4,"turns":3},{"damage":26,"enemies":"Gremlin Nob","floor":7,"turns":5},{"damage":20,"enemies":"Lagavulin","floor":10,"turns":6},{"damage":6,"enemies":"Jaw Worm","floor":12,"turns":2},{"damage":11,"enemies":"3 Louse","floor":13,"turns":3},{"damage":2,"enemies":"Looter","floor":14,"turns":3},{"damage":44,"enemies":"The Guardian","floor":16,"turns":14},{"damage":26,"enemies":"Shell Parasite","floor":18,"turns":5},{"damage":6,"enemies":"Chosen","floor":19,"turns":3},{"damage":52,"enemies":"Sentry and Sphere","floor":20,"turns":8}],"seed_played":"5303104056543375857","potions_obtained":[{"floor":4,"key":"SpeedPotion"},{"floor":10,"key":"LiquidBronze"},{"floor":13,"key":"SpeedPotion"},{"floor":14,"key":"Regen Potion"},{"floor":19,"key":"SpeedPotion"}],"is_trial":false,"path_per_floor":["?","?","T"],"character_chosen":"IRONCLAD","items_purchased":["Seeing Red","Metallicize","Flex"],"campfire_rested":0,"item_purchase_floors":[5,5,8],"current_hp_per_floor":[77,66,66,72,72,72,52,52,52,40,40,42,39,45,45,24,66,48,50,0],"gold":301,"neow_bonus":"RANDOM_COMMON_RELIC","is_prod":false,"is_daily":false,"chose_seed":false,"campfire_upgraded":2,"win_rate":0,"timestamp":1556989920,"path_taken":["M","?","?","M","$","R","E","$","T","E","?","M","M","M","R","BOSS","M","M","M"],"build_version":"2019-01-23","purchased_purges":0,"victory":false,"max_hp_per_floor":[80,80,80,80,80,80,80,80,80,80,80,80,80,80,80,80,80,80,80,80],"card_choices":[{"not_picked":["True Grit","Intimidate"],"picked":"Thunderclap","floor":1},{"not_picked":["Clash","Headbutt"],"picked":"Flex","floor":4},{"not_picked":["Body Slam","Thunderclap"],"picked":"Shockwave","floor":7},{"not_picked":["Entrench","Power Through","Feel No Pain"],"picked":"SKIP","floor":10},{"not_picked":["Headbutt","Wild Strike","Anger"],"picked":"SKIP","floor":12},{"not_picked":["Havoc","Burning Pact"],"picked":"Ghostly Armor","floor":13},{"not_picked":["Perfected Strike","Warcry"],"picked":"Seeing Red","floor":14},{"not_picked":["Bludgeon","Fiend Fire"],"picked":"Offering","floor":16},{"not_picked":["Havoc","Heavy Blade"],"picked":"Inflame","floor":18},{"not_picked":["Dropkick","Iron Wave"],"picked":"Spot Weakness+1","floor":19}],"player_experience":227187,"relics_obtained":[{"floor":7,"key":"Blood Vial"},{"floor":9,"key":"Vajra"},{"floor":10,"key":"PreservedInsect"},{"floor":11,"key":"Potion Belt"}],"event_choices":[{"damage_healed":0,"gold_gain":75,"player_choice":"Gather Gold","damage_taken":11,"max_hp_gain":0,"max_hp_loss":0,"event_name":"World of Goop","floor":2,"gold_loss":0},{"cards_removed":["Strike_R"],"damage_healed":0,"gold_gain":0,"player_choice":"Forget","damage_taken":0,"max_hp_gain":0,"max_hp_loss":0,"event_name":"Living Wall","floor":3,"gold_loss":0}],"is_beta":false,"boss_relics":[{"not_picked":["Ectoplasm","Velvet Choker"],"picked":"Pandora\u0027s Box"}],"items_purged_floors":[],"is_endless":false,"potions_floor_spawned":[4,10,13,14,19],"killed_by":"Sentry and Sphere","ascension_level":6}