{"path_per_floor":["M","?","M","$","M","R","?","R","T","M","R","?","$","M","R","B",null,"M","M"],"character_chosen":"DEFECT","items_purchased":["Thunder Strike","Skim"],"gold_per_floor":[114,114,129,54,67,67,67,67,67,81,81,81,30,42,42,146,146,164,175,175],"floor_reached":20,"campfire_rested":1,"playtime":1155,"item_purchase_floors":[],"current_hp_per_floor":[38,31,28,28,28,28,28,28,28,18,18,18,18,14,36,5,75,60,17,0],"items_purged":[],"gold":175,"score":164,"play_id":"858ffe38-ac0a-478a-b6a8-6862a530d6eb","local_time":"20180524195111","is_prod":false,"is_daily":false,"chose_seed":false,"is_ascension_mode":false,"campfire_upgraded":0,"win_rate":0.0,"timestamp":1527205871,"campfire_choices":[{"data":"1","floor":6.0,"key":"LIFT"},{"data":"2","floor":8.0,"key":"LIFT"},{"data":"3","floor":11.0,"key":"LIFT"},{"floor":15.0,"key":"REST"}],"path_taken":["M","?","M","$","M","R","?","R","T","M","R","?","?","?","R","BOSS","M","M","M"],"build_version":"2018-05-23v2","seed_source_timestamp":0,"purchased_purges":0,"victory":false,"master_deck":["Strike_B","Strike_B","Defend_B","Defend_B","Defend_B","Defend_B","Zap","Dualcast","Rebound","Leap","Thunder Strike","Stack","Tempest","Skim","Redo","Seek","Darkness","Streamline"],"max_hp_per_floor":[75,75,75,75,75,75,75,75,75,75,75,75,75,75,75,75,75,75,75,75],"relics":["Cracked Core","Girya","Bottled Lightning","White Beast Statue"],"card_choices":[{"not_picked":["Capacitor","Streamline"],"picked":"Rebound","floor":1.0},{"not_picked":["Ball Lightning","Steam Power"],"picked":"Leap","floor":3.0},{"not_picked":["Doom and Gloom","Sweeping Beam"],"picked":"Stack","floor":5.0},{"not_picked":["Sweeping Beam","Stack"],"picked":"Tempest","floor":10.0},{"not_picked":["Cold Snap","Chaos"],"picked":"Redo","floor":14.0},{"not_picked":["Fission","Buffer"],"picked":"Seek","floor":16.0},{"not_picked":["Stack","Gash"],"picked":"Darkness","floor":18},{"not_picked":["Scrape","Capacitor"],"picked":"Streamline","floor":19}],"player_experience":7068,"potions_floor_usage":[18,20],"damage_taken":[{"damage":0.0,"enemies":"2 Louse","floor":1.0,"turns":2.0},{"damage":3.0,"enemies":"Jaw Worm","floor":3.0,"turns":3.0},{"damage":0.0,"enemies":"Cultist","floor":5.0,"turns":3.0},{"damage":10.0,"enemies":"Looter","floor":10.0,"turns":3.0},{"damage":4.0,"enemies":"3 Louse","floor":14.0,"turns":4.0},{"damage":31.0,"enemies":"Slime Boss","floor":16.0,"turns":9.0},{"damage":15,"enemies":"Chosen","floor":18,"turns":6},{"damage":43,"enemies":"Spheric Guardian","floor":19,"turns":6},{"damage":28,"enemies":"3 Cultists","floor":20,"turns":4}],"relics_obtained":[{"floor":9.0,"key":"Bottled Lightning"}],"event_choices":[{"event_name":"Golden Wing","player_choice":"Card Removal","floor":2.0,"damage_taken":0.0},{"event_name":"Liars Game","player_choice":"disagreed","floor":7.0,"damage_taken":0.0},{"event_name":"Living Wall","player_choice":"Forget","floor":12.0,"damage_taken":0.0}],"boss_relics":[{"not_picked":["Velvet Choker","Sozu"],"picked":"White Beast Statue"}],"items_purged_floors":[],"potions_floor_spawned":[1,10,16,18,19],"seed_played":"-2299770249874534614","killed_by":"3 Cultists","ascension_level":0,"potions_obtained":[{"floor":1.0,"key":"Block Potion"},{"floor":10.0,"key":"Energy Potion"},{"floor":16.0,"key":"SpeedPotion"},{"floor":18,"key":"Poison Potion"},{"floor":19,"key":"Ancient Potion"}],"is_trial":false}