{"gold_per_floor":[111,186,204,222,65,65,97,111,163,163,182,182,207,227,227,327,327,345,133,150,161,161,161,193,204,254,272,289,289,299,315,315,411,411,424,443,443,31,41,41,58,58],"floor_reached":42,"playtime":6839,"items_purged":[],"score":486,"play_id":"7723fe40-4616-4aa7-b586-7ecc90e24e74","local_time":"20190405212819","is_ascension_mode":false,"campfire_choices":[{"data":"Inflame","floor":6,"key":"SMITH"},{"data":"Armaments","floor":10,"key":"SMITH"},{"data":"Flex","floor":15,"key":"SMITH"},{"floor":23,"key":"REST"},{"floor":29,"key":"REST"},{"floor":32,"key":"REST"},{"floor":40,"key":"REST"}],"neow_cost":"NONE","seed_source_timestamp":92139360108400,"circlet_count":0,"master_deck":["Strike_R","Strike_R","Strike_R","Strike_R","Strike_R","Defend_R","Defend_R","Defend_R","Defend_R","Bash","Shrug It Off","Flame Barrier","Cleave","Headbutt","Flex+1","Anger","Inflame+1","Armaments+1","Carnage","Dropkick","Double Tap","Hemokinesis+1","Inflame","Shrug It Off","Perfected Strike","Disarm","Iron Wave","Heavy Blade","Iron Wave","Anger","Hemokinesis","Impervious","Demon Form","Iron Wave","Limit Break","Rupture","Swift Strike","Demon Form","Flex+1"],"relics":["Burning Blood","Mercury Hourglass","Bag of Marbles","Ancient Tea Set","Runic Pyramid","MutagenicStrength","Bottled Lightning","Potion Belt","Velvet Choker"],"potions_floor_usage":[7,7,13,20,21,24,25,27,33,39],"damage_taken":[{"damage":5,"enemies":"Jaw Worm","floor":1,"turns":5},{"damage":0,"enemies":"2 Louse","floor":3,"turns":3},{"damage":0,"enemies":"Small Slimes","floor":4,"turns":3},{"damage":18,"enemies":"Gremlin Nob","floor":7,"turns":3},{"damage":0,"enemies":"3 Louse","floor":8,"turns":2},{"damage":2,"enemies":"Exordium Wildlife","floor":11,"turns":5},{"damage":19,"enemies":"Lagavulin","floor":13,"turns":4},{"damage":0,"enemies":"Gremlin Gang","floor":14,"turns":2},{"damage":41,"enemies":"Hexaghost","floor":16,"turns":8},{"damage":2,"enemies":"3 Byrds","floor":18,"turns":2},{"damage":25,"enemies":"Shell Parasite","floor":20,"turns":6},{"damage":15,"enemies":"Cultist and Chosen","floor":21,"turns":4},{"damage":4,"enemies":"Gremlin Leader","floor":24,"turns":1},{"damage":17,"enemies":"Snake Plant","floor":25,"turns":4},{"damage":17,"enemies":"Shelled Parasite and Fungi","floor":27,"turns":5},{"damage":8,"enemies":"Centurion and Healer","floor":28,"turns":3},{"damage":12,"enemies":"Snecko","floor":30,"turns":6},{"damage":28,"enemies":"Shelled Parasite and Fungi","floor":31,"turns":7},{"damage":55,"enemies":"Automaton","floor":33,"turns":12},{"damage":46,"enemies":"3 Darklings","floor":35,"turns":5},{"damage":8,"enemies":"3 Shapes","floor":36,"turns":4},{"damage":6,"enemies":"Spire Growth","floor":39,"turns":5},{"damage":45,"enemies":"3 Darklings","floor":41,"turns":7},{"damage":26,"enemies":"Transient","floor":42,"turns":5}],"seed_played":"4621467675849869688","potions_obtained":[{"floor":1,"key":"PowerPotion"},{"floor":3,"key":"Fire Potion"},{"floor":7,"key":"FearPotion"},{"floor":16,"key":"EssenceOfSteel"},{"floor":21,"key":"Swift Potion"},{"floor":25,"key":"SkillPotion"},{"floor":27,"key":"Strength Potion"},{"floor":36,"key":"Fire Potion"},{"floor":39,"key":"GamblersBrew"}],"is_trial":false,"path_per_floor":["M","?","M","M","$","R","E","M","T","R","M","?","E","M","R","B",null,"M","$","M","M","?","R","E","M","T","M","M","R","M","M","R","B",null,"M","M","?","$","M","R","M","M"],"character_chosen":"IRONCLAD","items_purchased":["Flex","Anger","Inflame","Inflame","Shrug It Off","Explosive Potion","SpeedPotion","Limit Break","Rupture","Swift Strike","FearPotion","SpeedPotion"],"campfire_rested":4,"item_purchase_floors":[5,5,5,19,19,19,19,38,38,38,38,38],"current_hp_per_floor":[80,69,75,80,80,80,68,74,74,74,78,78,65,71,71,36,80,80,80,61,52,52,76,78,67,67,56,54,78,72,50,74,25,80,40,38,38,38,38,60,21,0],"gold":58,"neow_bonus":"THREE_CARDS","is_prod":false,"is_daily":false,"chose_seed":false,"campfire_upgraded":3,"win_rate":0.0,"timestamp":1554492499,"path_taken":["M","?","M","M","$","R","E","M","T","R","M","?","E","M","R","BOSS","M","$","M","M","?","R","E","M","T","M","M","R","M","M","R","BOSS","M","M","?","$","M","R","M","M"],"build_version":"2019-01-23","purchased_purges":0,"victory":false,"max_hp_per_floor":[80,80,80,80,80,80,80,80,80,80,80,80,80,80,80,80,80,80,80,80,80,80,80,80,80,80,80,80,80,80,80,80,80,80,80,80,76,76,76,76,76,76],"card_choices":[{"not_picked":["Second Wind","Anger"],"picked":"Shrug It Off","floor":0},{"not_picked":["Clash","Bloodletting"],"picked":"Flame Barrier","floor":1},{"not_picked":["Feel No Pain","Reckless Charge"],"picked":"Cleave","floor":3},{"not_picked":["Burning Pact","Body Slam"],"picked":"Headbutt","floor":4},{"not_picked":["Fire Breathing","Warcry","Body Slam"],"picked":"SKIP","floor":7},{"not_picked":["Warcry","Feel No Pain"],"picked":"Armaments","floor":8},{"not_picked":["Blood for Blood","Perfected Strike","Warcry"],"picked":"SKIP","floor":11},{"not_picked":["Dual Wield","Feel No Pain"],"picked":"Carnage","floor":13},{"not_picked":["Dual Wield","Burning Pact"],"picked":"Dropkick","floor":14},{"not_picked":["Fiend Fire","Demon Form"],"picked":"Double Tap","floor":16},{"not_picked":["True Grit","Headbutt+1"],"picked":"Hemokinesis+1","floor":18},{"not_picked":["Infernal Blade+1","Flame Barrier"],"picked":"Perfected Strike","floor":20},{"not_picked":["Headbutt","Blood for Blood"],"picked":"Disarm","floor":21},{"not_picked":["Sword Boomerang+1","Dark Embrace"],"picked":"Iron Wave","floor":24},{"not_picked":["Twin Strike","Cleave"],"picked":"Heavy Blade","floor":25},{"not_picked":["Twin Strike","Second Wind+1"],"picked":"Iron Wave","floor":27},{"not_picked":["True Grit","Disarm"],"picked":"Anger","floor":28},{"not_picked":["Warcry+1","Shrug It Off"],"picked":"Hemokinesis","floor":30},{"not_picked":["Sword Boomerang","Entrench"],"picked":"Impervious","floor":31},{"not_picked":["Feed","Fiend Fire"],"picked":"Demon Form","floor":33},{"not_picked":["Armaments+1","Twin Strike+1"],"picked":"Iron Wave","floor":35},{"not_picked":["Sword Boomerang","Whirlwind","True Grit"],"picked":"SKIP","floor":36},{"not_picked":["Warcry","Twin Strike+1"],"picked":"Demon Form","floor":39},{"not_picked":["Perfected Strike+1","Reckless Charge+1"],"picked":"Flex+1","floor":41}],"player_experience":23092,"relics_obtained":[{"floor":7,"key":"Mercury Hourglass"},{"floor":9,"key":"Bag of Marbles"},{"floor":13,"key":"Ancient Tea Set"},{"floor":24,"key":"Bottled Lightning"},{"floor":26,"key":"Potion Belt"}],"event_choices":[{"damage_healed":0,"gold_gain":75,"player_choice":"Gather Gold","damage_taken":11,"max_hp_gain":0,"max_hp_loss":0,"event_name":"World of Goop","floor":2,"gold_loss":0},{"damage_healed":0,"gold_gain":0,"player_choice":"Ignored","damage_taken":0,"max_hp_gain":0,"max_hp_loss":0,"event_name":"Golden Wing","floor":12,"gold_loss":0},{"damage_healed":0,"gold_gain":0,"player_choice":"Inject Mutagens","damage_taken":0,"relics_obtained":["MutagenicStrength"],"max_hp_gain":0,"max_hp_loss":0,"event_name":"Drug Dealer","floor":22,"gold_loss":0},{"damage_healed":0,"gold_gain":0,"player_choice":"Max HP","damage_taken":0,"max_hp_gain":0,"max_hp_loss":4,"event_name":"Winding Halls","floor":37,"gold_loss":0}],"is_beta":false,"boss_relics":[{"not_picked":["Runic Cube","Busted Crown"],"picked":"Runic Pyramid"},{"not_picked":["Runic Dome","Orrery"],"picked":"Velvet Choker"}],"items_purged_floors":[],"is_endless":false,"potions_floor_spawned":[1,3,7,16,21,25,27,36,39],"killed_by":"Transient","ascension_level":0}