{"gold_per_floor":[113,113,129,147,41,41,64,77,77,110,122,134,161,23,23,144,144,164,164,178,26,26,62,76,76,76,92,92,142,142,156,156,279,279,299,317,336,212,228,228,561,561,561,561,571,44,44,56,56,56],"floor_reached":51,"playtime":5234,"items_purged":["Strike_B","Strike_B"],"score":694,"play_id":"4509ff01-0f6e-482f-abb7-a6690cdb2036","local_time":"20190425025003","is_ascension_mode":false,"campfire_choices":[{"data":"Dualcast","floor":6,"key":"SMITH"},{"data":"Chill","floor":11,"key":"SMITH"},{"data":"Coolheaded","floor":15,"key":"SMITH"},{"data":"Beam Cell","floor":25,"key":"SMITH"},{"floor":30,"key":"REST"},{"data":"Zap","floor":32,"key":"SMITH"},{"floor":40,"key":"REST"},{"data":"Static Discharge","floor":42,"key":"SMITH"},{"data":"Go for the Eyes","floor":44,"key":"SMITH"},{"floor":49,"key":"REST"}],"neow_cost":"NONE","seed_source_timestamp":4781772324000,"circlet_count":0,"master_deck":["Defend_B","Defend_B","Defend_B","Defend_B","Zap+1","Dualcast+1","Auto Shields","BootSequence","Coolheaded+1","FTL","Chill+1","Beam Cell+1","Go for the Eyes+1","Streamline+1","Blizzard+1","Gash+1","Go for the Eyes+1","Steam","Machine Learning","Barrage+1","Chill","Static Discharge+1","Redo+1","Gash+1","Hologram+1","Streamline+1","Go for the Eyes+1","Ball Lightning+1","Parasite","FTL+1","Go for the Eyes+1","Ball Lightning+1","Beam Cell+1","Hologram","Defragment","Compile Driver+1","Dark Shackles","Headbutt+1"],"relics":["Cracked Core","Molten Egg 2","MawBank","Philosopher\u0027s Stone","MutagenicStrength","Gambling Chip","Unceasing Top","Nilry\u0027s Codex","Sozu","Blood Vial","PrismaticShard","Lantern"],"potions_floor_usage":[4,16,27,33,33,35],"damage_taken":[{"damage":1,"enemies":"Jaw Worm","floor":1,"turns":3},{"damage":2,"enemies":"2 Louse","floor":3,"turns":3},{"damage":0,"enemies":"Cultist","floor":4,"turns":4},{"damage":0,"enemies":"Exordium Wildlife","floor":7,"turns":2},{"damage":3,"enemies":"2 Fungi Beasts","floor":8,"turns":3},{"damage":4,"enemies":"Lagavulin","floor":10,"turns":7},{"damage":0,"enemies":"Lots of Slimes","floor":13,"turns":5},{"damage":39,"enemies":"Hexaghost","floor":16,"turns":12},{"damage":4,"enemies":"3 Byrds","floor":18,"turns":5},{"damage":7,"enemies":"2 Thieves","floor":20,"turns":4},{"damage":6,"enemies":"Book of Stabbing","floor":23,"turns":7},{"damage":0,"enemies":"Centurion and Healer","floor":24,"turns":5},{"damage":0,"enemies":"Cultist and Chosen","floor":27,"turns":4},{"damage":0,"enemies":"Snake Plant","floor":31,"turns":4},{"damage":42,"enemies":"Automaton","floor":33,"turns":9},{"damage":0,"enemies":"3 Darklings","floor":35,"turns":3},{"damage":0,"enemies":"Orb Walker","floor":36,"turns":1},{"damage":14,"enemies":"Writhing Mass","floor":37,"turns":7},{"damage":36,"enemies":"4 Shapes","floor":39,"turns":4},{"damage":4,"enemies":"Jaw Worm Horde","floor":45,"turns":3},{"damage":0,"enemies":"Sphere and 2 Shapes","floor":48,"turns":2},{"damage":36,"enemies":"Donu and Deca","floor":50,"turns":8}],"seed_played":"-3761285936320972244","potions_obtained":[{"floor":1,"key":"FairyPotion"},{"floor":3,"key":"Fruit Juice"},{"floor":10,"key":"SteroidPotion"},{"floor":16,"key":"GamblersBrew"},{"floor":24,"key":"SteroidPotion"},{"floor":27,"key":"Weak Potion"},{"floor":33,"key":"PowerPotion"}],"is_trial":false,"path_per_floor":["?","?","?","?","M","?","?","M","?","?"],"character_chosen":"DEFECT","items_purchased":["FTL","Chill","Gash+1","Go for the Eyes+1","Steam","Static Discharge","Go for the Eyes+1","PrismaticShard","Lantern","Hologram","Defragment","Compile Driver+1"],"campfire_rested":3,"item_purchase_floors":[5,5,14,14,14,21,38,46,46,46,46,46],"current_hp_per_floor":[81,61,59,64,64,64,64,61,61,57,57,57,57,57,57,18,87,83,83,76,76,76,70,70,70,70,70,54,54,80,80,80,38,87,87,87,73,73,37,63,63,63,63,63,61,61,56,58,84,50],"gold":56,"neow_bonus":"TEN_PERCENT_HP_BONUS","is_prod":false,"is_daily":false,"chose_seed":false,"campfire_upgraded":7,"win_rate":0.0,"timestamp":1556185803,"path_taken":["M","?","M","M","$","R","M","M","T","E","R","?","M","$","R","BOSS","M","?","M","$","?","E","?","R","T","M","?","?","R","M","R","BOSS","M","M","?","$","M","R","?","R","T","R","M","$","?","M","R","BOSS"],"build_version":"2019-01-23","purchased_purges":2,"victory":true,"max_hp_per_floor":[82,82,82,87,87,87,87,87,87,87,87,87,87,87,87,87,87,87,87,87,87,87,87,87,87,87,87,87,87,87,87,87,87,87,87,87,87,87,87,87,87,87,87,87,87,87,87,87,87,87],"card_choices":[{"not_picked":["Chaos","Fusion"],"picked":"Auto Shields","floor":1},{"not_picked":["Recycle","Leap"],"picked":"BootSequence","floor":3},{"not_picked":["Redo","Leap"],"picked":"Coolheaded","floor":4},{"not_picked":["Stack","Rebound"],"picked":"Beam Cell","floor":7},{"not_picked":["Barrage","Loop"],"picked":"Go for the Eyes","floor":8},{"not_picked":["Hologram","Sweeping Beam+1"],"picked":"Streamline+1","floor":10},{"not_picked":["Auto Shields","Multi-Cast"],"picked":"Blizzard+1","floor":13},{"not_picked":["Hyperbeam+1","Creative AI"],"picked":"Machine Learning","floor":16},{"not_picked":["BootSequence","Undo"],"picked":"Barrage+1","floor":18},{"not_picked":["Sweeping Beam+1","Coolheaded"],"picked":"Chill","floor":20},{"not_picked":["Coolheaded","Conserve Battery+1"],"picked":"Redo+1","floor":23},{"not_picked":["Turbo","Rebound+1"],"picked":"Gash+1","floor":24},{"not_picked":["Double Energy","Reboot"],"picked":"Hologram+1","floor":27},{"not_picked":["Scrape+1","Leap+1"],"picked":"Streamline+1","floor":31},{"not_picked":["Cold Snap+1","Scrape+1"],"picked":"Go for the Eyes+1","floor":35},{"not_picked":["Rebound+1","Glacier"],"picked":"Ball Lightning+1","floor":36},{"not_picked":["Steam+1","Melter+1"],"picked":"FTL+1","floor":37},{"not_picked":["Machine Learning","White Noise"],"picked":"Ball Lightning+1","floor":39},{"not_picked":["Fusion","Aggregate+1"],"picked":"Beam Cell+1","floor":45},{"not_picked":["Dramatic Entrance+1","Jack Of All Trades"],"picked":"Dark Shackles","floor":47},{"not_picked":["Compile Driver+1","Steam"],"picked":"Headbutt+1","floor":48}],"player_experience":64972,"relics_obtained":[{"floor":9,"key":"Molten Egg 2"},{"floor":10,"key":"MawBank"},{"floor":23,"key":"Gambling Chip"},{"floor":26,"key":"Unceasing Top"},{"floor":28,"key":"Nilry\u0027s Codex"},{"floor":43,"key":"Blood Vial"}],"event_choices":[{"damage_healed":0,"gold_gain":0,"player_choice":"Take Damage","damage_taken":20,"relics_obtained":["Golden Idol"],"max_hp_gain":0,"max_hp_loss":0,"event_name":"Golden Idol","floor":2,"gold_loss":0},{"cards_removed":["Strike_B"],"damage_healed":0,"gold_gain":0,"player_choice":"Forget","damage_taken":0,"max_hp_gain":0,"max_hp_loss":0,"event_name":"Living Wall","floor":12,"gold_loss":0},{"damage_healed":0,"gold_gain":0,"player_choice":"Inject Mutagens","damage_taken":0,"relics_obtained":["MutagenicStrength"],"max_hp_gain":0,"max_hp_loss":0,"event_name":"Drug Dealer","floor":19,"gold_loss":0},{"cards_removed":["Strike_B"],"damage_healed":0,"gold_gain":0,"player_choice":"Purged","damage_taken":0,"max_hp_gain":0,"max_hp_loss":0,"event_name":"Purifier","floor":22,"gold_loss":0},{"damage_healed":0,"gold_gain":0,"player_choice":"Obtained Book","damage_taken":16,"max_hp_gain":0,"max_hp_loss":0,"event_name":"Cursed Tome","floor":28,"gold_loss":0},{"damage_healed":0,"gold_gain":100,"player_choice":"Bet on Murderer","damage_taken":0,"max_hp_gain":0,"max_hp_loss":0,"event_name":"The Joust","floor":29,"gold_loss":50},{"damage_healed":0,"gold_gain":333,"player_choice":"Gave Idol","damage_taken":0,"max_hp_gain":0,"max_hp_loss":0,"event_name":"The Moai Head","floor":41,"relics_lost":["Golden Idol"],"gold_loss":0},{"damage_healed":0,"gold_gain":0,"player_choice":"Memory 2","damage_taken":5,"max_hp_gain":0,"max_hp_loss":0,"event_name":"SensoryStone","floor":47,"gold_loss":0}],"is_beta":false,"boss_relics":[{"not_picked":["Coffee Dripper","Astrolabe"],"picked":"Philosopher\u0027s Stone"},{"not_picked":["Runic Dome","Inserter"],"picked":"Sozu"}],"items_purged_floors":[21,38],"is_endless":false,"potions_floor_spawned":[1,3,10,16,24,27,31,33,36,45,48],"ascension_level":0}