{"path_per_floor":["M","M","M","?","M","E","R","M","T","R","E","M","$","M","R","B",null,"M","?","?","M","M"],"character_chosen":"IRONCLAD","items_purchased":["Apotheosis","Feel No Pain","Flex"],"gold_per_floor":[144,154,173,273,289,321,321,341,341,341,374,390,100,110,110,209,209,228,228,228,246,257,257],"floor_reached":23,"campfire_rested":1,"playtime":2065,"current_hp_per_floor":[83,82,80,80,64,45,45,39,39,39,23,10,10,10,35,22,85,85,85,85,49,15,0],"items_purged":[],"gold":257,"score":205,"play_id":"e4ec669f-395d-4774-83ff-60381811104e","local_time":"20180408215010","is_prod":false,"is_daily":false,"is_ascension_mode":false,"campfire_upgraded":2,"timestamp":1523238610,"path_taken":["M","M","M","?","M","E","R","M","T","R","E","M","?","M","R","BOSS","M","?","?","M","M","E"],"build_version":"2018-04-05v2","purchased_purges":0,"victory":false,"master_deck":["Strike_R","Strike_R+1","Strike_R","Strike_R","Strike_R","Defend_R","Defend_R","Defend_R","Defend_R","Bash","Second Wind","Searing Blow","Inflame+1","Infernal Blade+1","Anger","Reckless Charge","Burning Pact","Battle Trance","Pummel","Apotheosis","Feel No Pain","Flex","Carnage","Impervious","Inflame","Barricade","Infernal Blade","Impervious"],"max_hp_per_floor":[85,85,85,85,85,85,85,85,85,85,85,85,85,85,85,85,85,85,85,85,85,85,85],"relics":["Tiny House","Bag of Marbles","Omamori","Black Star","Nloth\u0027s Gift"],"card_choices":[{"not_picked":["Cleave","Sword Boomerang"],"picked":"Second Wind","floor":0},{"not_picked":["Headbutt","True Grit"],"picked":"Searing Blow","floor":1},{"not_picked":["Iron Wave","Warcry"],"picked":"Inflame","floor":2},{"not_picked":["Reckless Charge","Sever Soul"],"picked":"Infernal Blade","floor":3},{"not_picked":["Rage","Pummel"],"picked":"Anger","floor":5},{"not_picked":["Sword Boomerang","Rupture"],"picked":"Reckless Charge","floor":6},{"not_picked":["Heavy Blade","Flex"],"picked":"Burning Pact","floor":8},{"not_picked":["Dual Wield","Rampage"],"picked":"Battle Trance","floor":11},{"not_picked":["Armaments","Second Wind"],"picked":"Pummel","floor":12},{"not_picked":["Flame Barrier","Rupture"],"picked":"Carnage","floor":14},{"not_picked":["Barricade","Demon Form"],"picked":"Impervious","floor":16},{"not_picked":["True Grit","Entrench"],"picked":"Inflame","floor":18},{"not_picked":["Rupture","Pommel Strike"],"picked":"Infernal Blade","floor":21},{"not_picked":["Shockwave","Shrug It Off"],"picked":"Impervious","floor":22}],"player_experience":30786,"potions_floor_usage":[6,11,14,16,16,16,22],"damage_taken":[{"damage":2,"enemies":"2 Louse","floor":1,"turns":3},{"damage":1,"enemies":"Cultist","floor":2,"turns":4},{"damage":2,"enemies":"Small Slimes","floor":3,"turns":3},{"damage":21,"enemies":"Gremlin Gang","floor":5,"turns":3},{"damage":19,"enemies":"Gremlin Nob","floor":6,"turns":5},{"damage":6,"enemies":"Large Slime","floor":8,"turns":4},{"damage":16,"enemies":"Lagavulin","floor":11,"turns":4},{"damage":13,"enemies":"2 Fungi Beasts","floor":12,"turns":3},{"damage":0,"enemies":"Looter","floor":14,"turns":1},{"damage":13,"enemies":"Hexaghost","floor":16,"turns":7},{"damage":0,"enemies":"Spheric Guardian","floor":18,"turns":4},{"damage":36,"enemies":"2 Thieves","floor":21,"turns":5},{"damage":34,"enemies":"3 Cultists","floor":22,"turns":6},{"damage":15,"enemies":"Book of Stabbing","floor":23,"turns":2}],"event_choices":[{"event_name":"Golden Shrine","player_choice":"Pray","floor":4,"damage_taken":0},{"event_name":"N\u0027loth","player_choice":"Traded a Juzu Bracelet","floor":19,"damage_taken":0},{"event_name":"The Library","player_choice":"Read","floor":20,"damage_taken":0}],"boss_relics":[{"not_picked":["Orrery","Cursed Key"],"picked":"Black Star"}],"potions_floor_spawned":[1,3,5,8,11,14,21],"seed_played":"-6737516751375319345","killed_by":"Book of Stabbing","ascension_level":0,"is_trial":false}