{"gold_per_floor":[119,19,31,106,106,106,117,117,144,16,29,94,108,121,121,121],"floor_reached":16,"playtime":871,"items_purged":["Strike_R"],"score":92,"play_id":"a11ce660-53b2-4bdf-a9e6-757a3823a8c5","local_time":"20180728170104","is_ascension_mode":false,"campfire_choices":[{"data":"Clash","floor":6,"key":"SMITH"},{"data":"Anger","floor":8,"key":"SMITH"},{"data":"Seeing Red","floor":15,"key":"SMITH"}],"neow_cost":"NONE","seed_source_timestamp":497514870176124,"circlet_count":0,"master_deck":["Strike_R","Strike_R","Strike_R","Strike_R","Defend_R","Defend_R","Defend_R","Defend_R","Bash","Bludgeon","Clash+1","Heavy Blade+1","Headbutt","Anger+1","Flex","Inflame","Thunderclap","Pommel Strike","Seeing Red+1"],"relics":["Burning Blood","Boot","Dream Catcher"],"potions_floor_usage":[12,12],"damage_taken":[{"damage":6,"enemies":"Jaw Worm","floor":1,"turns":5},{"damage":2,"enemies":"2 Louse","floor":3,"turns":4},{"damage":0,"enemies":"Small Slimes","floor":7,"turns":2},{"damage":15,"enemies":"Exordium Thugs","floor":11,"turns":4},{"damage":24,"enemies":"Lagavulin Event","floor":12,"turns":4},{"damage":0,"enemies":"2 Fungi Beasts","floor":13,"turns":2},{"damage":9,"enemies":"Blue Slaver","floor":14,"turns":3},{"damage":57,"enemies":"The Guardian","floor":16,"turns":7}],"seed_played":"-6770225598263648843","potions_obtained":[{"floor":1,"key":"Energy Potion"},{"floor":11,"key":"Poison Potion"}],"is_trial":false,"path_per_floor":["M","$","M","?","?","R","M","R","T","$","M","?","M","M","R"],"character_chosen":"IRONCLAD","items_purchased":["Heavy Blade","Flex","Inflame"],"campfire_rested":0,"item_purchase_floors":[2,10,10],"current_hp_per_floor":[80,80,80,69,69,69,75,75,75,75,66,48,54,51,51,0],"gold":121,"neow_bonus":"ONE_RANDOM_RARE_CARD","is_prod":false,"is_daily":false,"chose_seed":false,"campfire_upgraded":3,"win_rate":0.0,"timestamp":1532811664,"path_taken":["M","$","M","?","?","R","M","R","T","$","M","?","?","M","R","BOSS"],"build_version":"2018-07-26","purchased_purges":1,"victory":false,"max_hp_per_floor":[80,80,80,80,80,80,80,80,80,80,80,80,80,80,80,80],"card_choices":[{"not_picked":["Combust","Armaments"],"picked":"Clash","floor":1},{"not_picked":["Iron Wave","Infernal Blade"],"picked":"Headbutt","floor":3},{"not_picked":["Corruption","Thunderclap"],"picked":"Anger","floor":7},{"not_picked":["Corruption","Barricade"],"picked":"Thunderclap","floor":11},{"not_picked":["Anger","Pummel"],"picked":"Pommel Strike","floor":13},{"not_picked":["Shrug It Off","Thunderclap"],"picked":"Seeing Red","floor":14}],"player_experience":25896,"relics_obtained":[{"floor":9,"key":"Boot"}],"event_choices":[{"event_name":"World of Goop","player_choice":"Gather Gold","floor":4,"damage_taken":0},{"event_name":"Accursed Blacksmith","player_choice":"Forge","floor":5,"damage_taken":0},{"event_name":"Dead Adventurer","player_choice":"Searched \u00273\u0027 times","floor":12,"damage_taken":0}],"is_beta":true,"boss_relics":[],"items_purged_floors":[2],"is_endless":false,"potions_floor_spawned":[1,11],"killed_by":"The Guardian","ascension_level":0}