{"gold_per_floor":[119,119,133,148,39,39,55,132,132,152,181,196,196,209,209,280,280,292,292,312,13,63,63,63],"floor_reached":24,"playtime":1605,"items_purged":[],"score":396,"play_id":"f6cfa68f-bbd0-4790-82a0-23495e364a12","local_time":"20190411004918","is_ascension_mode":true,"campfire_choices":[{"data":"Catalyst","floor":6,"key":"SMITH"},{"data":"Crippling Poison","floor":13,"key":"SMITH"},{"data":"Deadly Poison","floor":15,"key":"SMITH"},{"floor":23,"key":"REST"}],"neow_cost":"NONE","seed_source_timestamp":1219839607245109,"circlet_count":0,"master_deck":["AscendersBane","Defend_G","Defend_G","Defend_G","Defend_G","Defend_G","Strike_G","Survivor","Neutralize","Caltrops","PiercingWail","Neutralize","Quick Slash","Caltrops","Deadly Poison+1","Catalyst+1","All Out Attack","Crippling Poison+1","Dodge and Roll","Calculated Gamble","Blur","Burst","Masterful Stab","Envenom","Outmaneuver","Noxious Fumes","Backflip+1"],"relics":["Ring of the Snake","NeowsBlessing","The Courier","Bottled Flame","Vajra","Empty Cage","Toxic Egg 2"],"potions_floor_usage":[11,16,16,20],"damage_taken":[{"damage":0,"enemies":"Small Slimes","floor":1,"turns":1},{"damage":0,"enemies":"Cultist","floor":3,"turns":1},{"damage":0,"enemies":"Jaw Worm","floor":4,"turns":1},{"damage":2,"enemies":"3 Louse","floor":7,"turns":5},{"damage":0,"enemies":"Large Slime","floor":10,"turns":4},{"damage":23,"enemies":"Lagavulin","floor":11,"turns":6},{"damage":1,"enemies":"Blue Slaver","floor":12,"turns":4},{"damage":1,"enemies":"Looter","floor":14,"turns":3},{"damage":1,"enemies":"Slime Boss","floor":16,"turns":10},{"damage":8,"enemies":"Spheric Guardian","floor":18,"turns":5},{"damage":51,"enemies":"2 Thieves","floor":20,"turns":4},{"damage":32,"enemies":"Gremlin Leader","floor":24,"turns":2}],"seed_played":"-8753661315946077366","potions_obtained":[{"floor":4,"key":"Energy Potion"},{"floor":11,"key":"SpeedPotion"},{"floor":12,"key":"EssenceOfSteel"},{"floor":18,"key":"Regen Potion"}],"is_trial":false,"path_per_floor":["M","?","M","M","$","R","M","T","T","M","E","M","R","M","R","B",null,"M","?","M","$","?","R","E"],"character_chosen":"THE_SILENT","items_purchased":["Deadly Poison","Catalyst","Noxious Fumes","Toxic Egg 2","Backflip+1"],"campfire_rested":1,"item_purchase_floors":[5,5,21,21,21],"current_hp_per_floor":[59,59,59,59,59,59,57,57,57,57,34,33,33,32,32,31,57,49,49,12,12,12,31,0],"gold":63,"neow_bonus":"THREE_ENEMY_KILL","is_prod":false,"is_daily":false,"chose_seed":false,"campfire_upgraded":3,"win_rate":0,"timestamp":1554936558,"path_taken":["M","?","M","M","?","R","M","?","T","M","E","M","R","M","R","BOSS","M","?","M","$","?","R","E"],"build_version":"2019-01-23","purchased_purges":0,"victory":false,"max_hp_per_floor":[66,66,66,66,66,66,66,66,66,66,66,66,66,66,66,66,66,66,66,66,66,66,66,66],"card_choices":[{"not_picked":["Dagger Throw","Blade Dance"],"picked":"Caltrops","floor":1},{"not_picked":["Concentrate","Eviscerate"],"picked":"Quick Slash","floor":3},{"not_picked":["Deflect","Bane"],"picked":"Caltrops","floor":4},{"not_picked":["Poisoned Stab","Prepared"],"picked":"All Out Attack","floor":7},{"not_picked":["Quick Slash","Underhanded Strike"],"picked":"Crippling Poison","floor":10},{"not_picked":["Quick Slash","Slice"],"picked":"Dodge and Roll","floor":11},{"not_picked":["Flechettes","Skewer"],"picked":"Calculated Gamble","floor":12},{"not_picked":["Setup","Expertise"],"picked":"Blur","floor":14},{"not_picked":["A Thousand Cuts","Storm of Steel"],"picked":"Burst","floor":16},{"not_picked":["Flying Knee","Calculated Gamble","Expertise"],"picked":"SKIP","floor":18},{"not_picked":["Dagger Throw","Riddle With Holes"],"picked":"Outmaneuver","floor":20}],"player_experience":3073601,"relics_obtained":[{"floor":8,"key":"The Courier"},{"floor":9,"key":"Bottled Flame"},{"floor":11,"key":"Vajra"}],"event_choices":[{"damage_healed":0,"gold_gain":0,"player_choice":"2 cards matched","damage_taken":0,"max_hp_gain":0,"max_hp_loss":0,"event_name":"Match and Keep!","floor":2,"gold_loss":0,"cards_obtained":["PiercingWail","Neutralize"]},{"damage_healed":0,"gold_gain":0,"cards_transformed":["Strike_G","Strike_G"],"player_choice":"Became Test Subject","damage_taken":0,"max_hp_gain":0,"max_hp_loss":0,"event_name":"Drug Dealer","floor":19,"gold_loss":0,"cards_obtained":["Masterful Stab","Envenom"]},{"damage_healed":0,"gold_gain":50,"player_choice":"Stole From Cult","damage_taken":0,"max_hp_gain":0,"max_hp_loss":0,"event_name":"Nest","floor":22,"gold_loss":0}],"is_beta":false,"boss_relics":[{"not_picked":["Orrery","Philosopher\u0027s Stone"],"picked":"Empty Cage"}],"items_purged_floors":[],"is_endless":false,"potions_floor_spawned":[4,11,12,14,18],"killed_by":"Gremlin Leader","ascension_level":20}