{"gold_per_floor":[118,118,134,152,167,167,228,25,50,62,19,53,53,68,68,68],"floor_reached":16,"playtime":1340,"items_purged":["Strike_G"],"score":220,"play_id":"98bab921-992e-46c9-905f-25a7f322b7ba","local_time":"20190131011033","is_ascension_mode":true,"campfire_choices":[{"data":"Deadly Poison","floor":6,"key":"SMITH"},{"floor":10,"key":"REST"},{"floor":13,"key":"REST"},{"floor":15,"key":"REST"}],"neow_cost":"TEN_PERCENT_HP_LOSS","seed_source_timestamp":112270279492868,"circlet_count":0,"master_deck":["AscendersBane","Defend_G","Defend_G+1","Defend_G","Defend_G+1","Defend_G","Strike_G","Strike_G","Strike_G","Strike_G","Survivor","Neutralize","Blade Dance","Poisoned Stab","Deadly Poison+1","Well Laid Plans","Footwork","Crippling Poison","Dagger Spray","Deadly Poison","Distraction","PiercingWail"],"relics":["Ring of the Snake","The Specimen","GremlinMask","Tiny Chest","MawBank","War Paint"],"potions_floor_usage":[5,7,12,16],"damage_taken":[{"damage":0,"enemies":"Small Slimes","floor":1,"turns":4},{"damage":2,"enemies":"Cultist","floor":3,"turns":5},{"damage":2,"enemies":"2 Louse","floor":4,"turns":3},{"damage":12,"enemies":"Large Slime","floor":5,"turns":8},{"damage":19,"enemies":"3 Sentries","floor":7,"turns":10},{"damage":30,"enemies":"Lagavulin","floor":12,"turns":6},{"damage":11,"enemies":"Looter","floor":14,"turns":4},{"damage":43,"enemies":"Slime Boss","floor":16,"turns":6}],"seed_played":"-389656348045410161","potions_obtained":[{"floor":3,"key":"Weak Potion"},{"floor":4,"key":"Energy Potion"},{"floor":5,"key":"GhostInAJar"},{"floor":12,"key":"Strength Potion"}],"is_trial":false,"path_per_floor":["M","?","M","M","M","R","E","$","T","R","$","E","R","M","R","B"],"character_chosen":"THE_SILENT","items_purchased":["Crippling Poison","Dagger Spray","Deadly Poison"],"campfire_rested":3,"item_purchase_floors":[8,8,11],"current_hp_per_floor":[59,59,57,55,43,43,24,24,24,42,42,12,30,19,37,0],"gold":68,"neow_bonus":"ONE_RARE_RELIC","is_prod":false,"is_daily":false,"chose_seed":false,"campfire_upgraded":1,"win_rate":0,"timestamp":1548893433,"path_taken":["M","?","M","M","M","R","E","$","T","R","$","E","R","M","R","BOSS"],"build_version":"2019-01-23","purchased_purges":1,"victory":false,"max_hp_per_floor":[60,60,60,60,60,60,60,60,60,60,60,60,60,60,60,60],"card_choices":[{"not_picked":["Terror","Endless Agony"],"picked":"Blade Dance","floor":1},{"not_picked":["Eviscerate","Underhanded Strike"],"picked":"Poisoned Stab","floor":3},{"not_picked":["Finisher","Masterful Stab"],"picked":"Deadly Poison","floor":4},{"not_picked":["PiercingWail","Poisoned Stab"],"picked":"Well Laid Plans","floor":5},{"not_picked":["Escape Plan","Choke"],"picked":"Footwork","floor":7},{"not_picked":["Quick Slash","Deflect"],"picked":"Distraction","floor":12},{"not_picked":["Eviscerate","Slice"],"picked":"PiercingWail","floor":14}],"player_experience":2716581,"relics_obtained":[{"floor":7,"key":"Tiny Chest"},{"floor":9,"key":"MawBank"},{"floor":12,"key":"War Paint"}],"event_choices":[{"damage_healed":0,"gold_gain":0,"player_choice":"Trade","damage_taken":0,"relics_obtained":["GremlinMask"],"max_hp_gain":0,"max_hp_loss":0,"event_name":"FaceTrader","floor":2,"gold_loss":0}],"is_beta":false,"boss_relics":[],"items_purged_floors":[8],"is_endless":false,"potions_floor_spawned":[3,4,5,12],"killed_by":"Slime Boss","ascension_level":20}