{"gold_per_floor":[109,127,143,143,143,173,184,202,252,282,262,262,43,43,43,145,145,158,158,169,179,198,198],"floor_reached":23,"playtime":1095,"items_purged":["Strike_B"],"score":203,"play_id":"f52a0c98-2cdd-4883-b0dd-4650a527581d","local_time":"20190326084647","is_ascension_mode":false,"campfire_choices":[{"floor":12,"key":"REST"},{"floor":15,"key":"REST"}],"neow_cost":"NONE","seed_source_timestamp":519530727888734,"circlet_count":0,"master_deck":["Strike_B","Strike_B+1","Defend_B","Defend_B","Defend_B","Defend_B","Zap","Dualcast","Ball Lightning+1","Rebound","Conserve Battery","Sweeping Beam","Storm","Hologram","Seek","Sunder+1","Rebound","Reinforced Body"],"relics":["Black Star","Whetstone","Kunai","Potion Belt","Pen Nib","Ancient Tea Set","Bronze Scales","Coffee Dripper","MutagenicStrength"],"potions_floor_usage":[6,8,16,16],"damage_taken":[{"damage":6,"enemies":"2 Louse","floor":1,"turns":2},{"damage":1,"enemies":"Jaw Worm","floor":2,"turns":3},{"damage":5,"enemies":"Small Slimes","floor":3,"turns":4},{"damage":26,"enemies":"Gremlin Nob","floor":6,"turns":4},{"damage":7,"enemies":"Looter","floor":7,"turns":4},{"damage":6,"enemies":"Exordium Wildlife","floor":8,"turns":4},{"damage":30,"enemies":"Lagavulin","floor":10,"turns":7},{"damage":34,"enemies":"Hexaghost","floor":16,"turns":9},{"damage":2,"enemies":"Chosen","floor":18,"turns":6},{"damage":6,"enemies":"3 Byrds","floor":20,"turns":3},{"damage":12,"enemies":"3 Cultists","floor":21,"turns":4},{"damage":30,"enemies":"Shelled Parasite and Fungi","floor":22,"turns":4},{"damage":31,"enemies":"Gremlin Leader","floor":23,"turns":2}],"seed_played":"-2357196531598406923","potions_obtained":[{"floor":2,"key":"LiquidBronze"},{"floor":6,"key":"Regen Potion"},{"floor":7,"key":"PowerPotion"},{"floor":8,"key":"Explosive Potion"},{"floor":18,"key":"FocusPotion"},{"floor":22,"key":"PowerPotion"}],"is_trial":false,"path_per_floor":["?","?","?","?","?"],"character_chosen":"DEFECT","items_purchased":["Bronze Scales"],"campfire_rested":2,"item_purchase_floors":[13],"current_hp_per_floor":[69,68,63,68,61,35,28,34,34,4,4,28,28,28,52,18,80,78,78,72,60,30,0],"gold":198,"neow_bonus":"BOSS_RELIC","is_prod":false,"is_daily":false,"chose_seed":false,"campfire_upgraded":0,"win_rate":0.0,"timestamp":1553586407,"path_taken":["M","M","M","?","?","E","M","M","T","E","?","R","$","?","R","BOSS","M","?","M","M","M","E"],"build_version":"2019-01-23","purchased_purges":1,"victory":false,"max_hp_per_floor":[75,75,75,80,80,80,80,80,80,80,80,80,80,80,80,80,80,80,80,80,80,80,80],"card_choices":[{"not_picked":["Steam","Streamline"],"picked":"Ball Lightning","floor":1},{"not_picked":["Glacier","Chaos"],"picked":"Rebound","floor":2},{"not_picked":["Loop","Capacitor"],"picked":"Conserve Battery","floor":3},{"not_picked":["Force Field","Fusion"],"picked":"Sweeping Beam","floor":6},{"not_picked":["Sweeping Beam","Doom and Gloom"],"picked":"Storm","floor":7},{"not_picked":["Go for the Eyes","Compile Driver"],"picked":"Hologram","floor":8},{"not_picked":["Blizzard","Hello World","Rip and Tear"],"picked":"SKIP","floor":10},{"not_picked":["Hyperbeam","Multi-Cast"],"picked":"Seek","floor":16},{"not_picked":["Heatsinks","Auto Shields"],"picked":"Sunder+1","floor":18},{"not_picked":["Go for the Eyes+1","Turbo+1"],"picked":"Rebound","floor":20},{"not_picked":["Compile Driver","Cold Snap","Reprogram"],"picked":"SKIP","floor":21},{"not_picked":["Go for the Eyes","Cold Snap+1"],"picked":"Reinforced Body","floor":22}],"player_experience":33551,"relics_obtained":[{"floor":6,"key":"Whetstone"},{"floor":6,"key":"Kunai"},{"floor":9,"key":"Potion Belt"},{"floor":10,"key":"Pen Nib"},{"floor":10,"key":"Ancient Tea Set"}],"event_choices":[{"damage_healed":0,"gold_gain":0,"player_choice":"Donut","damage_taken":0,"max_hp_gain":5,"max_hp_loss":0,"event_name":"Big Fish","floor":4,"gold_loss":0},{"cards_removed":["Strike_B"],"damage_healed":0,"gold_gain":0,"player_choice":"Card Removal","damage_taken":7,"max_hp_gain":0,"max_hp_loss":0,"event_name":"Golden Wing","floor":5,"gold_loss":0},{"damage_healed":0,"gold_gain":0,"player_choice":"Left Gold","damage_taken":0,"max_hp_gain":0,"max_hp_loss":0,"event_name":"World of Goop","floor":11,"gold_loss":20},{"damage_healed":0,"gold_gain":0,"player_choice":"Ignored","damage_taken":0,"max_hp_gain":0,"max_hp_loss":0,"event_name":"Shining Light","floor":14,"gold_loss":0},{"damage_healed":0,"gold_gain":0,"player_choice":"Inject Mutagens","damage_taken":0,"relics_obtained":["MutagenicStrength"],"max_hp_gain":0,"max_hp_loss":0,"event_name":"Drug Dealer","floor":19,"gold_loss":0}],"is_beta":false,"boss_relics":[{"not_picked":["Astrolabe","Tiny House"],"picked":"Coffee Dripper"}],"items_purged_floors":[13],"is_endless":false,"potions_floor_spawned":[2,6,7,8,18,22],"killed_by":"Gremlin Leader","ascension_level":0}