{"gold_per_floor":[118,16,28,48,61,86,86,86,86,86,261,274,293,145,145,145],"floor_reached":16,"playtime":552,"items_purged":["Strike_G","Strike_G"],"score":138,"play_id":"93fc6583-fb98-4476-a3ea-0db9d8a5707b","local_time":"20190507174311","is_ascension_mode":true,"campfire_choices":[{"floor":8,"key":"REST"},{"floor":10,"key":"REST"},{"floor":15,"key":"REST"}],"neow_cost":"NONE","seed_source_timestamp":976614990835711,"circlet_count":0,"master_deck":["Defend_G","Defend_G","Defend_G","Defend_G","Defend_G","Strike_G","Strike_G+1","Strike_G+1","Survivor","Neutralize","Tactician","Sucker Punch","Blur","PiercingWail","Grand Finale","Doubt","Flying Knee","Calculated Gamble","Cloak And Dagger"],"relics":["Ring of the Snake","Whetstone","Blue Candle","Golden Idol","Question Card"],"potions_floor_usage":[6],"damage_taken":[{"damage":0,"enemies":"Cultist","floor":1,"turns":4},{"damage":0,"enemies":"Small Slimes","floor":3,"turns":3},{"damage":0,"enemies":"Jaw Worm","floor":4,"turns":4},{"damage":1,"enemies":"Blue Slaver","floor":5,"turns":5},{"damage":61,"enemies":"Lagavulin","floor":6,"turns":12},{"damage":0,"enemies":"3 Louse","floor":12,"turns":3},{"damage":12,"enemies":"Exordium Thugs","floor":13,"turns":7},{"damage":56,"enemies":"Hexaghost","floor":16,"turns":14}],"seed_played":"-8111781135275049064","potions_obtained":[{"floor":6,"key":"Fruit Juice"},{"floor":12,"key":"Poison Potion"}],"is_trial":false,"path_per_floor":["M","?","?"],"character_chosen":"THE_SILENT","items_purchased":["Sucker Punch","Cloak And Dagger"],"campfire_rested":3,"item_purchase_floors":[2,14],"current_hp_per_floor":[63,63,63,63,62,6,6,26,26,46,46,46,34,34,54,0],"gold":145,"neow_bonus":"RANDOM_COMMON_RELIC","is_prod":false,"is_daily":false,"chose_seed":false,"campfire_upgraded":0,"win_rate":0,"timestamp":1557243791,"path_taken":["M","$","M","M","?","E","?","R","T","R","?","M","M","$","R","BOSS"],"build_version":"2019-01-23","purchased_purges":2,"victory":false,"max_hp_per_floor":[70,70,70,70,70,75,69,69,69,69,69,69,69,69,69,69],"card_choices":[{"not_picked":["Slice","Cloak And Dagger"],"picked":"Tactician","floor":1},{"not_picked":["Sucker Punch","Dodge and Roll"],"picked":"Blur","floor":3},{"not_picked":["Accuracy","Endless Agony"],"picked":"PiercingWail","floor":4},{"not_picked":["Blade Dance","Sucker Punch","Poisoned Stab"],"picked":"SKIP","floor":5},{"not_picked":["Cloak And Dagger","Acrobatics"],"picked":"Grand Finale","floor":6},{"not_picked":["Dagger Throw","Cloak And Dagger","Quick Slash"],"picked":"Flying Knee","floor":12},{"not_picked":["Dodge and Roll","Crippling Poison","Catalyst"],"picked":"Calculated Gamble","floor":13}],"player_experience":245350,"relics_obtained":[{"floor":6,"key":"Blue Candle"},{"floor":9,"key":"Question Card"}],"event_choices":[{"damage_healed":0,"gold_gain":0,"player_choice":"Lose Max HP","damage_taken":0,"relics_obtained":["Golden Idol"],"max_hp_gain":0,"max_hp_loss":6,"event_name":"Golden Idol","floor":7,"gold_loss":0},{"damage_healed":0,"gold_gain":175,"player_choice":"AGREE","damage_taken":0,"max_hp_gain":0,"max_hp_loss":0,"event_name":"Liars Game","floor":11,"gold_loss":0,"cards_obtained":["Doubt"]}],"is_beta":false,"boss_relics":[],"items_purged_floors":[2,14],"is_endless":false,"potions_floor_spawned":[6,12],"killed_by":"Hexaghost","ascension_level":7}