{"gold_per_floor":[116,133,144,144,144,144,178,1,1,12,22,22,41,74,74,178,178,190,190,115,30,30,60,60],"floor_reached":24,"playtime":1085,"items_purged":["Defend_B"],"score":305,"play_id":"f59b55a4-32ff-4eab-b364-6f0308f157af","local_time":"20190426180447","is_ascension_mode":true,"campfire_choices":[{"data":"Zap","floor":6,"key":"SMITH"},{"floor":15,"key":"REST"}],"neow_cost":"NONE","seed_source_timestamp":27001053496112,"circlet_count":0,"master_deck":["Strike_B","Defend_B","Defend_B","Defend_B","Zap+1","Dualcast","Gash","Chill","FTL","Hologram","Leap","Hologram","Hologram","BootSequence","Hologram","Beam Cell","Self Repair+1","Double Energy","Gash","Beam Cell+1"],"relics":["Cracked Core","WingedGreaves","Vajra","Pantograph","Frozen Egg 2","Orrery","PreservedInsect","Ancient Tea Set"],"potions_floor_usage":[7,11,13,14],"damage_taken":[{"damage":2,"enemies":"Jaw Worm","floor":1,"turns":4},{"damage":0,"enemies":"Cultist","floor":2,"turns":3},{"damage":0,"enemies":"2 Louse","floor":3,"turns":3},{"damage":28,"enemies":"3 Sentries","floor":7,"turns":9},{"damage":1,"enemies":"Blue Slaver","floor":10,"turns":3},{"damage":5,"enemies":"3 Louse","floor":11,"turns":2},{"damage":4,"enemies":"Large Slime","floor":13,"turns":5},{"damage":6,"enemies":"Lagavulin","floor":14,"turns":6},{"damage":7,"enemies":"The Guardian","floor":16,"turns":11},{"damage":41,"enemies":"Chosen","floor":18,"turns":8},{"damage":69,"enemies":"Gremlin Leader","floor":23,"turns":6},{"damage":17,"enemies":"3 Byrds","floor":24,"turns":4}],"seed_played":"-6964242511253117351","potions_obtained":[{"floor":3,"key":"SkillPotion"},{"floor":7,"key":"Dexterity Potion"},{"floor":10,"key":"EssenceOfSteel"},{"floor":13,"key":"Fruit Juice"},{"floor":14,"key":"FearPotion"}],"is_trial":false,"path_per_floor":["?","?","M","M","?","?","?"],"character_chosen":"DEFECT","items_purchased":["Vajra","Leap"],"campfire_rested":1,"item_purchase_floors":[8,8],"current_hp_per_floor":[73,73,73,73,66,66,38,38,38,37,32,32,33,27,51,69,77,46,46,46,46,72,13,0],"gold":60,"neow_bonus":"REMOVE_CARD","is_prod":false,"is_daily":false,"chose_seed":false,"campfire_upgraded":1,"win_rate":0,"timestamp":1556294687,"path_taken":["M","M","M","?","?","R","E","$","T","?","M","$","?","E","R","BOSS","M","?","$","?","?","E","M"],"build_version":"2019-01-23","purchased_purges":1,"victory":false,"max_hp_per_floor":[75,75,75,75,75,75,75,75,75,75,75,75,80,80,80,80,80,80,80,80,80,80,80,80],"card_choices":[{"not_picked":["Reprogram","Glacier"],"picked":"Gash","floor":1},{"not_picked":["Recycle","Sweeping Beam"],"picked":"Chill","floor":2},{"not_picked":["Undo","White Noise"],"picked":"FTL","floor":3},{"not_picked":["Beam Cell","Reboot"],"picked":"Hologram","floor":7},{"not_picked":["Go for the Eyes","Stack"],"picked":"Hologram","floor":10},{"not_picked":["Leap","Steam"],"picked":"Hologram","floor":11},{"not_picked":["Capacitor","Conserve Battery"],"picked":"BootSequence","floor":13},{"not_picked":["Creative AI","Leap"],"picked":"Hologram","floor":14},{"not_picked":["Reboot","Turbo"],"picked":"Beam Cell","floor":17},{"not_picked":["Go for the Eyes","Leap"],"picked":"Self Repair+1","floor":17},{"not_picked":["Capacitor+1","Recycle"],"picked":"Double Energy","floor":17},{"not_picked":["Streamline","Ball Lightning+1"],"picked":"Gash","floor":18},{"not_picked":["Biased Cognition+1","Turbo+1"],"picked":"Beam Cell+1","floor":23}],"player_experience":161841,"relics_obtained":[{"floor":7,"key":"WingedGreaves"},{"floor":9,"key":"Pantograph"},{"floor":14,"key":"Frozen Egg 2"},{"floor":23,"key":"Ancient Tea Set"}],"event_choices":[{"cards_removed":["Strike_B"],"damage_healed":0,"gold_gain":0,"player_choice":"Forget","damage_taken":0,"max_hp_gain":0,"max_hp_loss":0,"event_name":"Living Wall","floor":4,"gold_loss":0},{"cards_removed":["Strike_B"],"damage_healed":0,"gold_gain":0,"player_choice":"Card Removal","damage_taken":7,"max_hp_gain":0,"max_hp_loss":0,"event_name":"Golden Wing","floor":5,"gold_loss":0},{"damage_healed":0,"gold_gain":0,"player_choice":"Ignored","damage_taken":0,"max_hp_gain":0,"max_hp_loss":0,"event_name":"The Mausoleum","floor":19,"gold_loss":0},{"damage_healed":0,"gold_gain":0,"player_choice":"Obtained Relic","damage_taken":0,"relics_obtained":["PreservedInsect"],"max_hp_gain":0,"max_hp_loss":0,"event_name":"Addict","floor":21,"gold_loss":85},{"damage_healed":26,"gold_gain":0,"player_choice":"Heal","damage_taken":0,"max_hp_gain":0,"max_hp_loss":0,"event_name":"The Library","floor":22,"gold_loss":0}],"is_beta":false,"boss_relics":[{"not_picked":["Busted Crown","Astrolabe"],"picked":"Orrery"}],"items_purged_floors":[20],"is_endless":false,"potions_floor_spawned":[3,7,10,13,14],"killed_by":"3 Byrds","ascension_level":5}