{"gold_per_floor":[113,129,54,73,123,123,155,155,207,220,238,248,248,264,264,341,341,359,359,63,82,99,99,124,124,148,148,41,41,58,18,18,18],"floor_reached":33,"playtime":3597,"items_purged":["Strike_G","Strike_G"],"score":534,"play_id":"5ce43931-4433-4a25-b7f5-3a8be5e2a28a","local_time":"20190309102621","is_ascension_mode":true,"campfire_choices":[{"data":"Neutralize","floor":6,"key":"SMITH"},{"data":"Crippling Poison","floor":8,"key":"SMITH"},{"data":"Footwork","floor":13,"key":"SMITH"},{"data":"Poisoned Stab","floor":15,"key":"SMITH"},{"floor":23,"key":"REST"},{"floor":25,"key":"REST"},{"data":"Caltrops","floor":27,"key":"SMITH"},{"data":"Envenom","floor":29,"key":"SMITH"},{"floor":32,"key":"REST"}],"neow_cost":"NONE","seed_source_timestamp":251249256412752,"circlet_count":0,"master_deck":["AscendersBane","Defend_G","Defend_G","Defend_G","Defend_G","Defend_G","Strike_G","Strike_G","Strike_G","Survivor","Neutralize+1","Backflip","Crippling Poison+1","Footwork+1","Poisoned Stab+1","Blur","Blur","Dodge and Roll","Dagger Spray","Envenom+1","Riddle With Holes","Footwork+1","Outmaneuver","Flechettes","Flying Knee","Slice+1","Slice+1","Caltrops+1","Deflect","Dagger Spray","Dagger Throw","Blur"],"relics":["Ring of the Snake","NeowsBlessing","Vajra","Blood Vial","Runic Pyramid","Bird Faced Urn"],"potions_floor_usage":[7,7,18,18,18,24,24,33],"damage_taken":[{"damage":0,"enemies":"2 Louse","floor":1,"turns":1},{"damage":0,"enemies":"Cultist","floor":2,"turns":1},{"damage":0,"enemies":"Small Slimes","floor":4,"turns":1},{"damage":11,"enemies":"3 Sentries","floor":7,"turns":12},{"damage":7,"enemies":"Exordium Thugs","floor":10,"turns":6},{"damage":6,"enemies":"3 Louse","floor":11,"turns":2},{"damage":6,"enemies":"Gremlin Gang","floor":12,"turns":5},{"damage":8,"enemies":"Large Slime","floor":14,"turns":10},{"damage":12,"enemies":"The Guardian","floor":16,"turns":17},{"damage":24,"enemies":"2 Thieves","floor":18,"turns":5},{"damage":12,"enemies":"Shell Parasite","floor":21,"turns":6},{"damage":13,"enemies":"Chosen and Byrds","floor":22,"turns":8},{"damage":24,"enemies":"Slavers","floor":24,"turns":6},{"damage":0,"enemies":"Snake Plant","floor":30,"turns":5},{"damage":60,"enemies":"Collector","floor":33,"turns":6}],"seed_played":"-2914289863849736919","potions_obtained":[{"floor":2,"key":"Fire Potion"},{"floor":4,"key":"Energy Potion"},{"floor":7,"key":"Weak Potion"},{"floor":12,"key":"EntropicBrew"},{"floor":18,"key":"Energy Potion"},{"floor":21,"key":"Poison Potion"},{"floor":30,"key":"Weak Potion"}],"is_trial":false,"path_per_floor":["M","M","$","M","?","R","E","R","T","M","M","M","R","M","R","B",null,"M","?","$","M","M","R","E","R","T","R","$","R","M","$","R","B"],"character_chosen":"THE_SILENT","items_purchased":["Outmaneuver","Flechettes","Flying Knee","Deflect","Dagger Spray","Blur"],"campfire_rested":3,"item_purchase_floors":[20,20,20,28,28,31],"current_hp_per_floor":[59,59,59,59,59,59,48,48,48,43,39,35,35,29,29,19,54,32,32,32,22,11,30,8,27,27,27,27,27,35,35,54,0],"gold":18,"neow_bonus":"THREE_ENEMY_KILL","is_prod":false,"is_daily":false,"chose_seed":false,"campfire_upgraded":6,"win_rate":0,"timestamp":1552123581,"path_taken":["M","M","$","M","?","R","E","R","T","M","M","M","R","M","R","BOSS","M","?","$","M","?","R","E","R","T","R","?","R","M","?","R","BOSS"],"build_version":"2019-01-23","purchased_purges":2,"victory":false,"max_hp_per_floor":[66,66,66,66,66,66,66,66,66,66,66,66,66,66,66,66,66,66,66,66,66,66,66,66,66,66,66,66,66,66,66,66,66],"card_choices":[{"not_picked":["Cloak And Dagger","Blur"],"picked":"Backflip","floor":1},{"not_picked":["Heel Hook","Backflip"],"picked":"Crippling Poison","floor":2},{"not_picked":["Endless Agony","Underhanded Strike"],"picked":"Footwork","floor":4},{"not_picked":["Expertise","Acrobatics"],"picked":"Poisoned Stab","floor":7},{"not_picked":["Underhanded Strike","Backstab"],"picked":"Blur","floor":10},{"not_picked":["Quick Slash","Eviscerate"],"picked":"Blur","floor":11},{"not_picked":["Flechettes","Prepared"],"picked":"Dodge and Roll","floor":12},{"not_picked":["Endless Agony","Dagger Throw"],"picked":"Dagger Spray","floor":14},{"not_picked":["Die Die Die","Phantasmal Killer"],"picked":"Envenom","floor":16},{"not_picked":["Prepared","Acrobatics"],"picked":"Riddle With Holes","floor":18},{"not_picked":["Dagger Throw","Reflex"],"picked":"Slice+1","floor":21},{"not_picked":["Outmaneuver","Setup"],"picked":"Slice+1","floor":22},{"not_picked":["Calculated Gamble","Well Laid Plans"],"picked":"Caltrops","floor":24},{"not_picked":["Masterful Stab","Acrobatics"],"picked":"Dagger Throw","floor":30}],"player_experience":2875176,"relics_obtained":[{"floor":7,"key":"Vajra"},{"floor":9,"key":"Blood Vial"},{"floor":24,"key":"Bird Faced Urn"}],"event_choices":[{"damage_healed":0,"gold_gain":50,"player_choice":"Pray","damage_taken":0,"max_hp_gain":0,"max_hp_loss":0,"event_name":"Golden Shrine","floor":5,"gold_loss":0},{"damage_healed":0,"gold_gain":0,"player_choice":"Copied","damage_taken":0,"max_hp_gain":0,"max_hp_loss":0,"event_name":"Duplicator","floor":19,"gold_loss":0,"cards_obtained":["Footwork"]}],"is_beta":false,"boss_relics":[{"not_picked":["Tiny House","Eternal Feather"],"picked":"Runic Pyramid"}],"items_purged_floors":[3,20],"is_endless":false,"potions_floor_spawned":[2,4,7,12,14,18,21,30],"killed_by":"Collector","ascension_level":20}