{"gold_per_floor":[118,118,134,309,309,335,335,362,386,386,404,404,404,415,415,415],"floor_reached":16,"playtime":552,"items_purged":[],"score":157,"play_id":"7e343f54-f4f4-41ac-b1d3-5c999ed4e7dd","local_time":"20190511013823","is_ascension_mode":true,"campfire_choices":[{"data":"Flame Barrier","floor":7.0,"key":"SMITH"},{"floor":10.0,"key":"REST"},{"data":"Entrench","floor":12.0,"key":"SMITH"},{"data":"Battle Trance","floor":15.0,"key":"SMITH"}],"neow_cost":"NONE","seed_source_timestamp":568221077940602,"circlet_count":0,"master_deck":["Strike_R","Strike_R","Strike_R","Strike_R","Strike_R","Defend_R","Defend_R","Defend_R","Defend_R","Bash","Flame Barrier+1","Entrench+1","Battle Trance+1"],"special_seed":0,"relics":["Burning Blood","Regal Pillow","Vajra","Anchor"],"potions_floor_usage":[16,16],"damage_taken":[{"damage":9.0,"enemies":"Small Slimes","floor":1.0,"turns":4.0},{"damage":0.0,"enemies":"2 Louse","floor":3.0,"turns":2.0},{"damage":18.0,"enemies":"3 Sentries","floor":6.0,"turns":8.0},{"damage":49.0,"enemies":"Lagavulin","floor":8.0,"turns":8.0},{"damage":1.0,"enemies":"Cultist","floor":11.0,"turns":5.0},{"damage":14.0,"enemies":"Exordium Thugs","floor":14.0,"turns":5.0},{"damage":64,"enemies":"Hexaghost","floor":16,"turns":11}],"seed_played":"-1471459851398905710","potions_obtained":[{"floor":0.0,"key":"AttackPotion"},{"floor":0.0,"key":"Fire Potion"},{"floor":0.0,"key":"Fruit Juice"},{"floor":1.0,"key":"PowerPotion"},{"floor":13.0,"key":"BloodPotion"},{"floor":13.0,"key":"Explosive Potion"},{"floor":13.0,"key":"Ancient Potion"},{"floor":14.0,"key":"Strength Potion"}],"is_trial":false,"path_per_floor":["M","$","M","?","?","E","R","E","T","R","M","R","?","M","R","B"],"character_chosen":"IRONCLAD","items_purchased":[],"campfire_rested":1,"item_purchase_floors":[],"current_hp_per_floor":[74,74,80,80,73,61,61,18,18,58,63,63,63,63,63,0],"gold":415,"neow_bonus":"THREE_SMALL_POTIONS","is_prod":false,"is_daily":false,"chose_seed":false,"campfire_upgraded":3,"win_rate":0,"timestamp":1557531503,"path_taken":["M","$","M","?","?","E","R","E","T","R","M","R","?","?","R","BOSS"],"build_version":"2019-01-23","purchased_purges":0,"victory":false,"max_hp_per_floor":[85,85,85,85,85,85,85,85,85,85,85,85,85,85,85,85],"card_choices":[{"not_picked":["Perfected Strike","Armaments"],"picked":"Flame Barrier","floor":1.0},{"not_picked":["Spot Weakness","Combust","Hemokinesis"],"picked":"SKIP","floor":3.0},{"not_picked":["Disarm","True Grit","Sword Boomerang"],"picked":"SKIP","floor":6.0},{"not_picked":["Disarm","True Grit","Sword Boomerang"],"picked":"SKIP","floor":6.0},{"not_picked":["Ghostly Armor","Clothesline","Thunderclap"],"picked":"SKIP","floor":8.0},{"not_picked":["Cleave","Rupture"],"picked":"Entrench","floor":11.0},{"not_picked":["Flex","Rupture"],"picked":"Battle Trance","floor":14.0}],"player_experience":456482,"relics_obtained":[{"floor":6.0,"key":"Regal Pillow"},{"floor":8.0,"key":"Vajra"},{"floor":9.0,"key":"Anchor"}],"event_choices":[{"damage_healed":0.0,"max_hp_gain":0.0,"max_hp_loss":0.0,"gold_gain":175.0,"event_name":"Liars Game","player_choice":"AGREE","floor":4.0,"gold_loss":0.0,"damage_taken":0.0,"cards_obtained":["Doubt"]},{"cards_removed":["Doubt"],"damage_healed":0.0,"max_hp_gain":0.0,"max_hp_loss":0.0,"gold_gain":0.0,"event_name":"Golden Wing","player_choice":"Card Removal","floor":5.0,"gold_loss":0.0,"damage_taken":7.0},{"damage_healed":0.0,"max_hp_gain":0.0,"max_hp_loss":0.0,"gold_gain":0.0,"event_name":"Lab","player_choice":"Got Potions","floor":13.0,"gold_loss":0.0,"damage_taken":0.0}],"is_beta":false,"boss_relics":[],"items_purged_floors":[],"is_endless":false,"potions_floor_spawned":[1,14],"killed_by":"Hexaghost","ascension_level":9}