{"gold_per_floor":[113,288,288,304,379,379,407,407,407,438,122,136,136,148,148,223,223,237,253,268,59,89,122,122,148,148,160,190,216,240,270,282,367,429,453,465,82,82,100,111,124,142,142,17,117,127,127,137,137,137],"floor_reached":50,"playtime":2589,"items_purged":["Pain","Shame","Regret"],"score":911,"play_id":"3764107a-f2cb-483e-8764-32fe250bdbd8","local_time":"20190401193359","is_ascension_mode":true,"campfire_choices":[{"data":"Zap","floor":6.0,"key":"SMITH"},{"data":"Static Discharge","floor":8.0,"key":"SMITH"},{"floor":15.0,"key":"REST"},{"floor":24.0,"key":"REST"},{"data":"Conserve Battery","floor":27.0,"key":"SMITH"},{"floor":32.0,"key":"REST"},{"floor":47.0,"key":"REST"},{"floor":49.0,"key":"REST"}],"neow_cost":"NONE","seed_source_timestamp":62312154692490,"circlet_count":0,"master_deck":["AscendersBane","Strike_B","Strike_B","Strike_B","Defend_B","Defend_B","Defend_B","Defend_B","Zap+1","Dualcast","Undo","Doubt","Static Discharge+1","Lockon","Conserve Battery+1","Rip and Tear","Defragment+1","Beam Cell","Undo","Electrodynamics+1","Defragment+1","Conserve Battery","Leap","Electrodynamics+1","Ball Lightning+1","Machine Learning+1","Force Field","Apotheosis","Defragment+1","Doubt","Conserve Battery","Force Field"],"special_seed":0,"relics":["Cracked Core","NeowsBlessing","WarpedTongs","Calipers","Gambling Chip","Frozen Egg 2","PreservedInsect","Cursed Key","DollysMirror","Tiny Chest","Bag of Marbles","Blood Vial","MawBank","Tiny House","Art of War","Centennial Puzzle","Prayer Wheel","Dead Branch"],"potions_floor_usage":[50,50],"damage_taken":[{"damage":0.0,"enemies":"Small Slimes","floor":1.0,"turns":1.0},{"damage":0.0,"enemies":"Cultist","floor":4.0,"turns":1.0},{"damage":0.0,"enemies":"Lagavulin","floor":7.0,"turns":1.0},{"damage":21.0,"enemies":"Gremlin Nob","floor":10.0,"turns":4.0},{"damage":0.0,"enemies":"Jaw Worm","floor":12.0,"turns":3.0},{"damage":1.0,"enemies":"2 Fungi Beasts","floor":14.0,"turns":2.0},{"damage":15.0,"enemies":"Hexaghost","floor":16.0,"turns":7.0},{"damage":8.0,"enemies":"Shell Parasite","floor":18.0,"turns":4.0},{"damage":4.0,"enemies":"3 Byrds","floor":19.0,"turns":3.0},{"damage":8.0,"enemies":"3 Cultists","floor":20.0,"turns":2.0},{"damage":18.0,"enemies":"Slavers","floor":23.0,"turns":2.0},{"damage":2.0,"enemies":"Book of Stabbing","floor":25.0,"turns":2.0},{"damage":27.0,"enemies":"Centurion and Healer","floor":28.0,"turns":3.0},{"damage":2.0,"enemies":"Cultist and Chosen","floor":29.0,"turns":4.0},{"damage":2.0,"enemies":"3 Cultists","floor":30.0,"turns":3.0},{"damage":12.0,"enemies":"Shelled Parasite and Fungi","floor":31.0,"turns":3.0},{"damage":14.0,"enemies":"Collector","floor":33.0,"turns":7.0},{"damage":8.0,"enemies":"3 Shapes","floor":35.0,"turns":2.0},{"damage":6.0,"enemies":"Orb Walker","floor":39.0,"turns":4.0},{"damage":2.0,"enemies":"4 Shapes","floor":40.0,"turns":4.0},{"damage":26.0,"enemies":"Transient","floor":41.0,"turns":5.0},{"damage":12.0,"enemies":"3 Darklings","floor":42.0,"turns":2.0},{"damage":0.0,"enemies":"Mind Bloom Boss Battle","floor":45.0,"turns":5.0},{"damage":3.0,"enemies":"Writhing Mass","floor":46.0,"turns":5.0},{"damage":24.0,"enemies":"4 Shapes","floor":48.0,"turns":2.0},{"damage":44,"enemies":"Awakened One","floor":50,"turns":5}],"seed_played":"-5045200146141204168","potions_obtained":[{"floor":1.0,"key":"SteroidPotion"},{"floor":12.0,"key":"SkillPotion"},{"floor":20.0,"key":"FocusPotion"},{"floor":23.0,"key":"Block Potion"},{"floor":25.0,"key":"FearPotion"},{"floor":34.0,"key":"SpeedPotion"},{"floor":35.0,"key":"Energy Potion"},{"floor":45.0,"key":"Energy Potion"},{"floor":46.0,"key":"AttackPotion"},{"floor":48.0,"key":"Strength Potion"}],"is_trial":false,"path_per_floor":["M","?","?","M","?","R","E","R","T","E","$","M","?","M","R","B",null,"M","M","M","$","?","E","R","E","T","R","M","M","M","M","R","B",null,"M","?","$","?","M","M","M","M","T","$","?","M","R","M","R","B"],"character_chosen":"DEFECT","items_purchased":["PreservedInsect","Conserve Battery","Rip and Tear","DollysMirror","Art of War","Centennial Puzzle"],"campfire_rested":5,"item_purchase_floors":[11,11,11,21,37,37],"current_hp_per_floor":[64,64,64,64,53,53,53,53,53,32,32,32,32,31,52,37,63,55,51,43,43,43,25,46,44,44,44,19,19,19,9,30,18,63,57,57,57,57,53,53,29,19,19,19,21,20,42,20,42,0],"gold":137,"neow_bonus":"THREE_ENEMY_KILL","is_prod":false,"is_daily":false,"chose_seed":false,"campfire_upgraded":3,"win_rate":0,"timestamp":1554172439,"path_taken":["M","?","?","?","?","R","E","R","T","E","$","M","?","M","R","BOSS","M","M","?","?","?","E","R","E","T","R","M","M","M","M","R","BOSS","M","?","$","?","M","M","M","M","T","$","?","M","R","M","R","BOSS"],"build_version":"2019-01-23","purchased_purges":3,"victory":false,"max_hp_per_floor":[71,71,71,71,71,71,71,71,71,71,71,71,71,71,71,71,71,71,71,71,71,71,71,71,71,71,71,71,71,71,71,71,71,76,76,76,76,76,76,76,76,76,76,76,76,76,76,76,76,76],"card_choices":[{"not_picked":["Redo","Stack"],"picked":"Undo","floor":1.0},{"not_picked":["Aggregate","Streamline","Skim"],"picked":"SKIP","floor":4.0},{"not_picked":["Biased Cognition","Capacitor"],"picked":"Static Discharge","floor":7.0},{"not_picked":["Gash","Beam Cell"],"picked":"Lockon","floor":10.0},{"not_picked":["Double Energy","Streamline"],"picked":"Defragment+1","floor":12.0},{"not_picked":["Melter","Ball Lightning"],"picked":"Undo","floor":14.0},{"not_picked":["Seek","Fission"],"picked":"Electrodynamics+1","floor":16.0},{"not_picked":["Stack","Force Field"],"picked":"Defragment+1","floor":18.0},{"not_picked":["Fusion","Sweeping Beam"],"picked":"Conserve Battery","floor":19.0},{"not_picked":["Consume+1","Turbo"],"picked":"Leap","floor":20.0},{"not_picked":["Aggregate","Cold Snap","Darkness"],"picked":"SKIP","floor":23.0},{"not_picked":["Steam","Go for the Eyes","Hologram"],"picked":"SKIP","floor":25.0},{"not_picked":["All For One","Streamline"],"picked":"Ball Lightning","floor":28.0},{"not_picked":["Compile Driver","Hologram","Melter"],"picked":"SKIP","floor":29.0},{"not_picked":["Leap","Biased Cognition+1","Go for the Eyes"],"picked":"SKIP","floor":30.0},{"not_picked":["Skim","Beam Cell","BootSequence"],"picked":"SKIP","floor":31.0},{"not_picked":["Fission","Multi-Cast"],"picked":"Machine Learning+1","floor":33.0},{"not_picked":["Rip and Tear+1","Go for the Eyes"],"picked":"Force Field","floor":34.0},{"not_picked":["Coolheaded","Double Energy+1","Aggregate"],"picked":"SKIP","floor":35.0},{"not_picked":["Deep Breath","Discovery"],"picked":"Apotheosis","floor":38.0},{"not_picked":["Go for the Eyes","Beam Cell","Reinforced Body"],"picked":"SKIP","floor":39.0},{"not_picked":["Turbo","Rebound"],"picked":"Defragment+1","floor":40.0},{"not_picked":["Redo","Heatsinks+1","Go for the Eyes+1"],"picked":"SKIP","floor":41.0},{"not_picked":["Ball Lightning","Cold Snap","Reprogram+1"],"picked":"SKIP","floor":42.0},{"not_picked":["Streamline","Steam Power+1"],"picked":"Conserve Battery","floor":45.0},{"not_picked":["Compile Driver+1","Hyperbeam","Double Energy"],"picked":"SKIP","floor":46.0},{"not_picked":["Barrage","Go for the Eyes","Beam Cell"],"picked":"SKIP","floor":46.0},{"not_picked":["Stack+1","Sunder"],"picked":"Force Field","floor":48.0},{"not_picked":["Aggregate","Genetic Algorithm","Compile Driver+1"],"picked":"SKIP","floor":48.0}],"player_experience":591276,"relics_obtained":[{"floor":7.0,"key":"Calipers"},{"floor":9.0,"key":"Gambling Chip"},{"floor":10.0,"key":"Frozen Egg 2"},{"floor":23.0,"key":"Bag of Marbles"},{"floor":25.0,"key":"Blood Vial"},{"floor":26.0,"key":"MawBank"},{"floor":43.0,"key":"Prayer Wheel"},{"floor":45.0,"key":"Dead Branch"}],"event_choices":[{"damage_healed":0.0,"max_hp_gain":0.0,"max_hp_loss":0.0,"gold_gain":175.0,"event_name":"Liars Game","player_choice":"AGREE","floor":2.0,"gold_loss":0.0,"damage_taken":0.0,"cards_obtained":["Doubt"]},{"damage_healed":0.0,"max_hp_gain":0.0,"max_hp_loss":0.0,"gold_gain":0.0,"event_name":"Accursed Blacksmith","player_choice":"Rummage","floor":3.0,"gold_loss":0.0,"damage_taken":0.0,"relics_obtained":["WarpedTongs"],"cards_obtained":["Pain"]},{"damage_healed":0.0,"max_hp_gain":0.0,"max_hp_loss":0.0,"gold_gain":75.0,"event_name":"World of Goop","player_choice":"Gather Gold","floor":5.0,"gold_loss":0.0,"damage_taken":11.0},{"damage_healed":0.0,"max_hp_gain":0.0,"max_hp_loss":0.0,"gold_gain":0.0,"cards_transformed":["Strike_B"],"event_name":"Transmorgrifier","player_choice":"Transformed","floor":13.0,"gold_loss":0.0,"damage_taken":0.0,"cards_obtained":["Beam Cell"]},{"damage_healed":0.0,"max_hp_gain":0.0,"max_hp_loss":0.0,"gold_gain":0.0,"event_name":"Addict","player_choice":"Stole Relic","floor":22.0,"gold_loss":0.0,"damage_taken":0.0,"relics_obtained":["Tiny Chest"],"cards_obtained":["Shame"]},{"damage_healed":0.0,"max_hp_gain":0.0,"max_hp_loss":0.0,"gold_gain":0.0,"event_name":"Mysterious Sphere","player_choice":"Ignored","floor":36.0,"gold_loss":0.0,"damage_taken":0.0},{"damage_healed":0.0,"max_hp_gain":0.0,"max_hp_loss":0.0,"gold_gain":0.0,"event_name":"SensoryStone","player_choice":"Memory 1","floor":38.0,"gold_loss":0.0,"damage_taken":0.0},{"damage_healed":0.0,"max_hp_gain":0.0,"max_hp_loss":0.0,"gold_gain":0.0,"event_name":"MindBloom","player_choice":"Fight","floor":45.0,"gold_loss":0.0,"damage_taken":0.0}],"is_beta":false,"boss_relics":[{"not_picked":["Fusion Hammer","Empty Cage"],"picked":"Cursed Key"},{"not_picked":["Coffee Dripper","Orrery"],"picked":"Tiny House"}],"items_purged_floors":[11,37,44],"is_endless":false,"potions_floor_spawned":[1,12,16,18,20,23,25,30,31,35,45,46,48],"killed_by":"Awakened One","ascension_level":14}