{"gold_per_floor":[14,31,31,49,69,69,96,96,148,166,316,71,88,116,116,195,195,211,226,226,226,240,240,259,259,259,276,276,296,296],"floor_reached":30,"playtime":2509,"items_purged":["Strike_G"],"score":488,"play_id":"0baf0b26-0710-4123-8514-9ef0af6a60b1","local_time":"20190205073444","is_ascension_mode":true,"campfire_choices":[{"data":"Terror","floor":6,"key":"SMITH"},{"data":"Infinite Blades","floor":8,"key":"SMITH"},{"data":"Footwork","floor":15,"key":"SMITH"},{"data":"Noxious Fumes","floor":23,"key":"SMITH"},{"data":"Footwork","floor":25,"key":"SMITH"},{"floor":28,"key":"REST"}],"neow_cost":"NO_GOLD","seed_source_timestamp":566162501605876,"circlet_count":0,"master_deck":["AscendersBane","Defend_G+1","Defend_G+1","Defend_G+1","Defend_G+1","Defend_G+1","Strike_G+1","Strike_G+1","Strike_G+1","Strike_G+1","Survivor","Neutralize","Blur","Terror+1","Regret","Backflip","Dagger Spray","Infinite Blades+1","Footwork+1","Doubt","Footwork+1","Riddle With Holes","Blur","Prepared","Corpse Explosion","Noxious Fumes+1","Backflip+1","Backflip+1","Dodge and Roll","Well Laid Plans+1","PiercingWail"],"relics":["Ring of the Snake","Du-Vu Doll","Mercury Hourglass","Boot","Centennial Puzzle","Incense Burner","Sozu","Pen Nib"],"potions_floor_usage":[5,14,14],"damage_taken":[{"damage":10,"enemies":"Small Slimes","floor":1,"turns":5},{"damage":1,"enemies":"2 Louse","floor":2,"turns":4},{"damage":1,"enemies":"Jaw Worm","floor":4,"turns":5},{"damage":10,"enemies":"Large Slime","floor":5,"turns":7},{"damage":6,"enemies":"Gremlin Nob","floor":7,"turns":3},{"damage":0,"enemies":"3 Louse","floor":10,"turns":2},{"damage":14,"enemies":"Red Slaver","floor":13,"turns":2},{"damage":11,"enemies":"Lagavulin","floor":14,"turns":5},{"damage":11,"enemies":"Hexaghost","floor":16,"turns":11},{"damage":17,"enemies":"Chosen","floor":18,"turns":4},{"damage":0,"enemies":"3 Byrds","floor":19,"turns":1},{"damage":4,"enemies":"Sentry and Sphere","floor":22,"turns":7},{"damage":13,"enemies":"Cultist and Chosen","floor":24,"turns":8},{"damage":7,"enemies":"Centurion and Healer","floor":27,"turns":5},{"damage":4,"enemies":"Snake Plant","floor":29,"turns":4},{"damage":46,"enemies":"Gremlin Leader","floor":30,"turns":4}],"seed_played":"5817187054641914467","potions_obtained":[{"floor":1,"key":"EntropicBrew"},{"floor":2,"key":"Weak Potion"},{"floor":4,"key":"GamblersBrew"},{"floor":13,"key":"Regen Potion"}],"is_trial":false,"path_per_floor":["M","M","?","M","M","R","E","R","T","M","?","$","M","E","R","B",null,"M","M","?","?","M","R","M","R","T","M","R","M","E"],"character_chosen":"THE_SILENT","items_purchased":["Footwork","Riddle With Holes"],"campfire_rested":1,"item_purchase_floors":[12,12],"current_hp_per_floor":[49,48,48,47,37,37,31,31,31,31,31,31,17,20,20,9,52,35,35,35,48,44,44,31,31,31,24,43,39,0],"gold":296,"neow_bonus":"ONE_RARE_RELIC","is_prod":false,"is_daily":false,"chose_seed":false,"campfire_upgraded":5,"win_rate":0,"timestamp":1549348484,"path_taken":["M","M","?","M","M","R","E","R","T","M","?","$","M","E","R","BOSS","M","M","?","?","M","R","M","R","T","M","R","M","E"],"build_version":"2019-01-23","purchased_purges":1,"victory":false,"max_hp_per_floor":[66,66,66,66,66,66,66,66,66,66,66,66,66,66,66,66,66,66,66,66,66,66,66,66,66,66,66,66,66,66],"card_choices":[{"not_picked":["Riddle With Holes","Underhanded Strike"],"picked":"Blur","floor":1},{"not_picked":["Concentrate","Reflex"],"picked":"Terror","floor":2},{"not_picked":["Escape Plan","Sucker Punch"],"picked":"Backflip","floor":4},{"not_picked":["Blade Dance","Skewer"],"picked":"Dagger Spray","floor":5},{"not_picked":["Dodge and Roll","Quick Slash"],"picked":"Infinite Blades","floor":7},{"not_picked":["Backstab","Sucker Punch"],"picked":"Footwork","floor":10},{"not_picked":["Quick Slash","PiercingWail"],"picked":"Blur","floor":13},{"not_picked":["Underhanded Strike","Blade Dance"],"picked":"Prepared","floor":14},{"not_picked":["Doppelganger","Die Die Die"],"picked":"Corpse Explosion","floor":16},{"not_picked":["Outmaneuver","Leg Sweep+1"],"picked":"Noxious Fumes","floor":18},{"not_picked":["PiercingWail","Flying Knee+1"],"picked":"Backflip+1","floor":19},{"not_picked":["Choke","Slice"],"picked":"Backflip+1","floor":22},{"not_picked":["Prepared","Masterful Stab"],"picked":"Dodge and Roll","floor":24},{"not_picked":["Night Terror","Noxious Fumes"],"picked":"Well Laid Plans+1","floor":27},{"not_picked":["Dagger Throw","Infinite Blades"],"picked":"PiercingWail","floor":29}],"player_experience":2720998,"relics_obtained":[{"floor":7,"key":"Boot"},{"floor":9,"key":"Centennial Puzzle"},{"floor":14,"key":"Incense Burner"},{"floor":26,"key":"Pen Nib"}],"event_choices":[{"damage_healed":0,"gold_gain":0,"player_choice":"Box","damage_taken":0,"relics_obtained":["Mercury Hourglass"],"max_hp_gain":0,"max_hp_loss":0,"event_name":"Big Fish","floor":3,"gold_loss":0,"cards_obtained":["Regret"]},{"damage_healed":0,"gold_gain":150,"player_choice":"AGREE","damage_taken":0,"max_hp_gain":0,"max_hp_loss":0,"event_name":"Liars Game","floor":11,"gold_loss":0,"cards_obtained":["Doubt"]},{"damage_healed":0,"gold_gain":0,"player_choice":"Simplicity","damage_taken":0,"max_hp_gain":0,"max_hp_loss":0,"event_name":"Back to Basics","floor":20,"gold_loss":0,"cards_upgraded":["Defend_G","Defend_G","Defend_G","Defend_G","Defend_G","Strike_G","Strike_G","Strike_G","Strike_G"]},{"damage_healed":13,"gold_gain":0,"player_choice":"Heal","damage_taken":0,"max_hp_gain":0,"max_hp_loss":0,"event_name":"The Library","floor":21,"gold_loss":0}],"is_beta":false,"boss_relics":[{"not_picked":["Runic Pyramid","Ectoplasm"],"picked":"Sozu"}],"items_purged_floors":[12],"is_endless":false,"potions_floor_spawned":[1,2,4,13,18,19,24,29],"killed_by":"Gremlin Leader","ascension_level":20}