{"gold_per_floor":[117,132,42,117,135,135,167,167,220,220,245,245,245,44,44,44],"floor_reached":16,"playtime":848,"items_purged":["Strike_G"],"score":196,"play_id":"83693263-0342-46f2-9ec1-2ce5dcdac5fc","local_time":"20190412030006","is_ascension_mode":true,"campfire_choices":[{"data":"Neutralize","floor":6,"key":"SMITH"},{"floor":8,"key":"REST"},{"floor":13,"key":"REST"},{"data":"Catalyst","floor":15,"key":"SMITH"}],"neow_cost":"NONE","seed_source_timestamp":1314846075596253,"circlet_count":0,"master_deck":["AscendersBane","Defend_G","Defend_G","Defend_G","Defend_G+1","Defend_G","Strike_G","Strike_G","Strike_G","Strike_G","Survivor","Neutralize+1","Deadly Poison","Dodge and Roll","Well Laid Plans","Poisoned Stab","Catalyst+1","Backflip+1","Footwork","PiercingWail"],"relics":["Ring of the Snake","NeowsBlessing","Snake Skull","Centennial Puzzle","Golden Idol"],"potions_floor_usage":[],"damage_taken":[{"damage":0,"enemies":"Jaw Worm","floor":1,"turns":1},{"damage":0,"enemies":"Small Slimes","floor":2,"turns":1},{"damage":0,"enemies":"2 Louse","floor":5,"turns":1},{"damage":40,"enemies":"Gremlin Nob","floor":7,"turns":5},{"damage":8,"enemies":"Large Slime","floor":11,"turns":7},{"damage":31,"enemies":"Slime Boss","floor":16,"turns":7}],"seed_played":"-6598967049612128599","potions_obtained":[],"is_trial":false,"path_per_floor":["M","M","$","?","M","R","E","R","T","?","M","?","R","$","R","B"],"character_chosen":"THE_SILENT","items_purchased":["Well Laid Plans","Footwork","PiercingWail"],"campfire_rested":2,"item_purchase_floors":[3,14,14],"current_hp_per_floor":[59,59,59,48,48,48,8,27,27,27,19,1,19,19,19,0],"gold":44,"neow_bonus":"THREE_ENEMY_KILL","is_prod":false,"is_daily":false,"chose_seed":false,"campfire_upgraded":2,"win_rate":0,"timestamp":1555030806,"path_taken":["M","M","$","?","M","R","E","R","T","?","M","?","R","$","R","BOSS"],"build_version":"2019-01-23","purchased_purges":1,"victory":false,"max_hp_per_floor":[66,66,66,66,66,66,66,66,66,60,60,60,60,60,60,60],"card_choices":[{"not_picked":["Bane","Quick Slash"],"picked":"Deadly Poison","floor":1},{"not_picked":["Masterful Stab","Dagger Throw"],"picked":"Dodge and Roll","floor":2},{"not_picked":["Cloak And Dagger","Slice"],"picked":"Poisoned Stab","floor":5},{"not_picked":["Infinite Blades","Footwork"],"picked":"Catalyst","floor":7},{"not_picked":["Blade Dance","All Out Attack"],"picked":"Backflip","floor":11}],"player_experience":3077497,"relics_obtained":[{"floor":7,"key":"Snake Skull"},{"floor":9,"key":"Centennial Puzzle"}],"event_choices":[{"damage_healed":0,"gold_gain":75,"player_choice":"Gather Gold","damage_taken":11,"max_hp_gain":0,"max_hp_loss":0,"event_name":"World of Goop","floor":4,"gold_loss":0},{"damage_healed":0,"gold_gain":0,"player_choice":"Lose Max HP","damage_taken":0,"relics_obtained":["Golden Idol"],"max_hp_gain":0,"max_hp_loss":6,"event_name":"Golden Idol","floor":10,"gold_loss":0},{"damage_healed":0,"gold_gain":0,"player_choice":"Entered Light","damage_taken":18,"max_hp_gain":0,"max_hp_loss":0,"event_name":"Shining Light","floor":12,"gold_loss":0,"cards_upgraded":["Defend_G","Backflip"]}],"is_beta":false,"boss_relics":[],"items_purged_floors":[14],"is_endless":false,"potions_floor_spawned":[],"killed_by":"Slime Boss","ascension_level":20}