{"gold_per_floor":[119,194,210,210,7,41,53,53,53,64,64,77,108,162,162,239,239,250,230,242,254,268,268,268],"floor_reached":24,"playtime":2354,"items_purged":[],"score":591,"play_id":"d59a82de-b167-4f37-bf90-b788368068b5","local_time":"20190425104720","is_ascension_mode":true,"campfire_choices":[{"data":"Envenom","floor":8,"key":"SMITH"},{"data":"Neutralize","floor":11,"key":"SMITH"},{"floor":15,"key":"REST"},{"floor":23,"key":"REST"}],"neow_cost":"NONE","seed_source_timestamp":270152243122498,"circlet_count":0,"master_deck":["AscendersBane","Defend_G","Defend_G","Defend_G","Defend_G","Defend_G","Strike_G","Strike_G","Strike_G","Strike_G","Strike_G","Survivor","Neutralize+1","Flying Knee","Cloak And Dagger","Envenom+1","PiercingWail","Storm of Steel","Catalyst","Catalyst","Flechettes","Dagger Spray","After Image","Blade Dance","Blade Dance","Dagger Spray+1"],"relics":["Ring of the Snake","NeowsBlessing","Thread and Needle","Pocketwatch","Mango","Smiling Mask","Cursed Key"],"potions_floor_usage":[19,20,24],"damage_taken":[{"damage":0,"enemies":"Small Slimes","floor":1,"turns":1},{"damage":0,"enemies":"Jaw Worm","floor":3,"turns":1},{"damage":0,"enemies":"3 Sentries","floor":6,"turns":2},{"damage":0,"enemies":"Cultist","floor":7,"turns":5},{"damage":12,"enemies":"Exordium Thugs","floor":10,"turns":7},{"damage":0,"enemies":"2 Fungi Beasts","floor":12,"turns":4},{"damage":23,"enemies":"Lagavulin","floor":13,"turns":6},{"damage":0,"enemies":"The Guardian","floor":16,"turns":11},{"damage":19,"enemies":"Chosen","floor":18,"turns":7},{"damage":13,"enemies":"2 Thieves","floor":20,"turns":5},{"damage":10,"enemies":"Snake Plant","floor":21,"turns":5},{"damage":33,"enemies":"Cultist and Chosen","floor":22,"turns":7},{"damage":32,"enemies":"Slavers","floor":24,"turns":2}],"seed_played":"-2389269557061514718","potions_obtained":[{"floor":1,"key":"GamblersBrew"},{"floor":3,"key":"LiquidBronze"},{"floor":19,"key":"Fruit Juice"},{"floor":22,"key":"Poison Potion"}],"is_trial":false,"path_per_floor":["M","?","M","?","$","E","M","R","T","M","R","M","E","T","R","B",null,"M","?","M","M","M","R","E"],"character_chosen":"THE_SILENT","items_purchased":["Envenom","PiercingWail"],"campfire_rested":2,"item_purchase_floors":[5,5],"current_hp_per_floor":[59,48,48,48,48,48,48,48,48,36,36,36,27,27,51,51,73,54,59,46,36,3,28,0],"gold":268,"neow_bonus":"THREE_ENEMY_KILL","is_prod":false,"is_daily":false,"chose_seed":false,"campfire_upgraded":2,"win_rate":0,"timestamp":1556182040,"path_taken":["M","?","M","?","$","E","M","R","T","?","R","M","E","?","R","BOSS","M","?","?","M","M","R","E"],"build_version":"2019-01-23","purchased_purges":0,"victory":false,"max_hp_per_floor":[66,66,66,66,66,66,66,66,66,66,66,66,80,80,80,80,80,80,85,85,85,85,85,85],"card_choices":[{"not_picked":["Accuracy","Prepared"],"picked":"Flying Knee","floor":1},{"not_picked":["Prepared","Sucker Punch"],"picked":"Cloak And Dagger","floor":3},{"not_picked":["Flechettes","Poisoned Stab"],"picked":"Storm of Steel","floor":6},{"not_picked":["Flying Knee","Reflex"],"picked":"Catalyst","floor":7},{"not_picked":["Backflip","PiercingWail"],"picked":"Catalyst","floor":10},{"not_picked":["Slice","Sucker Punch"],"picked":"Flechettes","floor":12},{"not_picked":["Backflip","Prepared"],"picked":"Dagger Spray","floor":13},{"not_picked":["Grand Finale","Venomology"],"picked":"After Image","floor":16},{"not_picked":["Poisoned Stab","Backflip"],"picked":"Blade Dance","floor":18},{"not_picked":["Quick Slash","Outmaneuver+1"],"picked":"Blade Dance","floor":20},{"not_picked":["Dodge and Roll","Expertise","Grand Finale"],"picked":"SKIP","floor":21},{"not_picked":["All Out Attack","Flying Knee"],"picked":"Dagger Spray+1","floor":22}],"player_experience":3171071,"relics_obtained":[{"floor":6,"key":"Thread and Needle"},{"floor":9,"key":"Pocketwatch"},{"floor":13,"key":"Mango"},{"floor":14,"key":"Smiling Mask"}],"event_choices":[{"damage_healed":0,"gold_gain":75,"player_choice":"Gather Gold","damage_taken":11,"max_hp_gain":0,"max_hp_loss":0,"event_name":"World of Goop","floor":2,"gold_loss":0},{"damage_healed":0,"gold_gain":0,"player_choice":"Got Potions","damage_taken":0,"max_hp_gain":0,"max_hp_loss":0,"event_name":"Lab","floor":4,"gold_loss":0},{"damage_healed":0,"gold_gain":0,"player_choice":"Bought 1 Potion","damage_taken":0,"max_hp_gain":0,"max_hp_loss":0,"event_name":"The Woman in Blue","floor":19,"gold_loss":0}],"is_beta":false,"boss_relics":[{"not_picked":["Ectoplasm","Eternal Feather"],"picked":"Cursed Key"}],"items_purged_floors":[],"is_endless":false,"potions_floor_spawned":[1,3,7,18,22],"killed_by":"Slavers","ascension_level":20}