{"gold_per_floor":[113,113,288,299,269,297,316,342,342,360,52,52,66,66,66,169,169,182,182,97,97,22,53,53,86,161,81,34,45,45,56,56,56],"floor_reached":33,"playtime":1389,"items_purged":["Doubt"],"score":357,"play_id":"65d0e9ab-9644-49c0-bf5b-493994b93348","local_time":"20190414173853","is_ascension_mode":true,"campfire_choices":[{"data":"Zap","floor":12,"key":"SMITH"},{"data":"White Noise","floor":15,"key":"SMITH"},{"floor":24,"key":"REST"},{"floor":30,"key":"REST"},{"data":"Coolheaded","floor":32,"key":"SMITH"}],"neow_cost":"NONE","seed_source_timestamp":44994839469573,"circlet_count":0,"master_deck":["Strike_B","Strike_B","Defend_B","Defend_B","Defend_B","Defend_B","Zap+1","Dualcast","Ball Lightning","Conserve Battery","BootSequence","White Noise+1","Coolheaded+1","Capacitor","Tempest+1","Multi-Cast","Reinforced Body","Glacier","Self Repair+1","Self Repair","Coolheaded","Ball Lightning","Static Discharge"],"relics":["Cracked Core","NeowsBlessing","Bottled Lightning","Mango","Lantern","Philosopher\u0027s Stone","Mercury Hourglass","Blood Vial","Ancient Tea Set","Strawberry","Ornamental Fan"],"potions_floor_usage":[8,16,16,25,33],"damage_taken":[{"damage":0,"enemies":"Small Slimes","floor":1,"turns":1},{"damage":0,"enemies":"Jaw Worm","floor":4,"turns":1},{"damage":0,"enemies":"Lagavulin","floor":6,"turns":1},{"damage":0,"enemies":"2 Louse","floor":7,"turns":2},{"damage":27,"enemies":"3 Sentries","floor":8,"turns":8},{"damage":3,"enemies":"Red Slaver","floor":10,"turns":3},{"damage":5,"enemies":"2 Fungi Beasts","floor":13,"turns":3},{"damage":26,"enemies":"Hexaghost","floor":16,"turns":11},{"damage":29,"enemies":"2 Thieves","floor":18,"turns":3},{"damage":39,"enemies":"Book of Stabbing","floor":23,"turns":9},{"damage":26,"enemies":"Gremlin Leader","floor":25,"turns":8},{"damage":3,"enemies":"Chosen","floor":29,"turns":5},{"damage":35,"enemies":"Centurion and Healer","floor":31,"turns":10},{"damage":54,"enemies":"Collector","floor":33,"turns":7}],"seed_played":"-8723144600301909453","potions_obtained":[{"floor":1,"key":"SkillPotion"},{"floor":5,"key":"GamblersBrew"},{"floor":5,"key":"AttackPotion"},{"floor":8,"key":"Ancient Potion"},{"floor":16,"key":"SteroidPotion"},{"floor":31,"key":"SkillPotion"}],"is_trial":false,"path_per_floor":["?","?","?","M","?","T","?","?","?","$","M"],"character_chosen":"DEFECT","items_purchased":["Capacitor","Lantern","Self Repair","Coolheaded"],"campfire_rested":2,"item_purchase_floors":[11,11,27,28],"current_hp_per_floor":[75,75,75,75,75,75,75,62,62,59,59,59,54,54,54,28,89,60,60,60,43,43,6,34,17,17,17,17,33,63,47,47,0],"gold":56,"neow_bonus":"THREE_ENEMY_KILL","is_prod":false,"is_daily":false,"chose_seed":false,"campfire_upgraded":3,"win_rate":0,"timestamp":1555256333,"path_taken":["M","?","?","M","?","E","M","E","T","?","$","R","M","?","R","BOSS","M","?","?","?","?","E","R","E","T","?","$","?","R","M","R","BOSS"],"build_version":"2019-01-23","purchased_purges":1,"victory":false,"max_hp_per_floor":[75,75,75,75,75,75,75,89,89,89,89,89,89,89,89,89,89,89,89,89,94,94,94,94,101,101,101,101,101,101,101,101,101],"card_choices":[{"not_picked":["Barrage","Redo"],"picked":"Ball Lightning","floor":1},{"not_picked":["Double Energy","Sweeping Beam"],"picked":"Conserve Battery","floor":4},{"not_picked":["Meteor Strike","Consume"],"picked":"BootSequence","floor":6},{"not_picked":["Cold Snap","Ball Lightning"],"picked":"White Noise","floor":7},{"not_picked":["Steam Power","Meteor Strike","Gash"],"picked":"SKIP","floor":8},{"not_picked":["Compile Driver","Stack"],"picked":"Coolheaded","floor":10},{"not_picked":["Steam Power","Gash"],"picked":"Tempest","floor":13},{"not_picked":["Seek","Reboot"],"picked":"Multi-Cast","floor":16},{"not_picked":["Turbo","Sweeping Beam"],"picked":"Reinforced Body","floor":18},{"not_picked":["Steam","Darkness"],"picked":"Glacier","floor":23},{"not_picked":["Streamline","Defragment"],"picked":"Self Repair+1","floor":25},{"not_picked":["Sunder","Gash"],"picked":"Ball Lightning","floor":29},{"not_picked":["Recycle","Stack"],"picked":"Static Discharge","floor":31}],"player_experience":70443,"relics_obtained":[{"floor":6,"key":"Bottled Lightning"},{"floor":8,"key":"Mango"},{"floor":19,"key":"Mercury Hourglass"},{"floor":23,"key":"Ancient Tea Set"},{"floor":25,"key":"Strawberry"},{"floor":26,"key":"Ornamental Fan"}],"event_choices":[{"cards_removed":["Strike_B"],"damage_healed":0,"gold_gain":0,"player_choice":"Forget","damage_taken":0,"max_hp_gain":0,"max_hp_loss":0,"event_name":"Living Wall","floor":2,"gold_loss":0},{"damage_healed":0,"gold_gain":175,"player_choice":"AGREE","damage_taken":0,"max_hp_gain":0,"max_hp_loss":0,"event_name":"Liars Game","floor":3,"gold_loss":0,"cards_obtained":["Doubt"]},{"damage_healed":0,"gold_gain":0,"player_choice":"Bought 2 Potions","damage_taken":0,"max_hp_gain":0,"max_hp_loss":0,"event_name":"The Woman in Blue","floor":5,"gold_loss":0},{"damage_healed":0,"gold_gain":0,"player_choice":"Forge","damage_taken":0,"max_hp_gain":0,"max_hp_loss":0,"event_name":"Accursed Blacksmith","floor":14,"gold_loss":0,"cards_upgraded":["Tempest"]},{"damage_healed":0,"gold_gain":0,"player_choice":"Obtained Relic","damage_taken":0,"relics_obtained":["Blood Vial"],"max_hp_gain":0,"max_hp_loss":0,"event_name":"Addict","floor":20,"gold_loss":85},{"damage_healed":0,"gold_gain":0,"player_choice":"Shed Blood","damage_taken":22,"max_hp_gain":5,"max_hp_loss":0,"event_name":"Forgotten Altar","floor":21,"gold_loss":0},{"cards_removed":["Strike_B"],"damage_healed":0,"gold_gain":0,"player_choice":"Gave Gold","damage_taken":0,"max_hp_gain":0,"max_hp_loss":0,"event_name":"Beggar","floor":22,"gold_loss":75}],"is_beta":false,"boss_relics":[{"not_picked":["Pandora\u0027s Box","Coffee Dripper"],"picked":"Philosopher\u0027s Stone"}],"items_purged_floors":[11],"is_endless":false,"potions_floor_spawned":[1,6,8,13,16,31],"killed_by":"Collector","ascension_level":1}