{"gold_per_floor":[111,127,142,156,156,156,191,191,191,22,40,110,122,141,141,240,240,260,260,275,49,59,88,104,118,118,136,148,148,148],"floor_reached":30,"playtime":1329,"items_purged":[],"score":360,"play_id":"4e081031-1b20-40a6-bcb4-b277c156079c","local_time":"20190502080312","is_ascension_mode":true,"campfire_choices":[{"data":"Bash","floor":6,"key":"SMITH"},{"data":"Seeing Red","floor":8,"key":"SMITH"},{"data":"Armaments","floor":15,"key":"SMITH"},{"floor":29,"key":"REST"}],"neow_cost":"PERCENT_DAMAGE","seed_source_timestamp":509050822540717,"circlet_count":0,"master_deck":["Strike_R","Strike_R","Strike_R","Strike_R","Strike_R","Defend_R","Defend_R","Defend_R","Defend_R","Bash+1","Seeing Red+1","Shockwave","Flex","Cleave","Armaments+1","Flex","Shrug It Off","Iron Wave","Limit Break","Inflame","Seeing Red","Sword Boomerang+1"],"relics":["Burning Blood","Ice Cream","Letter Opener","Lantern","Mummified Hand","Busted Crown","Bag of Marbles","Pear","Charon\u0027s Ashes"],"potions_floor_usage":[4,20,23,24,28,28],"damage_taken":[{"damage":10,"enemies":"Cultist","floor":1,"turns":5},{"damage":6,"enemies":"2 Louse","floor":2,"turns":3},{"damage":8,"enemies":"Jaw Worm","floor":3,"turns":4},{"damage":14,"enemies":"3 Louse","floor":4,"turns":6},{"damage":20,"enemies":"Lagavulin","floor":7,"turns":6},{"damage":6,"enemies":"Blue Slaver","floor":11,"turns":3},{"damage":9,"enemies":"2 Fungi Beasts","floor":13,"turns":3},{"damage":1,"enemies":"Lots of Slimes","floor":14,"turns":2},{"damage":18,"enemies":"The Guardian","floor":16,"turns":12},{"damage":0,"enemies":"3 Byrds","floor":18,"turns":5},{"damage":10,"enemies":"Spheric Guardian","floor":20,"turns":5},{"damage":7,"enemies":"Centurion and Healer","floor":22,"turns":4},{"damage":13,"enemies":"Gremlin Leader","floor":23,"turns":4},{"damage":15,"enemies":"Snake Plant","floor":24,"turns":4},{"damage":20,"enemies":"Shelled Parasite and Fungi","floor":25,"turns":4},{"damage":3,"enemies":"Chosen and Byrds","floor":27,"turns":4},{"damage":19,"enemies":"Snake Plant","floor":28,"turns":2},{"damage":58,"enemies":"Slavers","floor":30,"turns":3}],"seed_played":"-5206820244102894658","potions_obtained":[{"floor":3,"key":"Regen Potion"},{"floor":7,"key":"FearPotion"},{"floor":14,"key":"EssenceOfSteel"},{"floor":22,"key":"Strength Potion"},{"floor":23,"key":"Block Potion"},{"floor":24,"key":"Poison Potion"},{"floor":27,"key":"Fire Potion"}],"is_trial":false,"path_per_floor":["M","?","T","?"],"character_chosen":"IRONCLAD","items_purchased":["Lantern","Armaments","Bag of Marbles","Inflame"],"campfire_rested":1,"item_purchase_floors":[10,10,21,21],"current_hp_per_floor":[47,47,45,52,78,78,64,64,64,64,64,64,61,66,66,54,74,80,65,61,61,60,63,54,40,40,43,30,58,0],"gold":148,"neow_bonus":"ONE_RARE_RELIC","is_prod":false,"is_daily":false,"chose_seed":false,"campfire_upgraded":3,"win_rate":0,"timestamp":1556776992,"path_taken":["M","M","?","M","?","R","E","R","T","$","M","?","M","M","R","BOSS","M","?","M","$","M","E","M","M","T","M","M","R","E"],"build_version":"2019-01-23","purchased_purges":0,"victory":false,"max_hp_per_floor":[80,80,80,80,80,80,80,80,80,80,80,80,80,80,80,80,80,80,85,85,85,85,95,95,95,95,95,95,95,95],"card_choices":[{"not_picked":["Body Slam","Shrug It Off"],"picked":"Seeing Red","floor":1},{"not_picked":["Uppercut","Hemokinesis"],"picked":"Shockwave","floor":2},{"not_picked":["Shrug It Off","Pommel Strike"],"picked":"Flex","floor":3},{"not_picked":["Headbutt","Blood for Blood"],"picked":"Cleave","floor":4},{"not_picked":["Feel No Pain","True Grit","Blood for Blood"],"picked":"SKIP","floor":7},{"not_picked":["Cleave","Ghostly Armor"],"picked":"Flex","floor":11},{"not_picked":["Heavy Blade","Havoc"],"picked":"Shrug It Off","floor":13},{"not_picked":["Feel No Pain","Juggernaut"],"picked":"Iron Wave","floor":14},{"not_picked":["Immolate","Brutality"],"picked":"Limit Break","floor":16},{"not_picked":["Sever Soul"],"picked":"SKIP","floor":18},{"not_picked":["Havoc"],"picked":"SKIP","floor":20},{"not_picked":["Perfected Strike"],"picked":"SKIP","floor":22},{"not_picked":["Iron Wave"],"picked":"SKIP","floor":23},{"not_picked":["Searing Blow"],"picked":"SKIP","floor":24},{"not_picked":[],"picked":"Seeing Red","floor":25},{"not_picked":["Combust"],"picked":"SKIP","floor":27},{"not_picked":[],"picked":"Sword Boomerang+1","floor":28}],"player_experience":204972,"relics_obtained":[{"floor":7,"key":"Letter Opener"},{"floor":12,"key":"Mummified Hand"},{"floor":23,"key":"Pear"},{"floor":26,"key":"Charon\u0027s Ashes"}],"event_choices":[{"damage_healed":26,"gold_gain":0,"player_choice":"Banana","damage_taken":0,"max_hp_gain":0,"max_hp_loss":0,"event_name":"Big Fish","floor":5,"gold_loss":0},{"damage_healed":0,"gold_gain":0,"player_choice":"Shed Blood","damage_taken":20,"max_hp_gain":5,"max_hp_loss":0,"event_name":"Forgotten Altar","floor":19,"gold_loss":0}],"is_beta":false,"boss_relics":[{"not_picked":["Eternal Feather","Snecko Eye"],"picked":"Busted Crown"}],"items_purged_floors":[],"is_endless":false,"potions_floor_spawned":[3,7,14,22,23,24,27],"killed_by":"Slavers","ascension_level":6}