{"gold_per_floor":[111,121,296,306,381,381,409,409,409,16,49,69,69,79,79,79],"floor_reached":16,"playtime":821,"items_purged":["Doubt"],"score":110,"play_id":"098f98ff-8337-4cf0-9933-685dca1002b1","local_time":"20190326125253","is_ascension_mode":false,"campfire_choices":[{"data":"Blade Dance","floor":6,"key":"SMITH"},{"floor":8,"key":"REST"},{"floor":13,"key":"REST"},{"floor":15,"key":"REST"}],"neow_cost":"NONE","seed_source_timestamp":534578181300698,"circlet_count":0,"master_deck":["Defend_G","Defend_G","Defend_G","Defend_G","Defend_G","Strike_G","Strike_G","Strike_G","Strike_G","Strike_G","Survivor","Neutralize","Slice","Blade Dance+1","Quick Slash","Finesse","Burst","Backflip","Leg Sweep"],"relics":["Ring of the Snake","NeowsBlessing","Pear","Pantograph","Toolbox","Frozen Egg 2"],"potions_floor_usage":[16,16],"damage_taken":[{"damage":0,"enemies":"Small Slimes","floor":1,"turns":1},{"damage":0,"enemies":"Cultist","floor":2,"turns":1},{"damage":0,"enemies":"Jaw Worm","floor":4,"turns":1},{"damage":43,"enemies":"3 Sentries","floor":7,"turns":13},{"damage":28,"enemies":"Lagavulin","floor":11,"turns":6},{"damage":3,"enemies":"Exordium Wildlife","floor":12,"turns":4},{"damage":22,"enemies":"Exordium Thugs","floor":14,"turns":6},{"damage":91,"enemies":"The Guardian","floor":16,"turns":19}],"seed_played":"2201620131432921715","potions_obtained":[{"floor":7,"key":"Strength Potion"},{"floor":14,"key":"AttackPotion"}],"is_trial":false,"path_per_floor":["?","?"],"character_chosen":"THE_SILENT","items_purchased":["Quick Slash","Finesse","Toolbox"],"campfire_rested":3,"item_purchase_floors":[10,10,10],"current_hp_per_floor":[70,70,70,70,63,63,30,54,54,54,26,23,47,25,49,0],"gold":79,"neow_bonus":"THREE_ENEMY_KILL","is_prod":false,"is_daily":false,"chose_seed":false,"campfire_upgraded":1,"win_rate":0.0,"timestamp":1553601173,"path_taken":["M","M","?","M","?","R","E","R","T","$","E","M","R","M","R","BOSS"],"build_version":"2019-01-23","purchased_purges":1,"victory":false,"max_hp_per_floor":[70,70,70,70,70,70,80,80,80,80,80,80,80,80,80,80],"card_choices":[{"not_picked":["Dodge and Roll","Outmaneuver"],"picked":"Slice","floor":1},{"not_picked":["Deadly Poison","Riddle With Holes","Underhanded Strike"],"picked":"SKIP","floor":2},{"not_picked":["Dagger Throw","Poisoned Stab"],"picked":"Blade Dance","floor":4},{"not_picked":["Outmaneuver","PiercingWail","Bane"],"picked":"SKIP","floor":7},{"not_picked":["Poisoned Stab","Flying Knee"],"picked":"Burst","floor":11},{"not_picked":["Underhanded Strike","PiercingWail"],"picked":"Backflip","floor":12},{"not_picked":["Catalyst","Dagger Throw"],"picked":"Leg Sweep","floor":14}],"player_experience":39311,"relics_obtained":[{"floor":7,"key":"Pear"},{"floor":9,"key":"Pantograph"},{"floor":11,"key":"Frozen Egg 2"}],"event_choices":[{"damage_healed":0,"gold_gain":175,"player_choice":"AGREE","damage_taken":0,"max_hp_gain":0,"max_hp_loss":0,"event_name":"Liars Game","floor":3,"gold_loss":0,"cards_obtained":["Doubt"]},{"damage_healed":0,"gold_gain":75,"player_choice":"Touch","damage_taken":7,"max_hp_gain":0,"max_hp_loss":0,"event_name":"FaceTrader","floor":5,"gold_loss":0}],"is_beta":false,"boss_relics":[],"items_purged_floors":[10],"is_endless":false,"potions_floor_spawned":[7,14],"killed_by":"The Guardian","ascension_level":0}