{"gold_per_floor":[113,133,145,155,0,0,34,34,34,60,60],"floor_reached":11,"playtime":1322,"items_purged":["Normality"],"score":166,"play_id":"bc583249-45df-4174-8301-5445c8be0e4b","local_time":"20190212150346","is_ascension_mode":true,"campfire_choices":[{"floor":6,"key":"REST"},{"data":"Accuracy","floor":8,"key":"SMITH"}],"neow_cost":"CURSE","seed_source_timestamp":1199094362447558,"circlet_count":0,"master_deck":["AscendersBane","Defend_G","Defend_G","Defend_G","Defend_G","Defend_G","Strike_G","Strike_G","Strike_G","Strike_G","Strike_G","Survivor","Neutralize","Sucker Punch","Blade Dance","Accuracy+1","Predator","Leg Sweep","Deadly Poison","Well Laid Plans","Infinite Blades","Cloak And Dagger","Dash"],"relics":["Ring of the Snake","Prayer Wheel","Mango","WingedGreaves","Tough Bandages"],"potions_floor_usage":[7,10],"damage_taken":[{"damage":12,"enemies":"2 Louse","floor":1,"turns":4},{"damage":2,"enemies":"Jaw Worm","floor":2,"turns":5},{"damage":0,"enemies":"Cultist","floor":3,"turns":3},{"damage":23,"enemies":"Large Slime","floor":4,"turns":7},{"damage":26,"enemies":"3 Sentries","floor":7,"turns":10},{"damage":21,"enemies":"Gremlin Nob","floor":10,"turns":4},{"damage":33,"enemies":"Gremlin Nob","floor":11,"turns":4}],"seed_played":"3448567624963631907","potions_obtained":[{"floor":4,"key":"Regen Potion"},{"floor":7,"key":"Strength Potion"}],"is_trial":false,"path_per_floor":["M","M","M","M","$","R","E","R","T","E","?"],"character_chosen":"THE_SILENT","items_purchased":["Infinite Blades"],"campfire_rested":1,"item_purchase_floors":[5],"current_hp_per_floor":[47,45,45,22,22,41,44,44,44,23,0],"gold":60,"neow_bonus":"ONE_RARE_RELIC","is_prod":false,"is_daily":false,"chose_seed":false,"campfire_upgraded":1,"win_rate":0,"timestamp":1549980226,"path_taken":["M","M","M","M","$","R","E","R","T","E","?"],"build_version":"2019-01-23","purchased_purges":1,"victory":false,"max_hp_per_floor":[66,66,66,66,66,66,80,80,80,80,80],"card_choices":[{"not_picked":["Outmaneuver","Acrobatics"],"picked":"Sucker Punch","floor":1},{"not_picked":["Expertise","Accuracy"],"picked":"Blade Dance","floor":1},{"not_picked":["Crippling Poison","Endless Agony"],"picked":"Accuracy","floor":2},{"not_picked":["Underhanded Strike","Flying Knee"],"picked":"Predator","floor":2},{"not_picked":["Dodge and Roll","Bane"],"picked":"Leg Sweep","floor":3},{"not_picked":["Poisoned Stab","A Thousand Cuts"],"picked":"Deadly Poison","floor":3},{"not_picked":["Dodge and Roll","Prepared"],"picked":"Well Laid Plans","floor":4},{"not_picked":["Predator","Quick Slash","Backstab"],"picked":"SKIP","floor":4},{"not_picked":["Dagger Throw","Setup"],"picked":"Cloak And Dagger","floor":7},{"not_picked":["Finisher","Caltrops"],"picked":"Dash","floor":10}],"player_experience":2767343,"relics_obtained":[{"floor":7,"key":"Mango"},{"floor":9,"key":"WingedGreaves"},{"floor":10,"key":"Tough Bandages"}],"event_choices":[{"damage_healed":0,"gold_gain":0,"player_choice":"Searched \u00271\u0027 times","damage_taken":0,"max_hp_gain":0,"max_hp_loss":0,"event_name":"Dead Adventurer","floor":11,"gold_loss":0}],"is_beta":false,"boss_relics":[],"items_purged_floors":[5],"is_endless":false,"potions_floor_spawned":[4,7],"killed_by":"Gremlin Nob","ascension_level":20}