{"gold_per_floor":[114,127,154,154,154,154,173,209,245,271,283,339,203,224,224,353,353,377,360,459,310,310,310],"floor_reached":23,"playtime":713,"items_purged":["Defend_B","Injury"],"score":259,"play_id":"92280be3-8478-4a8a-8028-b2a100daed83","local_time":"20190502175407","is_ascension_mode":true,"campfire_choices":[{"floor":6,"key":"REST"},{"data":"Zap","floor":11,"key":"SMITH"},{"data":"Hologram","floor":15,"key":"SMITH"}],"neow_cost":"NONE","seed_source_timestamp":545118645031940,"circlet_count":0,"master_deck":["Strike_B+1","Strike_B+1","Strike_B+1","Strike_B+1","Defend_B","Defend_B","Defend_B","Zap+1","Dualcast","Coolheaded","Self Repair","Conserve Battery","Hologram+1","Conserve Battery","BootSequence","Auto Shields","Conserve Battery","Electrodynamics","Ball Lightning","Self Repair+1","Ball Lightning"],"relics":["Cracked Core","Oddly Smooth Stone","DataDisk","Golden Idol","MawBank","Whetstone","Pear","Philosopher\u0027s Stone","Enchiridion"],"potions_floor_usage":[8,12,12,23],"damage_taken":[{"damage":6,"enemies":"Cultist","floor":1,"turns":3},{"damage":18,"enemies":"Small Slimes","floor":2,"turns":3},{"damage":5,"enemies":"2 Louse","floor":7,"turns":2},{"damage":17,"enemies":"Lagavulin","floor":8,"turns":8},{"damage":10,"enemies":"Exordium Wildlife","floor":10,"turns":5},{"damage":22,"enemies":"Gremlin Nob","floor":12,"turns":4},{"damage":0,"enemies":"2 Fungi Beasts","floor":14,"turns":4},{"damage":30,"enemies":"Slime Boss","floor":16,"turns":14},{"damage":14,"enemies":"Spheric Guardian","floor":18,"turns":4},{"damage":4,"enemies":"2 Thieves","floor":19,"turns":4},{"damage":50,"enemies":"Slavers","floor":23,"turns":3}],"seed_played":"-2949281698016283756","potions_obtained":[{"floor":1,"key":"Regen Potion"},{"floor":2,"key":"Poison Potion"},{"floor":8,"key":"SkillPotion"},{"floor":12,"key":"Poison Potion"}],"is_trial":false,"path_per_floor":["T","?","?","?","?"],"character_chosen":"DEFECT","items_purchased":["Auto Shields","Ball Lightning"],"campfire_rested":1,"item_purchase_floors":[13,21],"current_hp_per_floor":[62,44,44,44,29,51,46,48,48,45,45,40,40,47,47,24,70,56,59,59,59,43,0],"gold":310,"neow_bonus":"RANDOM_COMMON_RELIC","is_prod":false,"is_daily":false,"chose_seed":false,"campfire_upgraded":2,"win_rate":0,"timestamp":1556812447,"path_taken":["M","M","?","?","?","R","M","E","T","M","R","E","$","M","R","BOSS","M","M","?","$","?","E"],"build_version":"2019-01-23","purchased_purges":2,"victory":false,"max_hp_per_floor":[75,75,75,75,75,75,75,75,75,75,75,85,85,85,85,85,85,85,85,85,85,85,85],"card_choices":[{"not_picked":["Melter","Loop"],"picked":"Coolheaded","floor":1},{"not_picked":["Darkness","Steam Power"],"picked":"Self Repair","floor":2},{"not_picked":["Melter","Reinforced Body"],"picked":"Conserve Battery","floor":7},{"not_picked":["Stack","Fusion"],"picked":"Hologram","floor":8},{"not_picked":["Turbo","Beam Cell"],"picked":"Conserve Battery","floor":10},{"not_picked":["Lockon","Turbo"],"picked":"BootSequence","floor":12},{"not_picked":["Redo","Biased Cognition"],"picked":"Conserve Battery","floor":14},{"not_picked":["Rainbow","Multi-Cast"],"picked":"Electrodynamics","floor":16},{"not_picked":["Conserve Battery","Fusion"],"picked":"Ball Lightning","floor":18},{"not_picked":["Turbo","Aggregate"],"picked":"Self Repair+1","floor":19}],"player_experience":207401,"relics_obtained":[{"floor":3,"key":"DataDisk"},{"floor":8,"key":"MawBank"},{"floor":9,"key":"Whetstone"},{"floor":12,"key":"Pear"},{"floor":22,"key":"Enchiridion"}],"event_choices":[{"damage_healed":0,"gold_gain":0,"player_choice":"Take Wound","damage_taken":0,"relics_obtained":["Golden Idol"],"max_hp_gain":0,"max_hp_loss":0,"event_name":"Golden Idol","floor":4,"gold_loss":0,"cards_obtained":["Injury"]},{"damage_healed":0,"gold_gain":0,"player_choice":"Entered Light","damage_taken":15,"max_hp_gain":0,"max_hp_loss":0,"event_name":"Shining Light","floor":5,"gold_loss":0,"cards_upgraded":["Strike_B","Strike_B"]},{"damage_healed":0,"gold_gain":99,"player_choice":"Stole From Cult","damage_taken":0,"max_hp_gain":0,"max_hp_loss":0,"event_name":"Nest","floor":20,"gold_loss":0},{"damage_healed":0,"gold_gain":0,"player_choice":"Obtained Book","damage_taken":16,"max_hp_gain":0,"max_hp_loss":0,"event_name":"Cursed Tome","floor":22,"gold_loss":0}],"is_beta":false,"boss_relics":[{"not_picked":["Velvet Choker","White Beast Statue"],"picked":"Philosopher\u0027s Stone"}],"items_purged_floors":[13,21],"is_endless":false,"potions_floor_spawned":[1,2,8,12],"killed_by":"Slavers","ascension_level":6}