{"gold_per_floor":[109,120,5,280,293,319,319,319,372,387,400,400,29,60,72,161,173,198,210,237,249],"floor_reached":21,"playtime":1384,"items_purged":["Regret"],"score":378,"play_id":"93add040-58a6-4bf5-b908-4b748f9fff0a","local_time":"20190216172333","is_ascension_mode":true,"campfire_choices":[{"data":"Catalyst","floor":8,"key":"SMITH"},{"floor":12,"key":"REST"},{"data":"Apotheosis","floor":15,"key":"SMITH"}],"neow_cost":"NONE","seed_source_timestamp":237164081562123,"circlet_count":0,"master_deck":["AscendersBane","Defend_G","Defend_G","Defend_G","Defend_G","Defend_G","Strike_G","Strike_G","Strike_G","Strike_G","Strike_G","Survivor","Neutralize","Blade Dance","Dagger Throw","Bouncing Flask","Catalyst+1","Accuracy","Poisoned Stab","All Out Attack","PiercingWail","Apotheosis+1","Noxious Fumes","Predator","Burst","Blade Dance+1"],"relics":["Ring of the Snake","NeowsBlessing","Boot","Regal Pillow","MawBank","Cursed Key"],"potions_floor_usage":[6,14],"damage_taken":[{"damage":0,"enemies":"Cultist","floor":1,"turns":1},{"damage":0,"enemies":"Small Slimes","floor":2,"turns":1},{"damage":0,"enemies":"Jaw Worm","floor":5,"turns":1},{"damage":31,"enemies":"Lagavulin","floor":6,"turns":7},{"damage":11,"enemies":"Looter","floor":10,"turns":3},{"damage":11,"enemies":"Red Slaver","floor":11,"turns":3},{"damage":16,"enemies":"Gremlin Nob","floor":14,"turns":4},{"damage":28,"enemies":"Hexaghost","floor":16,"turns":7},{"damage":20,"enemies":"3 Byrds","floor":18,"turns":5},{"damage":10,"enemies":"Chosen","floor":20,"turns":4},{"damage":25,"enemies":"Sentry and Sphere","floor":21,"turns":4}],"seed_played":"-8605139522881371","potions_obtained":[{"floor":1,"key":"Strength Potion"},{"floor":10,"key":"Ancient Potion"}],"is_trial":false,"path_per_floor":["M","M","$","?","M","E","?","R","T","M","M","R","$","E","R","B",null,"M","?","M","M"],"character_chosen":"THE_SILENT","items_purchased":["Bouncing Flask","Catalyst","Apotheosis","Noxious Fumes"],"campfire_rested":1,"item_purchase_floors":[3,3,13,13],"current_hp_per_floor":[59,59,59,59,59,28,44,44,44,33,22,56,56,40,40,12,53,33,33,23,0],"gold":249,"neow_bonus":"THREE_ENEMY_KILL","is_prod":false,"is_daily":false,"chose_seed":false,"campfire_upgraded":2,"win_rate":0,"timestamp":1550334213,"path_taken":["M","M","?","?","?","E","?","R","T","M","M","R","$","E","R","BOSS","M","?","M","M"],"build_version":"2019-01-23","purchased_purges":1,"victory":false,"max_hp_per_floor":[66,66,66,66,66,66,66,66,66,66,66,66,66,66,66,66,66,66,63,63,63],"card_choices":[{"not_picked":["Backstab","Quick Slash"],"picked":"Blade Dance","floor":1},{"not_picked":["Acrobatics","Setup"],"picked":"Dagger Throw","floor":2},{"not_picked":["Poisoned Stab","Dagger Spray"],"picked":"Accuracy","floor":5},{"not_picked":["Endless Agony","Bane"],"picked":"Poisoned Stab","floor":6},{"not_picked":["Finisher","Outmaneuver"],"picked":"All Out Attack","floor":10},{"not_picked":["Deflect","Prepared"],"picked":"PiercingWail","floor":11},{"not_picked":["Glass Knife","Deflect"],"picked":"Predator","floor":14},{"not_picked":["Unload","Envenom"],"picked":"Burst","floor":16},{"not_picked":["Bouncing Flask","Prepared"],"picked":"Blade Dance+1","floor":18},{"not_picked":["Deflect","Die Die Die","Underhanded Strike+1"],"picked":"SKIP","floor":20}],"player_experience":2778855,"relics_obtained":[{"floor":6,"key":"Boot"},{"floor":9,"key":"Regal Pillow"},{"floor":14,"key":"MawBank"}],"event_choices":[{"damage_healed":0,"gold_gain":275,"player_choice":"Desecrate","damage_taken":0,"max_hp_gain":0,"max_hp_loss":0,"event_name":"Golden Shrine","floor":4,"gold_loss":0,"cards_obtained":["Regret"]},{"damage_healed":16,"gold_gain":0,"player_choice":"Healed and dodged fight","damage_taken":0,"max_hp_gain":0,"max_hp_loss":0,"event_name":"Mushrooms","floor":7,"gold_loss":0,"cards_obtained":["Parasite"]},{"cards_removed":["Parasite"],"damage_healed":0,"gold_gain":0,"player_choice":"Removed Curses","damage_taken":0,"max_hp_gain":0,"max_hp_loss":0,"event_name":"Fountain of Cleansing","floor":19,"gold_loss":0}],"is_beta":false,"boss_relics":[{"not_picked":["Pandora\u0027s Box","Calling Bell"],"picked":"Cursed Key"}],"items_purged_floors":[13],"is_endless":false,"potions_floor_spawned":[1,10],"killed_by":"Sentry and Sphere","ascension_level":20}