{"gold_per_floor":[119,41,116,128,128,128,162,162,162,180,195,36,36,64,64,140,140,151,151,66,12,28,28],"floor_reached":23,"playtime":1987,"items_purged":["Strike_G"],"score":494,"play_id":"aba857ec-d027-4840-8ead-eed745bfde9e","local_time":"20190225221107","is_ascension_mode":true,"campfire_choices":[{"data":"Neutralize","floor":6,"key":"SMITH"},{"data":"Cloak And Dagger","floor":8,"key":"SMITH"},{"data":"Well Laid Plans","floor":13,"key":"SMITH"},{"data":"Accuracy","floor":15,"key":"SMITH"}],"neow_cost":"NONE","seed_source_timestamp":33596101963121,"circlet_count":0,"master_deck":["AscendersBane","Defend_G","Defend_G","Defend_G","Defend_G","Defend_G","Strike_G","Strike_G","Strike_G","Strike_G","Survivor","Neutralize+1","Dagger Spray","Noxious Fumes+1","Cloak And Dagger+1","Blur","Well Laid Plans+1","Accuracy+1","Noxious Fumes","Acrobatics","Corpse Explosion","Poisoned Stab","Deadly Poison"],"relics":["Ring of the Snake","NeowsBlessing","Happy Flower","Bag of Marbles","Snake Skull","Runic Pyramid","Enchiridion","Dodecahedron"],"potions_floor_usage":[14,16,18,22],"damage_taken":[{"damage":0,"enemies":"Small Slimes","floor":1,"turns":1},{"damage":0,"enemies":"2 Louse","floor":4,"turns":1},{"damage":0,"enemies":"3 Sentries","floor":7,"turns":1},{"damage":0,"enemies":"Cultist","floor":10,"turns":3},{"damage":10,"enemies":"3 Louse","floor":11,"turns":4},{"damage":0,"enemies":"Lagavulin","floor":14,"turns":6},{"damage":13,"enemies":"Hexaghost","floor":16,"turns":8},{"damage":2,"enemies":"Chosen","floor":18,"turns":6},{"damage":0,"enemies":"3 Byrds","floor":22,"turns":3},{"damage":33,"enemies":"Book of Stabbing","floor":23,"turns":5}],"seed_played":"-6247648510973291493","potions_obtained":[{"floor":4,"key":"FearPotion"},{"floor":10,"key":"GamblersBrew"},{"floor":14,"key":"SteroidPotion"},{"floor":16,"key":"Dexterity Potion"}],"is_trial":false,"path_per_floor":["M","$","?","M","?","R","E","R","T","M","M","$","R","E","R","B",null,"M","?","?","$","M","E"],"character_chosen":"THE_SILENT","items_purchased":["Noxious Fumes","Noxious Fumes","Deadly Poison"],"campfire_rested":0,"item_purchase_floors":[2,12,21],"current_hp_per_floor":[59,59,48,48,48,48,48,48,48,48,38,38,38,38,38,25,56,54,33,33,33,33,0],"gold":28,"neow_bonus":"THREE_ENEMY_KILL","is_prod":false,"is_daily":false,"chose_seed":false,"campfire_upgraded":4,"win_rate":0,"timestamp":1551129067,"path_taken":["M","$","?","M","?","R","E","R","T","M","M","$","R","E","R","BOSS","M","?","?","$","?","E"],"build_version":"2019-01-23","purchased_purges":1,"victory":false,"max_hp_per_floor":[66,66,66,66,66,66,66,66,66,66,66,66,66,66,66,66,66,66,66,66,66,66,66],"card_choices":[{"not_picked":["Sucker Punch","Blade Dance"],"picked":"Dagger Spray","floor":1},{"not_picked":["Choke","Outmaneuver"],"picked":"Cloak And Dagger","floor":4},{"not_picked":["Masterful Stab","Dodge and Roll"],"picked":"Blur","floor":7},{"not_picked":["Wraith Form v2","Backstab"],"picked":"Well Laid Plans","floor":10},{"not_picked":["Bane","Prepared"],"picked":"Accuracy","floor":11},{"not_picked":["Bane","Endless Agony"],"picked":"Acrobatics","floor":14},{"not_picked":["Glass Knife","Envenom"],"picked":"Corpse Explosion","floor":16},{"not_picked":["Reflex","Slice"],"picked":"Poisoned Stab","floor":18},{"not_picked":["Distraction","Poisoned Stab","All Out Attack"],"picked":"SKIP","floor":22}],"player_experience":2805720,"relics_obtained":[{"floor":7,"key":"Happy Flower"},{"floor":9,"key":"Bag of Marbles"},{"floor":14,"key":"Snake Skull"},{"floor":19,"key":"Enchiridion"}],"event_choices":[{"damage_healed":0,"gold_gain":75,"player_choice":"Gather Gold","damage_taken":11,"max_hp_gain":0,"max_hp_loss":0,"event_name":"World of Goop","floor":3,"gold_loss":0},{"damage_healed":0,"gold_gain":0,"player_choice":"Forge","damage_taken":0,"max_hp_gain":0,"max_hp_loss":0,"event_name":"Accursed Blacksmith","floor":5,"gold_loss":0,"cards_upgraded":["Noxious Fumes"]},{"damage_healed":0,"gold_gain":0,"player_choice":"Obtained Book","damage_taken":21,"max_hp_gain":0,"max_hp_loss":0,"event_name":"Cursed Tome","floor":19,"gold_loss":0},{"damage_healed":0,"gold_gain":0,"player_choice":"Obtained Relic","damage_taken":0,"relics_obtained":["Dodecahedron"],"max_hp_gain":0,"max_hp_loss":0,"event_name":"Addict","floor":20,"gold_loss":85}],"is_beta":false,"boss_relics":[{"not_picked":["White Beast Statue","Eternal Feather"],"picked":"Runic Pyramid"}],"items_purged_floors":[12],"is_endless":false,"potions_floor_spawned":[4,10,14,16],"killed_by":"Book of Stabbing","ascension_level":20}