{"gold_per_floor":[111,111,124,139,150,184,184,219,219,234,38,58,74,88,88,187,187,197,209,134,134],"floor_reached":21,"playtime":2587,"items_purged":["Defend_G"],"score":205,"play_id":"ff4af66b-caad-4eb9-b8d0-cef3c38637dd","local_time":"20190510194612","is_ascension_mode":true,"campfire_choices":[{"floor":7,"key":"REST"},{"floor":15,"key":"REST"}],"neow_cost":"NONE","seed_source_timestamp":1651856145233,"circlet_count":0,"master_deck":["Defend_G","Defend_G","Defend_G","Defend_G","Strike_G","Strike_G","Strike_G","Strike_G","Strike_G","Survivor","Neutralize","Finesse","Deadly Poison","Dodge and Roll","Footwork","Dodge and Roll","Backflip","Magnetism","Bouncing Flask","Deadly Poison","Corpse Explosion","Quick Slash","Noxious Fumes","Slice"],"relics":["Ring of the Snake","Kunai","Meat on the Bone","Gremlin Horn","Orrery"],"potions_floor_usage":[5],"damage_taken":[{"damage":1,"enemies":"Cultist","floor":1,"turns":4},{"damage":2,"enemies":"2 Louse","floor":3,"turns":3},{"damage":0,"enemies":"Small Slimes","floor":4,"turns":4},{"damage":4,"enemies":"Exordium Thugs","floor":5,"turns":7},{"damage":60,"enemies":"Lagavulin","floor":6,"turns":17},{"damage":12,"enemies":"3 Sentries","floor":8,"turns":16},{"damage":0,"enemies":"Looter","floor":10,"turns":4},{"damage":3,"enemies":"2 Fungi Beasts","floor":12,"turns":5},{"damage":16,"enemies":"Large Slime","floor":13,"turns":9},{"damage":12,"enemies":"Exordium Thugs","floor":14,"turns":5},{"damage":40,"enemies":"Hexaghost","floor":16,"turns":10},{"damage":18,"enemies":"Chosen","floor":18,"turns":6},{"damage":16,"enemies":"Shell Parasite","floor":19,"turns":6},{"damage":44,"enemies":"Cultist and Chosen","floor":21,"turns":4}],"seed_played":"1837459056980493081","potions_obtained":[{"floor":4,"key":"SkillPotion"},{"floor":8,"key":"LiquidBronze"},{"floor":10,"key":"Block Potion"},{"floor":13,"key":"Regen Potion"},{"floor":18,"key":"Strength Potion"}],"is_trial":false,"path_per_floor":["M","T","M","M","M","E","R","E","T","M","$","M","M","M","R","B",null,"M","M","$","M"],"character_chosen":"THE_SILENT","items_purchased":["Magnetism"],"campfire_rested":2,"item_purchase_floors":[11],"current_hp_per_floor":[69,69,67,67,63,3,24,12,12,24,24,33,29,29,50,22,70,52,36,36,0],"gold":134,"neow_bonus":"RANDOM_COLORLESS","is_prod":false,"is_daily":false,"chose_seed":false,"campfire_upgraded":0,"win_rate":0,"timestamp":1557481572,"path_taken":["M","?","M","M","M","E","R","E","T","M","$","M","?","M","R","BOSS","M","M","$","M"],"build_version":"2019-01-23","purchased_purges":1,"victory":false,"max_hp_per_floor":[70,70,70,70,70,70,70,70,70,70,70,70,70,70,70,70,70,70,70,70,70],"card_choices":[{"not_picked":["Flying Knee","Sucker Punch"],"picked":"Deadly Poison","floor":1},{"not_picked":["Terror","Acrobatics"],"picked":"Dodge and Roll","floor":3},{"not_picked":["Outmaneuver","Eviscerate"],"picked":"Footwork","floor":4},{"not_picked":["Finisher","Blade Dance"],"picked":"Dodge and Roll","floor":5},{"not_picked":["PiercingWail","Caltrops","Dagger Spray"],"picked":"SKIP","floor":6},{"not_picked":["Escape Plan","Malaise","All Out Attack"],"picked":"SKIP","floor":8},{"not_picked":["Blade Dance","Acrobatics"],"picked":"Backflip","floor":10},{"not_picked":["Phantasmal Killer","Choke","Underhanded Strike"],"picked":"SKIP","floor":12},{"not_picked":["Blur","Sucker Punch"],"picked":"Bouncing Flask","floor":13},{"not_picked":["Dagger Throw","Blade Dance"],"picked":"Deadly Poison","floor":14},{"not_picked":["Adrenaline","Die Die Die"],"picked":"Corpse Explosion","floor":16},{"not_picked":["Eviscerate","Backflip"],"picked":"Quick Slash","floor":17},{"not_picked":["Blade Dance","PiercingWail"],"picked":"Noxious Fumes","floor":17},{"not_picked":["Reflex","Quick Slash"],"picked":"Slice","floor":17},{"not_picked":["Tactician","Distraction","Slice"],"picked":"SKIP","floor":18},{"not_picked":["Slice","Outmaneuver","PiercingWail"],"picked":"SKIP","floor":19}],"player_experience":54650,"relics_obtained":[{"floor":6,"key":"Kunai"},{"floor":8,"key":"Meat on the Bone"},{"floor":9,"key":"Gremlin Horn"}],"event_choices":[],"is_beta":false,"boss_relics":[{"not_picked":["Snecko Eye","Philosopher\u0027s Stone"],"picked":"Orrery"}],"items_purged_floors":[20],"is_endless":false,"potions_floor_spawned":[4,8,10,13,18],"killed_by":"Cultist and Chosen","ascension_level":1}