{"gold_per_floor":[118,43,56,56,71,71,85,85,85,160,179,6,6,26,26,126,126,144,144,162,162,176,204,79,79,79,96,110,123,175,189,189,285,285,303,303,303,316,370,370,370,370,370,386,277,73,87,106,106,106],"floor_reached":50,"playtime":3244,"items_purged":["Writhe","Strike_R","Strike_R","Defend_R"],"score":481,"play_id":"739e9037-9329-4d66-b58c-d56aa30b15c5","local_time":"20190106220329","is_ascension_mode":false,"campfire_choices":[{"data":"Iron Wave","floor":6,"key":"SMITH"},{"data":"Iron Wave","floor":8,"key":"SMITH"},{"floor":13,"key":"REST"},{"data":"Spot Weakness","floor":15,"key":"SMITH"},{"data":"Iron Wave","floor":25,"key":"SMITH"},{"floor":32,"key":"REST"},{"data":"Flex","floor":40,"key":"SMITH"},{"data":"Heavy Blade","floor":42,"key":"SMITH"},{"data":"Apotheosis","floor":49,"key":"SMITH"}],"neow_cost":"CURSE","seed_source_timestamp":1912661913816,"circlet_count":0,"master_deck":["Strike_R+1","Strike_R","Defend_R","Bash+1","Iron Wave+1","Iron Wave+1","Thunderclap","Spot Weakness+1","Rage","Offering","Iron Wave+1","Cleave","Iron Wave+1","Immolate","Heavy Blade+1","Flex+1","True Grit+1","Reaper","Cleave+1","Apotheosis+1","Heavy Blade+1","Warcry","Battle Trance"],"relics":["Burning Blood","Dream Catcher","Sozu","Mercury Hourglass","Regal Pillow","Empty Cage","Pocketwatch","Charon\u0027s Ashes","Magic Flower"],"potions_floor_usage":[7,16,16,20],"damage_taken":[{"damage":6,"enemies":"Cultist","floor":1,"turns":3},{"damage":12,"enemies":"Jaw Worm","floor":3,"turns":4},{"damage":1,"enemies":"2 Louse","floor":5,"turns":2},{"damage":12,"enemies":"Gremlin Gang","floor":7,"turns":5},{"damage":12,"enemies":"Blue Slaver","floor":11,"turns":3},{"damage":8,"enemies":"Lots of Slimes","floor":14,"turns":4},{"damage":50,"enemies":"The Guardian","floor":16,"turns":9},{"damage":15,"enemies":"3 Byrds","floor":18,"turns":6},{"damage":7,"enemies":"2 Thieves","floor":20,"turns":4},{"damage":11,"enemies":"Centurion and Healer","floor":22,"turns":4},{"damage":38,"enemies":"Slavers","floor":23,"turns":5},{"damage":0,"enemies":"Snecko","floor":27,"turns":4},{"damage":9,"enemies":"Cultist and Chosen","floor":28,"turns":4},{"damage":27,"enemies":"Shelled Parasite and Fungi","floor":29,"turns":3},{"damage":4,"enemies":"3 Cultists","floor":31,"turns":4},{"damage":57,"enemies":"Champ","floor":33,"turns":9},{"damage":6,"enemies":"3 Shapes","floor":35,"turns":2},{"damage":1,"enemies":"3 Darklings","floor":38,"turns":3},{"damage":22,"enemies":"2 Orb Walkers","floor":39,"turns":3},{"damage":5,"enemies":"4 Shapes","floor":44,"turns":2},{"damage":8,"enemies":"Sphere and 2 Shapes","floor":47,"turns":2},{"damage":45,"enemies":"Maw","floor":48,"turns":7},{"damage":81,"enemies":"Awakened One","floor":50,"turns":9}],"seed_played":"4123858052402629157","potions_obtained":[{"floor":3,"key":"EssenceOfSteel"},{"floor":5,"key":"GamblersBrew"},{"floor":7,"key":"PowerPotion"},{"floor":16,"key":"SkillPotion"}],"is_trial":false,"path_per_floor":["M","$","M","?","M","R","M","R","T","?","M","$","R","M","R","B",null,"M","?","M","?","M","E","$","R","T","M","M","M","T","M","R","B",null,"M","?","?","M","?","R","?","R","T","M","?","$","M","M","R","B"],"character_chosen":"IRONCLAD","items_purchased":["Rage","Warcry"],"campfire_rested":2,"item_purchase_floors":[12,46],"current_hp_per_floor":[96,96,90,71,76,76,70,70,70,59,53,53,81,79,79,35,96,87,87,86,86,81,49,49,49,49,55,52,31,31,33,76,25,96,96,91,91,91,87,87,87,87,87,88,88,88,89,53,53,0],"gold":106,"neow_bonus":"TWENTY_PERCENT_HP_BONUS","is_prod":false,"is_daily":false,"chose_seed":false,"campfire_upgraded":7,"win_rate":0,"timestamp":1546772609,"path_taken":["M","$","M","?","M","R","M","R","T","?","M","$","R","M","R","BOSS","M","?","?","?","M","E","$","R","T","M","M","?","?","M","R","BOSS","M","?","?","M","?","R","?","R","T","M","?","$","?","M","R","BOSS"],"build_version":"2019-01-03v4","purchased_purges":4,"victory":false,"max_hp_per_floor":[96,96,96,96,96,96,96,96,96,96,96,96,96,96,96,96,96,96,96,96,96,96,96,96,96,96,96,96,96,96,96,96,96,96,96,91,91,91,91,91,91,91,91,91,91,91,91,91,91,91],"card_choices":[{"not_picked":["Clash","Perfected Strike"],"picked":"Iron Wave","floor":1},{"not_picked":["Infernal Blade","Perfected Strike"],"picked":"Iron Wave","floor":3},{"not_picked":["Pommel Strike","Armaments"],"picked":"Thunderclap","floor":5},{"not_picked":["Searing Blow","Armaments"],"picked":"Spot Weakness","floor":7},{"not_picked":["Sword Boomerang","Bludgeon","Reckless Charge"],"picked":"SKIP","floor":11},{"not_picked":["Armaments","Carnage","Twin Strike"],"picked":"SKIP","floor":14},{"not_picked":["Immolate","Barricade"],"picked":"Offering","floor":16},{"not_picked":["Anger","Headbutt+1","Carnage"],"picked":"SKIP","floor":18},{"not_picked":["Armaments+1","Uppercut"],"picked":"Cleave","floor":20},{"not_picked":["Seeing Red","Shrug It Off","Headbutt"],"picked":"SKIP","floor":22},{"not_picked":["Clash+1","Armaments"],"picked":"Immolate","floor":23},{"not_picked":["Pommel Strike","Warcry+1","Clothesline"],"picked":"SKIP","floor":27},{"not_picked":["Feel No Pain+1","Burning Pact"],"picked":"Heavy Blade","floor":28},{"not_picked":["Pommel Strike","Shrug It Off+1"],"picked":"Flex","floor":29},{"not_picked":["Wild Strike","Intimidate","Twin Strike+1"],"picked":"SKIP","floor":31},{"not_picked":["Combust","Clash"],"picked":"True Grit+1","floor":32},{"not_picked":["Juggernaut","Brutality"],"picked":"Reaper","floor":33},{"not_picked":["Flame Barrier","Armaments"],"picked":"Cleave+1","floor":35},{"not_picked":["Blind","Discovery"],"picked":"Apotheosis","floor":37},{"not_picked":["Twin Strike+1","Combust+1","Evolve+1"],"picked":"SKIP","floor":38},{"not_picked":["Second Wind","Cleave"],"picked":"Heavy Blade+1","floor":44},{"not_picked":["Pommel Strike+1","Feel No Pain+1","Headbutt+1"],"picked":"SKIP","floor":47},{"not_picked":["Headbutt","Anger"],"picked":"Battle Trance","floor":48}],"player_experience":33268,"relics_obtained":[{"floor":9,"key":"Dream Catcher"},{"floor":23,"key":"Mercury Hourglass"},{"floor":30,"key":"Regal Pillow"},{"floor":39,"key":"Pocketwatch"},{"floor":43,"key":"Charon\u0027s Ashes"}],"event_choices":[{"damage_healed":0,"gold_gain":0,"player_choice":"Entered Light","damage_taken":19,"max_hp_gain":0,"max_hp_loss":0,"event_name":"Shining Light","floor":4,"gold_loss":0,"cards_upgraded":["Bash","Strike_R"]},{"damage_healed":0,"gold_gain":75,"player_choice":"Gather Gold","damage_taken":11,"max_hp_gain":0,"max_hp_loss":0,"event_name":"World of Goop","floor":10,"gold_loss":0},{"cards_removed":["Defend_R"],"damage_healed":0,"gold_gain":0,"player_choice":"Took Card","damage_taken":0,"max_hp_gain":0,"max_hp_loss":0,"event_name":"NoteForYourself","floor":19,"gold_loss":0,"cards_obtained":["Iron Wave"]},{"damage_healed":0,"gold_gain":0,"player_choice":"Copied","damage_taken":0,"max_hp_gain":0,"max_hp_loss":0,"event_name":"Duplicator","floor":21,"gold_loss":0,"cards_obtained":["Iron Wave"]},{"damage_healed":0,"gold_gain":0,"player_choice":"Max HP","damage_taken":0,"max_hp_gain":0,"max_hp_loss":5,"event_name":"Winding Halls","floor":36,"gold_loss":0},{"damage_healed":0,"gold_gain":0,"player_choice":"Memory 1","damage_taken":0,"max_hp_gain":0,"max_hp_loss":0,"event_name":"SensoryStone","floor":37,"gold_loss":0},{"damage_healed":0,"gold_gain":0,"player_choice":"Fight","damage_taken":0,"max_hp_gain":0,"max_hp_loss":0,"event_name":"Mysterious Sphere","floor":39,"gold_loss":0},{"damage_healed":0,"gold_gain":0,"player_choice":"Ignored","damage_taken":0,"max_hp_gain":0,"max_hp_loss":0,"event_name":"Tomb of Lord Red Mask","floor":41,"gold_loss":0},{"damage_healed":0,"gold_gain":0,"player_choice":"Paid Gold","damage_taken":0,"relics_obtained":["Magic Flower"],"max_hp_gain":0,"max_hp_loss":0,"event_name":"WeMeetAgain","floor":45,"gold_loss":109}],"is_beta":false,"boss_relics":[{"not_picked":["Runic Dome","Black Star"],"picked":"Sozu"},{"not_picked":["Eternal Feather","Snecko Eye"],"picked":"Empty Cage"}],"items_purged_floors":[2,12,24,46],"is_endless":false,"potions_floor_spawned":[3,5,7,16,18,23,27,31,38,44],"killed_by":"Awakened One","ascension_level":0}