{"gold_per_floor":[110,23,35,53,73,100,100,133,133,149,1,1,15,29,29,130,130,149,176,192,291,206,206,240,258,284,302,9,9,28,40,40,145,145,160,176,176,51,67,289,289,305,305,320,320,320,355,368,368,368],"floor_reached":50,"playtime":5736,"items_purged":["Strike_G","Expertise","Defend_G"],"score":608,"play_id":"629de35d-23c5-48e7-9d4b-12d28b55b8bf","local_time":"20190105200402","is_ascension_mode":false,"campfire_choices":[{"data":"Dash","floor":7,"key":"SMITH"},{"floor":15,"key":"REST"},{"data":"Die Die Die","floor":23,"key":"SMITH"},{"floor":29,"key":"REST"},{"data":"Poisoned Stab","floor":32,"key":"SMITH"},{"floor":41,"key":"REST"},{"floor":46,"key":"REST"},{"data":"Infinite Blades","floor":49,"key":"SMITH"}],"neow_cost":"NONE","seed_source_timestamp":3517438116979,"circlet_count":0,"master_deck":["Defend_G","Defend_G","Defend_G","Defend_G","Strike_G","Strike_G","Strike_G","Strike_G","Survivor","Neutralize","Distraction","Sucker Punch","Caltrops","Terror","Dash+1","Flying Knee","Dagger Throw","Blur","Dagger Throw","Underhanded Strike","Venomology","Die Die Die+1","Quick Slash","Deflect+1","Predator+1","Adrenaline","Poisoned Stab+1","Finisher","Backflip","Backstab","Burst","Infinite Blades+1","Deflect+1","Infinite Blades+1","Deflect+1"],"relics":["Ring of the Snake","Strawberry","FossilizedHelix","Kunai","FaceOfCleric","Velvet Choker","Red Mask","Meat on the Bone","Snake Skull","Juzu Bracelet","Strange Spoon","Lizard Tail","Bottled Flame","Dodecahedron"],"potions_floor_usage":[16,18,18,19,20,20,24,25,27,30,31,33,33,39,42,42,47,50,50],"damage_taken":[{"damage":1,"enemies":"Jaw Worm","floor":1,"turns":6},{"damage":0,"enemies":"Cultist","floor":3,"turns":3},{"damage":2,"enemies":"2 Louse","floor":4,"turns":3},{"damage":1,"enemies":"2 Fungi Beasts","floor":5,"turns":3},{"damage":14,"enemies":"Gremlin Nob","floor":6,"turns":4},{"damage":15,"enemies":"Lagavulin","floor":8,"turns":6},{"damage":0,"enemies":"Looter","floor":10,"turns":3},{"damage":0,"enemies":"Blue Slaver","floor":13,"turns":2},{"damage":9,"enemies":"Exordium Wildlife","floor":14,"turns":4},{"damage":44,"enemies":"The Guardian","floor":16,"turns":14},{"damage":0,"enemies":"Shell Parasite","floor":18,"turns":4},{"damage":16,"enemies":"Masked Bandits","floor":19,"turns":6},{"damage":0,"enemies":"2 Thieves","floor":20,"turns":4},{"damage":9,"enemies":"Gremlin Leader","floor":24,"turns":6},{"damage":0,"enemies":"Snecko","floor":25,"turns":3},{"damage":0,"enemies":"3 Cultists","floor":27,"turns":5},{"damage":14,"enemies":"Centurion and Healer","floor":30,"turns":8},{"damage":0,"enemies":"Snake Plant","floor":31,"turns":3},{"damage":79,"enemies":"Automaton","floor":33,"turns":11},{"damage":3,"enemies":"Orb Walker","floor":35,"turns":4},{"damage":14,"enemies":"3 Shapes","floor":36,"turns":4},{"damage":27,"enemies":"Jaw Worm Horde","floor":39,"turns":7},{"damage":6,"enemies":"4 Shapes","floor":42,"turns":4},{"damage":23,"enemies":"3 Darklings","floor":44,"turns":6},{"damage":0,"enemies":"Nemesis","floor":47,"turns":7},{"damage":0,"enemies":"Maw","floor":48,"turns":8},{"damage":194,"enemies":"Time Eater","floor":50,"turns":14}],"seed_played":"-6791387015289035564","potions_obtained":[{"floor":1,"key":"Strength Potion"},{"floor":4,"key":"SkillPotion"},{"floor":8,"key":"PowerPotion"},{"floor":16,"key":"SpeedPotion"},{"floor":18,"key":"AttackPotion"},{"floor":19,"key":"FairyPotion"},{"floor":24,"key":"FearPotion"},{"floor":27,"key":"PowerPotion"},{"floor":30,"key":"Ancient Potion"},{"floor":36,"key":"Regen Potion"}],"is_trial":false,"path_per_floor":["M","$","M","M","M","E","R","E","T","M","$","?","M","M","R","B",null,"M","?","M","?","?","R","E","M","T","M","$","R","M","M","R","B",null,"M","M","?","$","M","?","R","M","T","M","?","R","E","M","R","B"],"character_chosen":"THE_SILENT","items_purchased":["Sucker Punch","Caltrops","Dagger Throw","Underhanded Strike","Strange Spoon"],"campfire_rested":4,"item_purchase_floors":[2,2,11,11,28],"current_hp_per_floor":[76,76,76,74,73,66,66,51,51,51,51,51,52,44,69,26,87,88,73,74,74,74,74,66,67,67,68,68,93,80,81,81,15,96,94,81,81,81,67,67,96,91,91,69,69,96,97,98,98,0],"gold":368,"neow_bonus":"TEN_PERCENT_HP_BONUS","is_prod":false,"is_daily":false,"chose_seed":false,"campfire_upgraded":4,"win_rate":0.0,"timestamp":1546679042,"path_taken":["M","$","M","M","M","E","R","E","T","M","$","?","?","M","R","BOSS","M","?","M","?","?","R","E","M","T","M","?","R","M","M","R","BOSS","M","M","?","?","M","?","R","M","T","M","?","R","E","M","R","BOSS"],"build_version":"2019-01-03v4","purchased_purges":3,"victory":false,"max_hp_per_floor":[77,77,77,77,77,84,84,84,84,84,84,84,85,86,86,87,87,88,89,90,90,90,90,91,92,92,93,93,93,94,95,95,96,96,97,98,98,98,99,99,99,100,100,101,96,96,97,98,98,98],"card_choices":[{"not_picked":["Dodge and Roll","Acrobatics"],"picked":"Distraction","floor":1},{"not_picked":["Heel Hook","Deadly Poison"],"picked":"Terror","floor":3},{"not_picked":["Deadly Poison","Outmaneuver"],"picked":"Dash","floor":4},{"not_picked":["Prepared","Deflect"],"picked":"Flying Knee","floor":5},{"not_picked":["Acrobatics","Underhanded Strike"],"picked":"Dagger Throw","floor":6},{"not_picked":["Outmaneuver","Sucker Punch"],"picked":"Blur","floor":8},{"not_picked":["Dagger Spray","Acrobatics","Prepared"],"picked":"SKIP","floor":10},{"not_picked":["Prepared","Caltrops"],"picked":"Expertise","floor":13},{"not_picked":["Underhanded Strike","Reflex"],"picked":"Venomology","floor":14},{"not_picked":["Phantasmal Killer","Unload"],"picked":"Die Die Die","floor":16},{"not_picked":["Deadly Poison","Heel Hook+1"],"picked":"Quick Slash","floor":18},{"not_picked":["Endless Agony","Outmaneuver+1"],"picked":"Deflect+1","floor":19},{"not_picked":["Riddle With Holes+1","Slice"],"picked":"Predator+1","floor":20},{"not_picked":["Unload","Masterful Stab"],"picked":"Adrenaline","floor":24},{"not_picked":["Reflex","Underhanded Strike"],"picked":"Poisoned Stab","floor":25},{"not_picked":["Flying Knee","Deflect"],"picked":"Finisher","floor":27},{"not_picked":["Bouncing Flask","All Out Attack+1"],"picked":"Backflip","floor":30},{"not_picked":["Caltrops+1","Reflex"],"picked":"Backstab","floor":31},{"not_picked":["Doppelganger","Phantasmal Killer"],"picked":"Burst","floor":33},{"not_picked":["Calculated Gamble","Underhanded Strike"],"picked":"Infinite Blades","floor":35},{"not_picked":["Dagger Throw","Expertise","Dodge and Roll"],"picked":"SKIP","floor":36},{"not_picked":["Outmaneuver","Riddle With Holes"],"picked":"Deflect+1","floor":39},{"not_picked":["Flechettes","Blur"],"picked":"Infinite Blades+1","floor":42},{"not_picked":["Endless Agony+1","Quick Slash"],"picked":"Deflect+1","floor":44},{"not_picked":["Die Die Die","Slice+1","Quick Slash"],"picked":"SKIP","floor":47},{"not_picked":["Dagger Throw","Masterful Stab","Dodge and Roll"],"picked":"SKIP","floor":48}],"player_experience":16484,"relics_obtained":[{"floor":6,"key":"Strawberry"},{"floor":8,"key":"FossilizedHelix"},{"floor":9,"key":"Kunai"},{"floor":19,"key":"Red Mask"},{"floor":24,"key":"Snake Skull"},{"floor":26,"key":"Juzu Bracelet"},{"floor":43,"key":"Bottled Flame"},{"floor":47,"key":"Dodecahedron"}],"event_choices":[{"damage_healed":0,"gold_gain":0,"player_choice":"Trade","damage_taken":0,"relics_obtained":["FaceOfCleric"],"max_hp_gain":0,"max_hp_loss":0,"event_name":"FaceTrader","floor":12,"gold_loss":0},{"damage_healed":0,"gold_gain":0,"player_choice":"Fought Bandits","damage_taken":0,"max_hp_gain":0,"max_hp_loss":0,"event_name":"Masked Bandits","floor":19,"gold_loss":0},{"damage_healed":0,"gold_gain":99,"player_choice":"Stole From Cult","damage_taken":0,"max_hp_gain":0,"max_hp_loss":0,"event_name":"Nest","floor":21,"gold_loss":0},{"damage_healed":0,"gold_gain":0,"player_choice":"Obtained Relic","damage_taken":0,"relics_obtained":["Meat on the Bone"],"max_hp_gain":0,"max_hp_loss":0,"event_name":"Addict","floor":22,"gold_loss":85},{"damage_healed":0,"gold_gain":0,"player_choice":"Ignored","damage_taken":0,"max_hp_gain":0,"max_hp_loss":0,"event_name":"Mysterious Sphere","floor":37,"gold_loss":0},{"damage_healed":0,"gold_gain":222,"player_choice":"Wore Mask","damage_taken":0,"max_hp_gain":0,"max_hp_loss":0,"event_name":"Tomb of Lord Red Mask","floor":40,"gold_loss":0},{"damage_healed":0,"gold_gain":0,"player_choice":"Max HP","damage_taken":0,"max_hp_gain":0,"max_hp_loss":5,"event_name":"Winding Halls","floor":45,"gold_loss":0}],"is_beta":false,"boss_relics":[{"not_picked":["Black Star","HoveringKite"],"picked":"Velvet Choker"},{"not_picked":["Coffee Dripper","Snecko Eye"],"picked":"Lizard Tail"}],"items_purged_floors":[11,28,38],"is_endless":false,"potions_floor_spawned":[1,4,8,16,18,19,24,27,30,36],"killed_by":"Time Eater","ascension_level":0}