{"gold_per_floor":[112,127,127,35,51,51,78,78,78,105,105,120,136,136,136,210,210,225,239,80,80,96,128,128,139,139,139,139,157,157,170,170,170],"floor_reached":33,"playtime":4166,"items_purged":["Strike_G"],"score":604,"play_id":"7c66eff6-44ed-4228-945e-caaf36348953","local_time":"20190126020655","is_ascension_mode":true,"campfire_choices":[{"data":"Panacea","floor":6,"key":"SMITH"},{"data":"Crippling Poison","floor":8,"key":"SMITH"},{"floor":11,"key":"REST"},{"data":"Catalyst","floor":15,"key":"SMITH"},{"floor":24,"key":"REST"},{"floor":27,"key":"REST"},{"floor":32,"key":"REST"}],"neow_cost":"TEN_PERCENT_HP_LOSS","seed_source_timestamp":1316782821976692,"circlet_count":0,"master_deck":["AscendersBane","Defend_G","Defend_G","Defend_G","Defend_G","Defend_G","Strike_G","Strike_G","Survivor","Neutralize","Envenom","Poisoned Stab","Flying Knee","Distraction","Panacea+1","Catalyst+1","Crippling Poison+1","Dagger Spray","Catalyst","PiercingWail","Corpse Explosion","Flechettes+1","Deadly Poison","Well Laid Plans","PiercingWail+1","Poisoned Stab+1","Writhe","Poisoned Stab+1"],"relics":["Ring of the Serpent","Paper Crane","Bottled Tornado","Pear","Ninja Scroll","Molten Egg 2","PreservedInsect"],"potions_floor_usage":[10,13,16,19,22,31],"damage_taken":[{"damage":7,"enemies":"Cultist","floor":1,"turns":5},{"damage":1,"enemies":"Small Slimes","floor":2,"turns":3},{"damage":0,"enemies":"2 Louse","floor":5,"turns":3},{"damage":22,"enemies":"Gremlin Nob","floor":7,"turns":4},{"damage":15,"enemies":"Lagavulin","floor":10,"turns":7},{"damage":10,"enemies":"Exordium Thugs","floor":12,"turns":4},{"damage":9,"enemies":"Large Slime","floor":13,"turns":5},{"damage":2,"enemies":"Hexaghost","floor":16,"turns":8},{"damage":10,"enemies":"2 Thieves","floor":18,"turns":3},{"damage":0,"enemies":"Chosen","floor":19,"turns":3},{"damage":22,"enemies":"Shelled Parasite and Fungi","floor":22,"turns":4},{"damage":45,"enemies":"Gremlin Leader","floor":23,"turns":6},{"damage":14,"enemies":"Centurion and Healer","floor":25,"turns":4},{"damage":3,"enemies":"Snake Plant","floor":29,"turns":4},{"damage":20,"enemies":"Sentry and Sphere","floor":31,"turns":4},{"damage":39,"enemies":"Automaton","floor":33,"turns":6}],"seed_played":"3450839103764920237","potions_obtained":[{"floor":2,"key":"Strength Potion"},{"floor":12,"key":"PowerPotion"},{"floor":13,"key":"AttackPotion"},{"floor":16,"key":"Swift Potion"},{"floor":19,"key":"SkillPotion"},{"floor":23,"key":"SkillPotion"},{"floor":25,"key":"Fire Potion"},{"floor":31,"key":"FearPotion"}],"is_trial":false,"path_per_floor":["M","M","?","$","M","R","E","R","T","E","R","M","M","?","R","B",null,"M","M","$","?","M","E","R","M","T","R","?","M","?","M","R","B"],"character_chosen":"THE_SILENT","items_purchased":["Panacea","Well Laid Plans"],"campfire_rested":4,"item_purchase_floors":[4,20],"current_hp_per_floor":[52,51,51,51,51,51,29,29,29,24,45,35,26,26,26,24,59,49,49,49,70,48,3,24,10,10,31,31,28,28,8,29,0],"gold":170,"neow_bonus":"THREE_RARE_CARDS","is_prod":false,"is_daily":false,"chose_seed":false,"campfire_upgraded":3,"win_rate":0,"timestamp":1548464815,"path_taken":["M","?","?","?","M","R","E","R","T","E","R","M","M","?","R","BOSS","M","M","$","?","?","E","R","M","T","R","?","M","?","?","R","BOSS"],"build_version":"2019-01-23","purchased_purges":1,"victory":false,"max_hp_per_floor":[60,60,60,60,60,60,60,60,60,70,70,70,70,70,70,70,70,70,70,70,70,70,70,70,70,70,70,70,70,70,70,70,70],"card_choices":[{"not_picked":["Grand Finale","Glass Knife"],"picked":"Envenom","floor":0},{"not_picked":["Prepared","Underhanded Strike"],"picked":"Poisoned Stab","floor":1},{"not_picked":["Expertise","PiercingWail"],"picked":"Flying Knee","floor":2},{"not_picked":["Slice","Well Laid Plans"],"picked":"Catalyst","floor":5},{"not_picked":["Cloak And Dagger","Dash"],"picked":"Crippling Poison","floor":7},{"not_picked":["Prepared","Underhanded Strike"],"picked":"Dagger Spray","floor":10},{"not_picked":["Acrobatics","Crippling Poison"],"picked":"Catalyst","floor":12},{"not_picked":["Reflex","A Thousand Cuts"],"picked":"PiercingWail","floor":13},{"not_picked":["Bullet Time","Envenom"],"picked":"Corpse Explosion","floor":16},{"not_picked":["Finisher","Dodge and Roll"],"picked":"Flechettes+1","floor":18},{"not_picked":["Tactician","Concentrate"],"picked":"Deadly Poison","floor":19},{"not_picked":["Distraction","Outmaneuver"],"picked":"PiercingWail+1","floor":22},{"not_picked":["Corpse Explosion","Tactician"],"picked":"Poisoned Stab+1","floor":23},{"not_picked":["Heel Hook+1","Flechettes","Bane"],"picked":"SKIP","floor":25},{"not_picked":["Concentrate","PiercingWail","Backstab+1"],"picked":"SKIP","floor":29},{"not_picked":["Dagger Throw+1","Infinite Blades"],"picked":"Poisoned Stab+1","floor":31}],"player_experience":2699524,"relics_obtained":[{"floor":7,"key":"Paper Crane"},{"floor":9,"key":"Bottled Tornado"},{"floor":10,"key":"Pear"},{"floor":23,"key":"Ninja Scroll"},{"floor":26,"key":"Molten Egg 2"}],"event_choices":[{"damage_healed":0,"gold_gain":0,"cards_transformed":["Strike_G"],"player_choice":"Transformed","damage_taken":0,"max_hp_gain":0,"max_hp_loss":0,"event_name":"Transmorgrifier","floor":3,"gold_loss":0,"cards_obtained":["Distraction"]},{"damage_healed":0,"gold_gain":0,"player_choice":"Fled","damage_taken":0,"max_hp_gain":0,"max_hp_loss":0,"event_name":"Scrap Ooze","floor":14,"gold_loss":0},{"damage_healed":21,"gold_gain":0,"player_choice":"Full Heal","damage_taken":0,"max_hp_gain":0,"max_hp_loss":0,"event_name":"Wheel of Change","floor":21,"gold_loss":0},{"damage_healed":0,"gold_gain":0,"player_choice":"Opened","damage_taken":0,"relics_obtained":["PreservedInsect"],"max_hp_gain":0,"max_hp_loss":0,"event_name":"The Mausoleum","floor":28,"gold_loss":0,"cards_obtained":["Writhe"]},{"cards_removed":["Strike_G"],"damage_healed":0,"gold_gain":0,"player_choice":"Purged","damage_taken":0,"max_hp_gain":0,"max_hp_loss":0,"event_name":"Purifier","floor":30,"gold_loss":0}],"is_beta":false,"boss_relics":[{"not_picked":["Calling Bell","HoveringKite"],"picked":"Ring of the Serpent"}],"items_purged_floors":[20],"is_endless":false,"potions_floor_spawned":[2,12,13,16,19,23,25,31],"killed_by":"Automaton","ascension_level":20}