{"path_per_floor":["M","M","M","?","$","E","M","R","T","$","M","M","M","?","R","B",null,"M","?","M","$","M","E","M","R","T","R","M","R","M","M","R"],"character_chosen":"THE_SILENT","items_purchased":["Blade Dance","Night Terror","Infinite Blades","Catalyst"],"gold_per_floor":[118,134,151,251,25,58,74,74,127,27,41,57,68,68,68,165,165,179,179,189,78,94,123,138,138,163,163,181,181,195,213,213,213],"floor_reached":33,"campfire_rested":5,"playtime":13681,"current_hp_per_floor":[68,68,68,68,68,37,21,42,42,42,42,40,39,39,60,16,70,52,52,38,38,36,24,4,27,27,50,48,48,40,9,32,0],"items_purged":["Strike_G","Defend_G"],"gold":213,"score":273,"play_id":"3184b126-a079-4338-b5ac-a9a7ab9c9813","local_time":"20180414021016","is_prod":false,"is_daily":false,"chose_seed":false,"is_ascension_mode":false,"campfire_upgraded":1,"timestamp":1523686216,"path_taken":["M","M","M","?","$","E","M","R","T","?","M","M","?","?","R","BOSS","M","?","M","$","M","E","M","R","T","R","M","R","M","M","R","BOSS"],"build_version":"2018-04-12","seed_source_timestamp":0,"purchased_purges":2,"victory":false,"master_deck":["Defend_G","Defend_G","Defend_G","Strike_G","Survivor","Neutralize","Dagger Spray","Expertise","Blade Dance","Night Terror","Poisoned Stab","Catalyst","Quick Slash","Adrenaline+1","Envenom+1","Bane+1","Caltrops+1","Quick Slash+1","Well Laid Plans+1","Infinite Blades","Catalyst","Deadly Poison","Bouncing Flask+1","Acrobatics+1"],"max_hp_per_floor":[70,70,70,70,70,70,70,70,70,70,70,70,70,70,70,70,70,70,70,70,70,70,77,77,77,77,77,77,77,77,77,77,77],"relics":["Ring of the Snake","Centennial Puzzle","Orichalcum","Astrolabe","Strawberry","Vajra"],"card_choices":[{"not_picked":["Dagger Throw","Bane"],"picked":"Dagger Spray","floor":1.0},{"not_picked":["Deflect","Calculated Gamble"],"picked":"Expertise","floor":2.0},{"not_picked":["Skewer","Slice"],"picked":"Poisoned Stab","floor":6.0},{"not_picked":["Caltrops","Underhanded Strike"],"picked":"Catalyst","floor":12},{"not_picked":["Distraction","Flechettes"],"picked":"Quick Slash","floor":13},{"not_picked":["Night Terror","Tools of the Trade"],"picked":"Adrenaline","floor":16},{"not_picked":["Escape Plan","Outmaneuver"],"picked":"Quick Slash","floor":18},{"not_picked":["Dagger Throw","Slice"],"picked":"Well Laid Plans","floor":20},{"not_picked":["Acrobatics","Phantasmal Killer"],"picked":"Deadly Poison","floor":23},{"not_picked":["Deadly Poison","Poisoned Stab"],"picked":"Bouncing Flask","floor":30},{"not_picked":["All Out Attack","Backstab"],"picked":"Acrobatics","floor":31}],"player_experience":71191,"potions_floor_usage":[16,22,23,23,23],"damage_taken":[{"damage":2.0,"enemies":"Small Slimes","floor":1.0,"turns":4.0},{"damage":0.0,"enemies":"Cultist","floor":2.0,"turns":3.0},{"damage":0.0,"enemies":"Jaw Worm","floor":3.0,"turns":4.0},{"damage":31.0,"enemies":"3 Sentries","floor":6.0,"turns":7.0},{"damage":16.0,"enemies":"Exordium Thugs","floor":7.0,"turns":4.0},{"damage":0,"enemies":"3 Louse","floor":11,"turns":2},{"damage":2,"enemies":"Blue Slaver","floor":12,"turns":6},{"damage":1,"enemies":"Exordium Wildlife","floor":13,"turns":3},{"damage":44,"enemies":"The Guardian","floor":16,"turns":13},{"damage":18,"enemies":"Shell Parasite","floor":18,"turns":6},{"damage":14,"enemies":"2 Thieves","floor":20,"turns":5},{"damage":14,"enemies":"Snecko","floor":22,"turns":5},{"damage":19,"enemies":"Book of Stabbing","floor":23,"turns":4},{"damage":20,"enemies":"Snake Plant","floor":24,"turns":3},{"damage":2,"enemies":"Centurion and Healer","floor":28,"turns":4},{"damage":8,"enemies":"Chosen and Byrds","floor":30,"turns":5},{"damage":31,"enemies":"Slaver and Parasite","floor":31,"turns":4},{"damage":39,"enemies":"Champ","floor":33,"turns":6}],"event_choices":[{"event_name":"Wheel of Change","player_choice":"Gold","floor":4.0,"damage_taken":0.0},{"event_name":"Golden Idol","player_choice":"Ignored","floor":14,"damage_taken":0},{"event_name":"Ghosts","player_choice":"Ignored","floor":19,"damage_taken":0}],"boss_relics":[{"not_picked":["Cursed Key","Calling Bell"],"picked":"Astrolabe"}],"potions_floor_spawned":[2,3,16,18,20,22,28,31],"seed_played":"7328268931925910982","killed_by":"Champ","ascension_level":0,"is_trial":false}