{"gold_per_floor":[113,113,130,55,55,55,83,83,108,134,70,70,100,20,20,97,97,115,115,115,115,126,161,161,161,243,243,243,243,275,105,105,184,184,204,26,45,56,71,71,106,126,126,126,1,1,18,18,18,18],"floor_reached":50,"playtime":27815,"items_purged":["Writhe","Decay","Injury"],"score":1124,"play_id":"cd7a9d9d-f9b6-41dd-83df-376dd4ad8e9e","local_time":"20190416143951","is_ascension_mode":true,"campfire_choices":[{"data":"Neutralize","floor":6,"key":"SMITH"},{"data":"Blade Dance","floor":8,"key":"SMITH"},{"data":"Dodge and Roll","floor":12,"key":"SMITH"},{"floor":15,"key":"REST"},{"floor":25,"key":"REST"},{"data":"Blade Dance","floor":27,"key":"SMITH"},{"floor":29,"key":"REST"},{"floor":32,"key":"REST"},{"floor":40,"key":"REST"},{"data":"Adrenaline","floor":44,"key":"SMITH"},{"floor":46,"key":"RECALL"},{"floor":49,"key":"REST"}],"neow_cost":"NONE","seed_source_timestamp":352563460155970,"circlet_count":0,"master_deck":["AscendersBane","Defend_G+1","Defend_G+1","Defend_G+1","Defend_G+1","Defend_G+1","Strike_G+1","Strike_G+1","Survivor","Neutralize+1","Blade Dance+1","Blade Dance+1","Unload+1","Dodge and Roll+1","Footwork+1","Infinite Blades+1","Caltrops+1","A Thousand Cuts+1","Heel Hook+1","Accuracy+1","Footwork+1","Outmaneuver","RitualDagger+1","Blur","Calculated Gamble+1","Footwork+1","Infinite Blades+1","Deflect","Adrenaline+1","Injury","Infinite Blades+1","Deflect","Noxious Fumes+1","Concentrate+1","Endless Agony+1","Leg Sweep","Footwork+1","Backflip","Parasite","Dagger Spray+1","Slice+1","Dodge and Roll","Madness","Madness"],"relics":["Ring of the Snake","NeowsBlessing","Frozen Egg 2","Paper Crane","MawBank","Kunai","Astrolabe","Whetstone","Molten Egg 2","Ninja Scroll","Gremlin Horn","Calling Bell","Lantern","Meat on the Bone","Prayer Wheel","Ice Cream","Ornamental Fan"],"potions_floor_usage":[13,16,18,22,33,33,41],"damage_taken":[{"damage":0,"enemies":"Small Slimes","floor":1,"turns":1},{"damage":0,"enemies":"2 Louse","floor":3,"turns":1},{"damage":0,"enemies":"3 Sentries","floor":7,"turns":1},{"damage":0,"enemies":"Jaw Worm","floor":10,"turns":3},{"damage":21,"enemies":"Lagavulin","floor":13,"turns":10},{"damage":19,"enemies":"The Guardian","floor":16,"turns":12},{"damage":21,"enemies":"2 Thieves","floor":18,"turns":5},{"damage":1,"enemies":"Chosen","floor":22,"turns":7},{"damage":21,"enemies":"Gremlin Leader","floor":23,"turns":8},{"damage":21,"enemies":"Book of Stabbing","floor":30,"turns":7},{"damage":27,"enemies":"Champ","floor":33,"turns":13},{"damage":14,"enemies":"3 Darklings","floor":35,"turns":3},{"damage":21,"enemies":"Orb Walker","floor":37,"turns":4},{"damage":18,"enemies":"Spire Growth","floor":38,"turns":6},{"damage":23,"enemies":"Sphere and 2 Shapes","floor":39,"turns":6},{"damage":8,"enemies":"Nemesis","floor":41,"turns":8},{"damage":13,"enemies":"Writhing Mass","floor":42,"turns":11},{"damage":0,"enemies":"Maw","floor":47,"turns":9},{"damage":51,"enemies":"Donu and Deca","floor":50,"turns":6}],"seed_played":"-7955583359582201182","potions_obtained":[{"floor":3,"key":"Ancient Potion"},{"floor":13,"key":"Strength Potion"},{"floor":16,"key":"SteroidPotion"},{"floor":18,"key":"Strength Potion"},{"floor":23,"key":"Regen Potion"},{"floor":30,"key":"LiquidBronze"},{"floor":35,"key":"SneckoOil"},{"floor":42,"key":"Strength Potion"}],"is_trial":false,"path_per_floor":["M","?","M","?","?","R","E","R","T","M","$","R","E","$","R","B",null,"M","?","?","?","M","E","T","R","T","R","?","R","E","$","R","B",null,"M","$","M","M","M","R","E","M","T","R","$","R","M","?","R","B"],"character_chosen":"THE_SILENT","items_purchased":["Footwork+1","Caltrops+1","Infinite Blades+1","Deflect","Noxious Fumes+1"],"campfire_rested":6,"item_purchase_floors":[11,14,31,31,36],"current_hp_per_floor":[59,59,59,59,39,39,39,39,39,39,39,39,18,18,37,18,54,33,27,40,40,39,18,18,37,37,37,37,56,35,35,54,42,60,46,46,37,31,20,39,43,42,42,42,42,42,42,30,49,0],"gold":18,"neow_bonus":"THREE_ENEMY_KILL","is_prod":false,"is_daily":false,"chose_seed":false,"campfire_upgraded":5,"win_rate":0,"timestamp":1555418391,"path_taken":["M","?","M","?","?","R","E","R","T","?","$","R","E","?","R","BOSS","M","?","?","?","M","E","?","R","T","R","?","R","E","$","R","BOSS","M","$","M","M","M","R","E","M","T","R","$","R","M","?","R","BOSS"],"build_version":"2019-01-23","purchased_purges":3,"victory":false,"max_hp_per_floor":[66,66,66,66,66,66,66,66,66,66,66,66,66,66,66,66,66,66,66,66,66,66,66,66,66,66,66,66,66,66,66,66,66,66,66,66,66,66,66,66,66,66,66,66,66,66,66,66,66,66],"card_choices":[{"not_picked":["Quick Slash","Concentrate"],"picked":"Blade Dance","floor":1},{"not_picked":["Flying Knee","Dagger Throw"],"picked":"Blade Dance","floor":3},{"not_picked":["Flying Knee","Bane"],"picked":"Unload","floor":7},{"not_picked":["Blade Dance","Choke"],"picked":"Dodge and Roll","floor":10},{"not_picked":["Backstab","Deadly Poison"],"picked":"Infinite Blades+1","floor":13},{"not_picked":["Malaise","Night Terror"],"picked":"A Thousand Cuts+1","floor":16},{"not_picked":["Bouncing Flask","Dodge and Roll"],"picked":"Outmaneuver","floor":18},{"not_picked":["Acrobatics","Prepared"],"picked":"Blur","floor":22},{"not_picked":["Poisoned Stab","Phantasmal Killer"],"picked":"Calculated Gamble+1","floor":23},{"not_picked":["Sucker Punch+1","Calculated Gamble"],"picked":"Footwork+1","floor":30},{"not_picked":["Grand Finale+1","Venomology"],"picked":"Adrenaline","floor":33},{"not_picked":["Deflect","Setup"],"picked":"Infinite Blades+1","floor":35},{"not_picked":["Outmaneuver+1","Prepared"],"picked":"Deflect","floor":35},{"not_picked":["Dagger Throw+1","Bullet Time"],"picked":"Concentrate+1","floor":37},{"not_picked":["Infinite Blades+1","Skewer+1","Flying Knee+1"],"picked":"SKIP","floor":37},{"not_picked":["Flying Knee+1","Prepared"],"picked":"Endless Agony+1","floor":38},{"not_picked":["Backflip","Dodge and Roll"],"picked":"Leg Sweep","floor":38},{"not_picked":["Reflex","Dodge and Roll"],"picked":"Footwork+1","floor":39},{"not_picked":["Terror","Quick Slash+1","Bouncing Flask+1"],"picked":"SKIP","floor":39},{"not_picked":["Cloak And Dagger","Deflect"],"picked":"Backflip","floor":41},{"not_picked":["Doppelganger","Outmaneuver"],"picked":"Dagger Spray+1","floor":42},{"not_picked":["Outmaneuver","Bane+1"],"picked":"Slice+1","floor":42},{"not_picked":["Expertise","Heel Hook+1"],"picked":"Dodge and Roll","floor":47},{"not_picked":["PiercingWail","Calculated Gamble","Cloak And Dagger"],"picked":"SKIP","floor":47}],"player_experience":3113705,"relics_obtained":[{"floor":7,"key":"Paper Crane"},{"floor":9,"key":"MawBank"},{"floor":13,"key":"Kunai"},{"floor":23,"key":"Whetstone"},{"floor":26,"key":"Molten Egg 2"},{"floor":30,"key":"Gremlin Horn"},{"floor":34,"key":"Lantern"},{"floor":34,"key":"Meat on the Bone"},{"floor":34,"key":"Prayer Wheel"},{"floor":41,"key":"Ice Cream"},{"floor":43,"key":"Ornamental Fan"}],"event_choices":[{"damage_healed":0,"gold_gain":0,"player_choice":"Box","damage_taken":0,"relics_obtained":["Frozen Egg 2"],"max_hp_gain":0,"max_hp_loss":0,"event_name":"Big Fish","floor":2,"gold_loss":0,"cards_obtained":["Regret"]},{"cards_removed":["Regret"],"damage_healed":0,"gold_gain":0,"player_choice":"Card Removal","damage_taken":0,"max_hp_gain":0,"max_hp_loss":0,"event_name":"The Cleric","floor":4,"gold_loss":75},{"damage_healed":0,"gold_gain":0,"player_choice":"Entered Light","damage_taken":20,"max_hp_gain":0,"max_hp_loss":0,"event_name":"Shining Light","floor":5,"gold_loss":0,"cards_upgraded":["Defend_G","Defend_G"]},{"damage_healed":0,"gold_gain":0,"player_choice":"Joined the Cult","damage_taken":6,"max_hp_gain":0,"max_hp_loss":0,"event_name":"Nest","floor":19,"gold_loss":0,"cards_obtained":["RitualDagger"]},{"damage_healed":13,"gold_gain":0,"player_choice":"Heal","damage_taken":0,"max_hp_gain":0,"max_hp_loss":0,"event_name":"The Library","floor":20,"gold_loss":0},{"damage_healed":0,"gold_gain":0,"player_choice":"Simplicity","damage_taken":0,"max_hp_gain":0,"max_hp_loss":0,"event_name":"Back to Basics","floor":21,"gold_loss":0,"cards_upgraded":["Defend_G","Defend_G","Defend_G","Strike_G","Strike_G"]},{"damage_healed":0,"gold_gain":0,"player_choice":"Opened","damage_taken":0,"relics_obtained":["Ninja Scroll"],"max_hp_gain":0,"max_hp_loss":0,"event_name":"The Mausoleum","floor":28,"gold_loss":0,"cards_obtained":["Writhe"]},{"damage_healed":0,"gold_gain":0,"player_choice":"Embrace Madness","damage_taken":12,"max_hp_gain":0,"max_hp_loss":0,"event_name":"Winding Halls","floor":48,"gold_loss":0,"cards_obtained":["Madness","Madness"]}],"is_beta":false,"boss_relics":[{"not_picked":["Black Star","Eternal Feather"],"picked":"Astrolabe"},{"not_picked":["Velvet Choker","Pandora\u0027s Box"],"picked":"Calling Bell"}],"items_purged_floors":[31,36,45],"is_endless":false,"potions_floor_spawned":[3,13,16,18,23,30,35,42],"killed_by":"Donu and Deca","ascension_level":20}