{"gold_per_floor":[112,112,112,1,15,55,55,86,86,110,110,10,41,59,59,190,190,213,213,10,23,23,23,49,66,117,137,137,137,154,166,166,270,270,283,283,300,316,51,51,80,20,20,20,40,55,55,68,68,68],"floor_reached":50,"playtime":3129,"items_purged":["Strike_R","Strike_R","Strike_R","Strike_R"],"score":618,"play_id":"8cdaf6c4-f382-480a-aa3f-05d114d843e3","local_time":"20190419090333","is_ascension_mode":true,"campfire_choices":[{"data":"Searing Blow","floor":7.0,"key":"SMITH"},{"data":"Searing Blow+1","floor":11.0,"key":"SMITH"},{"floor":15.0,"key":"REST"},{"data":"Searing Blow+2","floor":23.0,"key":"SMITH"},{"data":"Searing Blow+3","floor":28.0,"key":"SMITH"},{"data":"Searing Blow+4","floor":32.0,"key":"SMITH"},{"data":"Searing Blow+5","floor":40.0,"key":"SMITH"},{"floor":44.0,"key":"REST"},{"data":"Searing Blow+6","floor":47.0,"key":"SMITH"},{"data":"Searing Blow+7","floor":49.0,"key":"SMITH"}],"neow_cost":"NONE","seed_source_timestamp":444094297086127,"circlet_count":0,"master_deck":["Defend_R+1","Defend_R+1","Defend_R","Bash","Rage","Searing Blow+8","Rampage","Offering","Battle Trance","Warcry+1","Evolve","Brutality","Finesse","Dual Wield"],"special_seed":0,"relics":["Burning Blood","NeowsBlessing","Bloody Idol","Ginger","Bronze Scales","War Paint","Velvet Choker","Nilry\u0027s Codex","Ancient Tea Set","Centennial Puzzle","Letter Opener","Sozu","Membership Card","Dead Branch","Frozen Egg 2"],"potions_floor_usage":[50],"damage_taken":[{"damage":0.0,"enemies":"Small Slimes","floor":1.0,"turns":1.0},{"damage":0.0,"enemies":"Jaw Worm","floor":5.0,"turns":1.0},{"damage":0.0,"enemies":"3 Sentries","floor":6.0,"turns":2.0},{"damage":44.0,"enemies":"Lagavulin","floor":8.0,"turns":7.0},{"damage":6.0,"enemies":"2 Louse","floor":10.0,"turns":2.0},{"damage":29.0,"enemies":"3 Sentries","floor":13.0,"turns":6.0},{"damage":6.0,"enemies":"Exordium Wildlife","floor":14.0,"turns":3.0},{"damage":23.0,"enemies":"Slime Boss","floor":16.0,"turns":8.0},{"damage":10.0,"enemies":"Chosen","floor":18.0,"turns":2.0},{"damage":12.0,"enemies":"Shell Parasite","floor":21.0,"turns":3.0},{"damage":33.0,"enemies":"Book of Stabbing","floor":24.0,"turns":5.0},{"damage":12.0,"enemies":"Centurion and Healer","floor":25.0,"turns":4.0},{"damage":17.0,"enemies":"Shelled Parasite and Fungi","floor":27.0,"turns":4.0},{"damage":0.0,"enemies":"Chosen and Byrds","floor":30.0,"turns":4.0},{"damage":6.0,"enemies":"Centurion and Healer","floor":31.0,"turns":3.0},{"damage":14.0,"enemies":"Collector","floor":33.0,"turns":5.0},{"damage":6.0,"enemies":"Orb Walker","floor":35.0,"turns":2.0},{"damage":35.0,"enemies":"3 Darklings","floor":37.0,"turns":6.0},{"damage":29.0,"enemies":"Transient","floor":38.0,"turns":5.0},{"damage":32.0,"enemies":"Giant Head","floor":41.0,"turns":6.0},{"damage":22.0,"enemies":"Jaw Worm Horde","floor":45.0,"turns":4.0},{"damage":7.0,"enemies":"Spire Growth","floor":46.0,"turns":4.0},{"damage":15.0,"enemies":"Sphere and 2 Shapes","floor":48.0,"turns":3.0},{"damage":36,"enemies":"Donu and Deca","floor":50,"turns":3}],"seed_played":"-1181931467731641273","potions_obtained":[{"floor":5.0,"key":"Dexterity Potion"},{"floor":8.0,"key":"BloodPotion"},{"floor":10.0,"key":"LiquidBronze"},{"floor":13.0,"key":"Strength Potion"},{"floor":14.0,"key":"SteroidPotion"},{"floor":18.0,"key":"BloodPotion"},{"floor":21.0,"key":"SkillPotion"},{"floor":24.0,"key":"FearPotion"},{"floor":27.0,"key":"Dexterity Potion"},{"floor":33.0,"key":"SkillPotion"}],"is_trial":false,"path_per_floor":["?","?","?","?","?","M","?","?"],"character_chosen":"IRONCLAD","items_purchased":["Searing Blow","BloodPotion","Membership Card"],"campfire_rested":2,"item_purchase_floors":[4,20,39],"current_hp_per_floor":[80,80,60,60,66,72,72,34,34,42,42,42,19,19,43,26,80,76,60,60,70,70,70,48,47,52,46,46,46,57,62,62,59,80,80,80,56,38,38,38,17,17,17,41,30,34,34,30,30,0],"gold":68,"neow_bonus":"THREE_ENEMY_KILL","is_prod":false,"is_daily":false,"chose_seed":false,"campfire_upgraded":8,"win_rate":0,"timestamp":1555657413,"path_taken":["M","?","?","$","M","E","R","E","T","M","R","$","E","M","R","BOSS","M","?","$","M","?","R","E","M","T","M","R","?","?","M","R","BOSS","M","?","M","M","$","R","E","?","T","R","M","M","R","M","R","BOSS"],"build_version":"2019-01-23","purchased_purges":4,"victory":false,"max_hp_per_floor":[80,80,80,80,80,80,80,80,80,80,80,80,80,80,80,80,80,80,80,80,80,80,80,80,80,80,80,80,80,80,80,80,80,80,80,80,80,80,80,80,80,80,80,80,80,80,80,80,80,80],"card_choices":[{"not_picked":["Warcry","Combust"],"picked":"Rage","floor":1.0},{"not_picked":["Ghostly Armor","Second Wind"],"picked":"Rampage","floor":5.0},{"not_picked":["Twin Strike","Flex","Perfected Strike"],"picked":"SKIP","floor":6.0},{"not_picked":["Carnage","Clothesline","Havoc"],"picked":"SKIP","floor":8.0},{"not_picked":["Iron Wave","Perfected Strike","Reckless Charge"],"picked":"SKIP","floor":10.0},{"not_picked":["Limit Break","Sentinel","Intimidate"],"picked":"SKIP","floor":13.0},{"not_picked":["True Grit","Body Slam","Clothesline"],"picked":"SKIP","floor":14.0},{"not_picked":["Limit Break","Exhume"],"picked":"Offering","floor":16.0},{"not_picked":["Armaments","Sever Soul","True Grit"],"picked":"SKIP","floor":18.0},{"not_picked":["Armaments+1","Body Slam"],"picked":"Battle Trance","floor":21.0},{"not_picked":["Brutality","Pummel","Dropkick"],"picked":"SKIP","floor":24.0},{"not_picked":["Clash","True Grit","Sword Boomerang"],"picked":"SKIP","floor":25.0},{"not_picked":["Whirlwind","Perfected Strike","Clothesline"],"picked":"SKIP","floor":27.0},{"not_picked":["Thunderclap","Clothesline"],"picked":"Warcry+1","floor":30.0},{"not_picked":["Reckless Charge","Anger"],"picked":"Evolve","floor":31.0},{"not_picked":["Barricade","Demon Form"],"picked":"Brutality","floor":33.0},{"not_picked":["Ghostly Armor+1","Sword Boomerang+1","Combust+1"],"picked":"SKIP","floor":35.0},{"not_picked":["Thinking Ahead","PanicButton"],"picked":"Finesse","floor":36.0},{"not_picked":["Power Through","Anger+1","Body Slam+1"],"picked":"SKIP","floor":37.0},{"not_picked":["Havoc","Sever Soul","Iron Wave"],"picked":"SKIP","floor":38.0},{"not_picked":["Infernal Blade+1","Fiend Fire","Corruption"],"picked":"SKIP","floor":41.0},{"not_picked":["Pommel Strike+1","Twin Strike+1","Anger+1"],"picked":"SKIP","floor":45.0},{"not_picked":["Heavy Blade+1","Wild Strike"],"picked":"Dual Wield","floor":46.0},{"not_picked":["Feel No Pain+1","Battle Trance","Thunderclap"],"picked":"SKIP","floor":48.0}],"player_experience":101694,"relics_obtained":[{"floor":6.0,"key":"Ginger"},{"floor":8.0,"key":"Bronze Scales"},{"floor":13.0,"key":"War Paint"},{"floor":19.0,"key":"Nilry\u0027s Codex"},{"floor":24.0,"key":"Ancient Tea Set"},{"floor":26.0,"key":"Centennial Puzzle"},{"floor":41.0,"key":"Dead Branch"},{"floor":43.0,"key":"Frozen Egg 2"}],"event_choices":[{"cards_removed":["Defend_R"],"damage_healed":0.0,"max_hp_gain":0.0,"max_hp_loss":0.0,"gold_gain":0.0,"event_name":"Living Wall","player_choice":"Forget","floor":2.0,"gold_loss":0.0,"damage_taken":0.0},{"damage_healed":0.0,"max_hp_gain":0.0,"max_hp_loss":0.0,"gold_gain":0.0,"event_name":"Golden Idol","player_choice":"Take Damage","floor":3.0,"gold_loss":0.0,"damage_taken":20.0,"relics_obtained":["Golden Idol"]},{"damage_healed":0.0,"max_hp_gain":0.0,"max_hp_loss":0.0,"gold_gain":0.0,"event_name":"Cursed Tome","player_choice":"Obtained Book","floor":19.0,"gold_loss":0.0,"damage_taken":16.0},{"damage_healed":0.0,"max_hp_gain":0.0,"max_hp_loss":0.0,"gold_gain":0.0,"event_name":"Forgotten Altar","player_choice":"Gave Idol","floor":22.0,"relics_lost":["Golden Idol"],"gold_loss":0.0,"damage_taken":0.0,"relics_obtained":["Bloody Idol"]},{"damage_healed":0.0,"max_hp_gain":0.0,"max_hp_loss":0.0,"gold_gain":0.0,"event_name":"The Mausoleum","player_choice":"Opened","floor":29.0,"gold_loss":0.0,"damage_taken":0.0,"relics_obtained":["Letter Opener"]},{"damage_healed":0.0,"max_hp_gain":0.0,"max_hp_loss":0.0,"gold_gain":0.0,"event_name":"SensoryStone","player_choice":"Memory 1","floor":36.0,"gold_loss":0.0,"damage_taken":0.0},{"cards_removed":["Strike_R"],"damage_healed":0.0,"max_hp_gain":0.0,"max_hp_loss":0.0,"gold_gain":0.0,"event_name":"Designer","player_choice":"Single Remove","floor":42.0,"gold_loss":60.0,"damage_taken":0.0}],"is_beta":false,"boss_relics":[{"not_picked":["Runic Pyramid","Snecko Eye"],"picked":"Velvet Choker"},{"not_picked":["Lizard Tail","Calling Bell"],"picked":"Sozu"}],"items_purged_floors":[4,12,20,39],"is_endless":false,"potions_floor_spawned":[5,8,10,13,14,18,21,24,27,33,37,45,46,48],"killed_by":"Donu and Deca","ascension_level":2}