{"gold_per_floor":[109,125,141,141,316,316,350,350,350,368,403,413,430,441,441,441],"floor_reached":16,"playtime":732,"items_purged":[],"score":120,"play_id":"f78baa93-2f4a-4e83-9600-ee099ad5dd6a","local_time":"20190410160055","is_ascension_mode":true,"campfire_choices":[{"data":"Finisher","floor":6,"key":"SMITH"},{"floor":15,"key":"REST"}],"neow_cost":"NONE","seed_source_timestamp":1838349693192938,"circlet_count":0,"master_deck":["Defend_G","Defend_G","Defend_G","Defend_G","Defend_G","Strike_G","Strike_G","Strike_G","Survivor","Neutralize","Finisher+1","Slice","Doubt","Slice","Cloak And Dagger","Corpse Explosion","Backflip"],"relics":["Ring of the Snake","Regal Pillow","Bag of Marbles","Dodecahedron","Pear"],"potions_floor_usage":[7,11,14,16],"damage_taken":[{"damage":0,"enemies":"2 Louse","floor":1,"turns":3},{"damage":0,"enemies":"Small Slimes","floor":2,"turns":4},{"damage":0,"enemies":"Jaw Worm","floor":3,"turns":4},{"damage":32,"enemies":"Lagavulin","floor":7,"turns":9},{"damage":5,"enemies":"Looter","floor":10,"turns":4},{"damage":1,"enemies":"Gremlin Nob","floor":11,"turns":3},{"damage":0,"enemies":"3 Louse","floor":12,"turns":3},{"damage":0,"enemies":"Large Slime","floor":13,"turns":4},{"damage":2,"enemies":"Gremlin Gang","floor":14,"turns":3},{"damage":63,"enemies":"Hexaghost","floor":16,"turns":15}],"seed_played":"4020852482813238472","potions_obtained":[{"floor":1,"key":"Block Potion"},{"floor":7,"key":"SteroidPotion"},{"floor":13,"key":"PowerPotion"},{"floor":14,"key":"Ancient Potion"}],"is_trial":false,"path_per_floor":["?","?","?"],"character_chosen":"THE_SILENT","items_purchased":[],"campfire_rested":1,"item_purchase_floors":[],"current_hp_per_floor":[70,70,70,63,63,63,31,19,19,14,23,23,23,21,60,0],"gold":441,"neow_bonus":"REMOVE_CARD","is_prod":false,"is_daily":false,"chose_seed":false,"campfire_upgraded":1,"win_rate":0,"timestamp":1554904855,"path_taken":["M","M","M","?","?","R","E","?","T","M","E","M","M","M","R","BOSS"],"build_version":"2019-01-23","purchased_purges":0,"victory":false,"max_hp_per_floor":[70,70,70,70,70,70,70,70,70,70,80,80,80,80,80,80],"card_choices":[{"not_picked":["Footwork","Blur","Dodge and Roll"],"picked":"SKIP","floor":1},{"not_picked":["Flying Knee","Crippling Poison"],"picked":"Finisher","floor":2},{"not_picked":["Bouncing Flask","Bane"],"picked":"Slice","floor":3},{"not_picked":["Bane","Dodge and Roll","Outmaneuver"],"picked":"SKIP","floor":7},{"not_picked":["Acrobatics","Caltrops","Bane"],"picked":"SKIP","floor":10},{"not_picked":["Sucker Punch","Deadly Poison"],"picked":"Slice","floor":11},{"not_picked":["Dagger Throw","Finisher"],"picked":"Cloak And Dagger","floor":12},{"not_picked":["Infinite Blades","Finisher"],"picked":"Corpse Explosion","floor":13},{"not_picked":["Well Laid Plans","Dodge and Roll"],"picked":"Backflip","floor":14}],"player_experience":56268,"relics_obtained":[{"floor":7,"key":"Regal Pillow"},{"floor":9,"key":"Dodecahedron"},{"floor":11,"key":"Pear"}],"event_choices":[{"cards_removed":["Strike_G"],"damage_healed":0,"gold_gain":0,"player_choice":"Card Removal","damage_taken":7,"max_hp_gain":0,"max_hp_loss":0,"event_name":"Golden Wing","floor":4,"gold_loss":0},{"damage_healed":0,"gold_gain":175,"player_choice":"AGREE","damage_taken":0,"max_hp_gain":0,"max_hp_loss":0,"event_name":"Liars Game","floor":5,"gold_loss":0,"cards_obtained":["Doubt"]},{"damage_healed":0,"gold_gain":0,"player_choice":"Success","damage_taken":12,"relics_obtained":["Bag of Marbles"],"max_hp_gain":0,"max_hp_loss":0,"event_name":"Scrap Ooze","floor":8,"gold_loss":0}],"is_beta":false,"boss_relics":[],"items_purged_floors":[],"is_endless":false,"potions_floor_spawned":[1,7,13,14],"killed_by":"Hexaghost","ascension_level":1}