{"gold_per_floor":[118,134,209,209,221,221,246,246,272,290,308,13,13,27,27,102,102,118,143,143],"floor_reached":20,"playtime":1119,"items_purged":[],"score":287,"play_id":"78598f1f-f5e3-4f83-b406-488a24510f40","local_time":"20190330182803","is_ascension_mode":true,"campfire_choices":[{"data":"Chaos","floor":6.0,"key":"SMITH"},{"data":"Darkness","floor":8.0,"key":"SMITH"},{"data":"Zap","floor":13.0,"key":"SMITH"},{"floor":15.0,"key":"REST"}],"neow_cost":"NONE","seed_source_timestamp":22863419973650,"circlet_count":0,"master_deck":["AscendersBane","Strike_B","Defend_B","Defend_B","Defend_B","Zap+1","Dualcast","Chill","Beam Cell","Chaos+1","Darkness+1","Leap","Capacitor","Conserve Battery+1","Chaos+1","Fission+1","BootSequence+1","Conserve Battery+1","Buffer+1","BootSequence+1","Undo+1"],"special_seed":0,"relics":["Cracked Core","NeowsBlessing","Potion Belt","Bag of Preparation","Toxic Egg 2","Astrolabe","Red Mask"],"potions_floor_usage":[20],"damage_taken":[{"damage":0.0,"enemies":"2 Louse","floor":1.0,"turns":1.0},{"damage":0.0,"enemies":"Jaw Worm","floor":2.0,"turns":1.0},{"damage":0.0,"enemies":"Cultist","floor":5.0,"turns":1.0},{"damage":28.0,"enemies":"Lagavulin","floor":7.0,"turns":7.0},{"damage":7.0,"enemies":"3 Louse","floor":10.0,"turns":2.0},{"damage":0.0,"enemies":"2 Fungi Beasts","floor":11.0,"turns":3.0},{"damage":8.0,"enemies":"Blue Slaver","floor":14.0,"turns":4.0},{"damage":31.0,"enemies":"Hexaghost","floor":16.0,"turns":9.0},{"damage":5.0,"enemies":"2 Thieves","floor":18.0,"turns":5.0},{"damage":33.0,"enemies":"Masked Bandits","floor":19.0,"turns":8.0},{"damage":0,"enemies":"Colosseum Slavers","floor":20,"turns":6},{"damage":23,"enemies":"Colosseum Nobs","floor":20,"turns":3}],"seed_played":"-9192086446630066985","potions_obtained":[{"floor":5.0,"key":"Regen Potion"},{"floor":14.0,"key":"AttackPotion"},{"floor":16.0,"key":"GamblersBrew"},{"floor":19.0,"key":"Block Potion"}],"is_trial":false,"path_per_floor":["M","M","?","?","M","R","E","R","T","M","M","$","R","M","R","B",null,"M","?","?"],"character_chosen":"DEFECT","items_purchased":["Toxic Egg 2","Conserve Battery+1"],"campfire_rested":1,"item_purchase_floors":[12,12],"current_hp_per_floor":[68,68,57,57,57,57,43,43,43,36,36,36,36,28,50,19,61,56,23,0],"gold":143,"neow_bonus":"THREE_ENEMY_KILL","is_prod":false,"is_daily":false,"chose_seed":false,"campfire_upgraded":3,"win_rate":0,"timestamp":1553995683,"path_taken":["M","M","?","?","?","R","E","R","T","M","M","$","R","M","R","BOSS","M","?","?"],"build_version":"2019-01-23","purchased_purges":0,"victory":false,"max_hp_per_floor":[75,75,75,75,75,75,75,75,75,75,75,75,75,75,75,75,75,75,75,75],"card_choices":[{"not_picked":["Leap","Ball Lightning"],"picked":"Chill","floor":1.0},{"not_picked":["Cold Snap","Doom and Gloom"],"picked":"Beam Cell","floor":2.0},{"not_picked":["Ball Lightning","Conserve Battery"],"picked":"Chaos","floor":5.0},{"not_picked":["Sweeping Beam","Cold Snap"],"picked":"Darkness","floor":7.0},{"not_picked":["Turbo","Hello World"],"picked":"Leap","floor":10.0},{"not_picked":["Rip and Tear","Scrape"],"picked":"Capacitor","floor":11.0},{"not_picked":["Undo+1","Lockon"],"picked":"Chaos+1","floor":14.0},{"not_picked":["Creative AI","Meteor Strike"],"picked":"Fission+1","floor":16.0},{"not_picked":["Ball Lightning","Reinforced Body+1"],"picked":"BootSequence+1","floor":18.0},{"not_picked":["Capacitor","Sweeping Beam+1"],"picked":"Undo+1","floor":19.0}],"player_experience":572516,"relics_obtained":[{"floor":7.0,"key":"Potion Belt"},{"floor":9.0,"key":"Bag of Preparation"},{"floor":19.0,"key":"Red Mask"}],"event_choices":[{"damage_healed":0.0,"max_hp_gain":0.0,"max_hp_loss":0.0,"gold_gain":75.0,"event_name":"World of Goop","player_choice":"Gather Gold","floor":3.0,"gold_loss":0.0,"damage_taken":11.0},{"cards_removed":["Strike_B"],"damage_healed":0.0,"max_hp_gain":0.0,"max_hp_loss":0.0,"gold_gain":0.0,"event_name":"Bonfire Elementals","player_choice":"Offered Basic","floor":4.0,"gold_loss":0.0,"damage_taken":0.0},{"damage_healed":0.0,"max_hp_gain":0.0,"max_hp_loss":0.0,"gold_gain":0.0,"event_name":"Masked Bandits","player_choice":"Fought Bandits","floor":19.0,"gold_loss":0.0,"damage_taken":0.0},{"damage_healed":0,"gold_gain":0,"player_choice":"Fight","damage_taken":0,"max_hp_gain":0,"max_hp_loss":0,"event_name":"Colosseum","floor":20,"gold_loss":0},{"damage_healed":0,"gold_gain":0,"player_choice":"Fought Nobs","damage_taken":0,"max_hp_gain":0,"max_hp_loss":0,"event_name":"Colosseum","floor":20,"gold_loss":0}],"is_beta":false,"boss_relics":[{"not_picked":["Coffee Dripper","Runic Pyramid"],"picked":"Astrolabe"}],"items_purged_floors":[],"is_endless":false,"potions_floor_spawned":[5,14,16,19,20],"killed_by":"Colosseum Nobs","ascension_level":13}