{"path_per_floor":["M","M","M","?","M","R","M","$","T","E","?","M","$","?","R","B",null,"M","?","?","$","?","R","E","M","T","R","M","M","M","?","R"],"character_chosen":"IRONCLAD","items_purchased":["Pommel Strike","Rage","Flex"],"gold_per_floor":[110,127,142,122,132,132,146,26,53,85,85,103,24,24,24,119,119,136,186,186,140,140,140,167,185,260,260,279,298,318,243,243,243],"floor_reached":33,"campfire_rested":3,"playtime":2068,"current_hp_per_floor":[78,73,68,68,60,60,55,55,55,34,34,14,14,14,38,18,80,70,70,70,70,70,70,40,35,35,59,59,44,51,51,75,0],"items_purged":["Defend_R"],"gold":243,"score":267,"play_id":"7a25f594-c000-4e25-8b7a-41f057f2bb3a","local_time":"20180408172843","is_prod":false,"is_daily":false,"is_ascension_mode":false,"campfire_upgraded":2,"timestamp":1523222923,"path_taken":["M","M","?","?","M","R","M","$","T","E","?","?","$","?","R","BOSS","M","?","?","$","?","R","E","M","T","R","M","M","M","?","R","BOSS"],"build_version":"2018-04-05v2","purchased_purges":2,"victory":false,"master_deck":["Strike_R+1","Strike_R+1","Strike_R+1","Strike_R+1","Strike_R+1","Defend_R+1","Defend_R+1","Defend_R+1","Bash","Fiend Fire+1","Pommel Strike","Cleave","Heavy Blade+1","Pommel Strike","Flex+1","Rampage","Rage+1","Fiend Fire","Flex+1","Fiend Fire+1","Rampage","Pommel Strike","Perfected Strike+1","Seeing Red"],"max_hp_per_floor":[80,80,80,80,80,80,80,80,80,80,80,80,80,80,80,80,80,80,80,80,80,80,80,80,80,80,80,80,80,80,80,80,80],"relics":["Runic Pyramid","Happy Flower","Vajra","Velvet Choker","War Paint","Question Card"],"card_choices":[{"not_picked":["Clash","Thunderclap"],"picked":"Fiend Fire","floor":1},{"not_picked":["Intimidate","True Grit"],"picked":"Pommel Strike","floor":2},{"not_picked":["Iron Wave","Thunderclap"],"picked":"Cleave","floor":3},{"not_picked":["Armaments","Shrug It Off"],"picked":"Heavy Blade","floor":5},{"not_picked":["Carnage","True Grit"],"picked":"Flex","floor":10},{"not_picked":["Cleave","Carnage"],"picked":"Rampage","floor":12},{"not_picked":["Juggernaut","Brutality"],"picked":"Fiend Fire","floor":16},{"not_picked":["Bloodletting","Disarm"],"picked":"Combust","floor":18},{"not_picked":["Body Slam","Warcry"],"picked":"Rampage","floor":24},{"not_picked":["Searing Blow","Thunderclap","Feel No Pain"],"picked":"Pommel Strike","floor":28},{"not_picked":["Headbutt","Anger","Body Slam"],"picked":"Perfected Strike","floor":29},{"not_picked":["Body Slam","Sword Boomerang","Fiend Fire"],"picked":"Seeing Red","floor":30}],"player_experience":23384,"potions_floor_usage":[7,10,16,28,30,33],"damage_taken":[{"damage":2,"enemies":"Cultist","floor":1,"turns":5},{"damage":5,"enemies":"2 Louse","floor":2,"turns":3},{"damage":5,"enemies":"Small Slimes","floor":3,"turns":2},{"damage":8,"enemies":"3 Louse","floor":5,"turns":3},{"damage":5,"enemies":"2 Fungi Beasts","floor":7,"turns":3},{"damage":21,"enemies":"Lagavulin","floor":10,"turns":5},{"damage":20,"enemies":"Exordium Wildlife","floor":12,"turns":3},{"damage":26,"enemies":"Slime Boss","floor":16,"turns":7},{"damage":10,"enemies":"Spheric Guardian","floor":18,"turns":3},{"damage":30,"enemies":"Book of Stabbing","floor":24,"turns":3},{"damage":5,"enemies":"3 Byrds","floor":25,"turns":5},{"damage":0,"enemies":"Snecko","floor":28,"turns":2},{"damage":15,"enemies":"3 Cultists","floor":29,"turns":4},{"damage":2,"enemies":"Centurion and Healer","floor":30,"turns":5},{"damage":96,"enemies":"Automaton","floor":33,"turns":6}],"event_choices":[{"event_name":"The Woman in Blue","player_choice":"Bought 1 Potion","floor":4,"damage_taken":0},{"event_name":"Golden Idol","player_choice":"Ignored","floor":11,"damage_taken":0},{"event_name":"Living Wall","player_choice":"Grow","floor":14,"damage_taken":0},{"event_name":"The Joust","player_choice":"Bet on Murderer","floor":19,"damage_taken":0},{"event_name":"Back to Basics","player_choice":"Simplicity","floor":20,"damage_taken":0},{"event_name":"Duplicator","player_choice":"One dupe","floor":22,"damage_taken":0},{"event_name":"Beggar","player_choice":"Gave Gold","floor":31,"damage_taken":0}],"boss_relics":[{"not_picked":["Runic Cube","Tiny House"],"picked":"Velvet Choker"}],"potions_floor_spawned":[1,3,7,24,28],"seed_played":"2301291549686166748","killed_by":"Automaton","ascension_level":0,"is_trial":false}