{"gold_per_floor":[115,115,135,151,166,198,198,50,50,50,63,63,63,89,89,191,191,205,205,222,198,198,223,223,223,246,246],"floor_reached":27,"playtime":7143,"items_purged":[],"score":251,"play_id":"4c3e678d-2715-4d67-8410-9a5846e60076","local_time":"20190411171742","is_ascension_mode":true,"campfire_choices":[{"floor":7,"key":"REST"},{"data":"Rage","floor":10,"key":"SMITH"},{"data":"Body Slam","floor":12,"key":"SMITH"},{"floor":15,"key":"REST"},{"data":"Double Tap","floor":25,"key":"SMITH"}],"neow_cost":"NONE","seed_source_timestamp":1922931326342650,"circlet_count":0,"master_deck":["Strike_R","Strike_R","Strike_R","Strike_R","Defend_R","Defend_R","Defend_R","Defend_R","Thunderclap","Armaments","Body Slam+1","Rage+1","Shrug It Off","Ghostly Armor","Double Tap+1","Thunderclap","Uppercut","Warcry","Shrug It Off","Rage+1"],"relics":["Burning Blood","NeowsBlessing","Bronze Scales","Vajra","Turnip","Philosopher\u0027s Stone","Frozen Egg 2","Darkstone Periapt","Regal Pillow"],"potions_floor_usage":[5,5,16,16,23,23],"damage_taken":[{"damage":0,"enemies":"Small Slimes","floor":1,"turns":1},{"damage":0,"enemies":"Cultist","floor":3,"turns":1},{"damage":0,"enemies":"Jaw Worm","floor":4,"turns":1},{"damage":14,"enemies":"Exordium Thugs","floor":5,"turns":7},{"damage":58,"enemies":"3 Sentries","floor":6,"turns":9},{"damage":2,"enemies":"Blue Slaver","floor":11,"turns":3},{"damage":8,"enemies":"Lagavulin","floor":14,"turns":6},{"damage":53,"enemies":"The Guardian","floor":16,"turns":16},{"damage":12,"enemies":"2 Thieves","floor":18,"turns":4},{"damage":4,"enemies":"Spheric Guardian","floor":20,"turns":4},{"damage":35,"enemies":"Book of Stabbing","floor":23,"turns":5},{"damage":47,"enemies":"Slavers","floor":27,"turns":4}],"seed_played":"-1550159639630117846","potions_obtained":[{"floor":3,"key":"SpeedPotion"},{"floor":4,"key":"EssenceOfSteel"},{"floor":6,"key":"Weak Potion"},{"floor":11,"key":"Weak Potion"},{"floor":18,"key":"Dexterity Potion"},{"floor":20,"key":"Fire Potion"}],"is_trial":false,"path_per_floor":["?","M","?","?","T","?"],"character_chosen":"IRONCLAD","items_purchased":["Vajra","Warcry"],"campfire_rested":2,"item_purchase_floors":[8,21],"current_hp_per_floor":[80,80,80,80,72,20,44,44,44,44,48,48,48,46,70,23,80,74,74,76,76,76,47,47,47,47,0],"gold":246,"neow_bonus":"THREE_ENEMY_KILL","is_prod":false,"is_daily":false,"chose_seed":false,"campfire_upgraded":3,"win_rate":0,"timestamp":1554995862,"path_taken":["M","?","M","M","?","E","R","$","T","R","M","R","?","E","R","BOSS","M","?","M","$","?","E","?","R","T","E"],"build_version":"2019-01-23","purchased_purges":0,"victory":false,"max_hp_per_floor":[80,80,80,80,80,80,80,80,80,80,80,80,80,80,80,80,80,80,80,80,80,80,80,80,80,80,80],"card_choices":[{"not_picked":["Iron Wave","Pommel Strike"],"picked":"Thunderclap","floor":1},{"not_picked":["Body Slam","Rage"],"picked":"Armaments","floor":3},{"not_picked":["Headbutt","Combust","Twin Strike"],"picked":"SKIP","floor":4},{"not_picked":["Sword Boomerang","Wild Strike"],"picked":"Body Slam","floor":5},{"not_picked":["Rupture","Sword Boomerang"],"picked":"Rage","floor":6},{"not_picked":["Sword Boomerang","Intimidate"],"picked":"Shrug It Off","floor":11},{"not_picked":["Rupture","Thunderclap"],"picked":"Ghostly Armor","floor":14},{"not_picked":["Limit Break","Dark Embrace"],"picked":"Double Tap","floor":16},{"not_picked":["Sword Boomerang","Combust"],"picked":"Thunderclap","floor":18},{"not_picked":["Heavy Blade+1","Headbutt"],"picked":"Uppercut","floor":20},{"not_picked":["Havoc","Immolate"],"picked":"Shrug It Off","floor":23}],"player_experience":57996,"relics_obtained":[{"floor":6,"key":"Bronze Scales"},{"floor":14,"key":"Turnip"},{"floor":22,"key":"Frozen Egg 2"},{"floor":23,"key":"Darkstone Periapt"},{"floor":26,"key":"Regal Pillow"}],"event_choices":[{"damage_healed":0,"gold_gain":0,"player_choice":"Ignored","damage_taken":0,"max_hp_gain":0,"max_hp_loss":0,"event_name":"NoteForYourself","floor":2,"gold_loss":0},{"cards_removed":["Bash"],"damage_healed":0,"gold_gain":0,"player_choice":"Forget","damage_taken":0,"max_hp_gain":0,"max_hp_loss":0,"event_name":"Living Wall","floor":13,"gold_loss":0},{"cards_removed":["Strike_R"],"damage_healed":0,"gold_gain":0,"player_choice":"Purged","damage_taken":0,"max_hp_gain":0,"max_hp_loss":0,"event_name":"Purifier","floor":19,"gold_loss":0},{"damage_healed":0,"gold_gain":0,"player_choice":"Copied","damage_taken":0,"max_hp_gain":0,"max_hp_loss":0,"event_name":"Duplicator","floor":24,"gold_loss":0,"cards_obtained":["Rage"]}],"is_beta":false,"boss_relics":[{"not_picked":["Calling Bell","Busted Crown"],"picked":"Philosopher\u0027s Stone"}],"items_purged_floors":[],"is_endless":false,"potions_floor_spawned":[3,4,6,11,18,20],"killed_by":"Slavers","ascension_level":1}