{"gold_per_floor":[115,45,45,56,72,102,102,117,198,198,198,214,224,224,224,324,324,334,352,267,12,31,31,41,56,83,108,138,168,199,228,240,252],"floor_reached":33,"playtime":2300,"items_purged":[],"score":282,"play_id":"5a134582-3c3c-42c6-a1cf-6916cd3ee958","local_time":"20190509232434","is_ascension_mode":false,"campfire_choices":[{"floor":7,"key":"RECALL"},{"data":"Self Repair","floor":10,"key":"SMITH"},{"data":"Lockon","floor":15,"key":"SMITH"},{"floor":23,"key":"REST"},{"floor":32,"key":"REST"}],"neow_cost":"NONE","seed_source_timestamp":1543839802000,"circlet_count":0,"master_deck":["Strike_B","Strike_B","Strike_B","Strike_B","Defend_B","Defend_B","Defend_B","Defend_B","Zap+1","Dualcast","Ball Lightning","BootSequence","Self Repair+1","Melter","Lockon+1","Gash","Multi-Cast","Chill","Hologram","Hologram","Cold Snap","Rebound+1","Go for the Eyes+1","Ball Lightning","Conserve Battery","Stack","Coolheaded"],"relics":["Cracked Core","Mango","Nuclear Battery","Omamori","Cables","MawBank"],"potions_floor_usage":[6,12,12,16,16,18,19,22,25,28,29],"damage_taken":[{"damage":0,"enemies":"Cultist","floor":1,"turns":3},{"damage":0,"enemies":"Jaw Worm","floor":4,"turns":2},{"damage":0,"enemies":"Small Slimes","floor":5,"turns":3},{"damage":30,"enemies":"Lagavulin","floor":6,"turns":5},{"damage":6,"enemies":"Exordium Wildlife","floor":8,"turns":5},{"damage":7,"enemies":"Exordium Thugs","floor":12,"turns":4},{"damage":21,"enemies":"2 Fungi Beasts","floor":13,"turns":4},{"damage":32,"enemies":"Hexaghost","floor":16,"turns":8},{"damage":19,"enemies":"Spheric Guardian","floor":18,"turns":4},{"damage":32,"enemies":"2 Thieves","floor":19,"turns":4},{"damage":26,"enemies":"Centurion and Healer","floor":22,"turns":9},{"damage":33,"enemies":"Snecko","floor":24,"turns":6},{"damage":23,"enemies":"Snake Plant","floor":25,"turns":4},{"damage":8,"enemies":"Cultist and Chosen","floor":27,"turns":5},{"damage":5,"enemies":"Shelled Parasite and Fungi","floor":28,"turns":6},{"damage":12,"enemies":"Centurion and Healer","floor":29,"turns":8},{"damage":11,"enemies":"Snecko","floor":30,"turns":4},{"damage":12,"enemies":"3 Cultists","floor":31,"turns":5},{"damage":63,"enemies":"Collector","floor":33,"turns":8}],"seed_played":"-199133340944761555","potions_obtained":[{"floor":5,"key":"FearPotion"},{"floor":8,"key":"Weak Potion"},{"floor":11,"key":"FocusPotion"},{"floor":11,"key":"Energy Potion"},{"floor":13,"key":"AttackPotion"},{"floor":16,"key":"GamblersBrew"},{"floor":18,"key":"FearPotion"},{"floor":19,"key":"Ancient Potion"},{"floor":24,"key":"LiquidBronze"},{"floor":27,"key":"FearPotion"},{"floor":28,"key":"Weak Potion"}],"is_trial":false,"path_per_floor":["$","?","?","M","?","?"],"character_chosen":"DEFECT","items_purchased":["BootSequence","Cables"],"campfire_rested":2,"item_purchase_floors":[2,21],"current_hp_per_floor":[82,82,87,87,87,78,78,79,79,79,79,82,71,71,71,49,101,92,70,70,70,54,84,61,48,48,40,45,43,32,30,60,0],"gold":252,"neow_bonus":"TEN_PERCENT_HP_BONUS","is_prod":false,"is_daily":false,"chose_seed":false,"campfire_upgraded":2,"win_rate":0,"timestamp":1557469474,"path_taken":["M","?","?","M","M","E","R","M","T","R","?","?","M","?","R","BOSS","M","M","?","$","M","R","M","M","T","M","M","M","M","M","R","BOSS"],"build_version":"2019-01-23","purchased_purges":0,"victory":false,"max_hp_per_floor":[82,82,87,87,87,101,101,101,101,101,101,101,101,101,101,101,101,101,101,101,101,101,101,101,101,101,101,101,101,101,101,101,101],"card_choices":[{"not_picked":["Go for the Eyes","Storm"],"picked":"Ball Lightning","floor":1},{"not_picked":["Reprogram","Doom and Gloom"],"picked":"Self Repair","floor":4},{"not_picked":["Hologram","Compile Driver","Static Discharge"],"picked":"SKIP","floor":5},{"not_picked":["Hologram","Redo"],"picked":"Melter","floor":6},{"not_picked":["Darkness","Static Discharge"],"picked":"Lockon","floor":8},{"not_picked":["Hologram","Conserve Battery"],"picked":"Gash","floor":12},{"not_picked":["Beam Cell","Compile Driver","Rip and Tear"],"picked":"SKIP","floor":13},{"not_picked":["Thunder Strike","Biased Cognition"],"picked":"Multi-Cast","floor":16},{"not_picked":["Sweeping Beam","Compile Driver+1"],"picked":"Chill","floor":18},{"not_picked":["Barrage","Leap"],"picked":"Hologram","floor":19},{"not_picked":["Redo","Sweeping Beam"],"picked":"Hologram","floor":22},{"not_picked":["Lockon","Compile Driver"],"picked":"Cold Snap","floor":24},{"not_picked":["Steam","Redo"],"picked":"Rebound+1","floor":25},{"not_picked":["Auto Shields+1","Cold Snap+1"],"picked":"Go for the Eyes+1","floor":27},{"not_picked":["Melter","Beam Cell"],"picked":"Ball Lightning","floor":28},{"not_picked":["Hologram","Force Field"],"picked":"Conserve Battery","floor":29},{"not_picked":["Double Energy+1","Tempest"],"picked":"Stack","floor":30},{"not_picked":["Electrodynamics","Aggregate"],"picked":"Coolheaded","floor":31}],"player_experience":152077,"relics_obtained":[{"floor":6,"key":"Mango"},{"floor":26,"key":"MawBank"}],"event_choices":[{"damage_healed":0,"gold_gain":0,"player_choice":"Donut","damage_taken":0,"max_hp_gain":5,"max_hp_loss":0,"event_name":"Big Fish","floor":3,"gold_loss":0},{"damage_healed":0,"gold_gain":0,"player_choice":"Got Potions","damage_taken":0,"max_hp_gain":0,"max_hp_loss":0,"event_name":"Lab","floor":11,"gold_loss":0},{"damage_healed":0,"gold_gain":0,"player_choice":"Grow","damage_taken":0,"max_hp_gain":0,"max_hp_loss":0,"event_name":"Living Wall","floor":14,"gold_loss":0,"cards_upgraded":["Zap"]},{"damage_healed":0,"gold_gain":0,"player_choice":"Obtained Relic","damage_taken":0,"relics_obtained":["Omamori"],"max_hp_gain":0,"max_hp_loss":0,"event_name":"Addict","floor":20,"gold_loss":85}],"is_beta":false,"boss_relics":[{"not_picked":["Lizard Tail","Calling Bell"],"picked":"Nuclear Battery"}],"items_purged_floors":[],"is_endless":false,"potions_floor_spawned":[5,8,13,16,18,19,24,27,28],"killed_by":"Collector","ascension_level":0}