{"gold_per_floor":[113,188,200,200,34,69,69,81,152,166,198,198,214,234,234,313,313,326,326,326],"floor_reached":20,"playtime":1180,"items_purged":[],"score":418,"play_id":"c8596d30-1bec-43a9-95d1-5f9e5e5e3b44","local_time":"20190312125023","is_ascension_mode":true,"campfire_choices":[{"data":"Neutralize","floor":7,"key":"SMITH"},{"data":"Bouncing Flask","floor":12,"key":"SMITH"},{"floor":15,"key":"REST"}],"neow_cost":"NONE","seed_source_timestamp":521508312601391,"circlet_count":0,"master_deck":["AscendersBane","Defend_G","Defend_G","Defend_G","Defend_G","Defend_G","Strike_G","Strike_G","Strike_G","Strike_G","Survivor","Neutralize+1","Slice","Deadly Poison","Dash","Flying Knee","Bouncing Flask+1","Deflect","Wraith Form v2","PiercingWail","Prepared"],"relics":["Ring of the Snake","NeowsBlessing","NlothsMask","Happy Flower","Anchor","Darkstone Periapt","Cursed Key"],"potions_floor_usage":[11,14,18],"damage_taken":[{"damage":0,"enemies":"Jaw Worm","floor":1,"turns":1},{"damage":0,"enemies":"Small Slimes","floor":3,"turns":1},{"damage":0,"enemies":"3 Sentries","floor":6,"turns":1},{"damage":0,"enemies":"Cultist","floor":8,"turns":3},{"damage":0,"enemies":"2 Fungi Beasts","floor":10,"turns":4},{"damage":20,"enemies":"Lagavulin","floor":11,"turns":5},{"damage":0,"enemies":"Red Slaver","floor":13,"turns":2},{"damage":0,"enemies":"Lots of Slimes","floor":14,"turns":3},{"damage":20,"enemies":"The Guardian","floor":16,"turns":9},{"damage":11,"enemies":"2 Thieves","floor":18,"turns":4},{"damage":46,"enemies":"3 Byrds","floor":20,"turns":4}],"seed_played":"1208968864969164594","potions_obtained":[{"floor":3,"key":"Strength Potion"},{"floor":13,"key":"Explosive Potion"},{"floor":16,"key":"Fire Potion"}],"is_trial":false,"path_per_floor":["M","?","M","?","$","E","R","M","T","M","E","R","M","M","R","B",null,"M","?","M"],"character_chosen":"THE_SILENT","items_purchased":["Happy Flower"],"campfire_rested":1,"item_purchase_floors":[5],"current_hp_per_floor":[59,48,48,48,48,48,48,48,48,48,28,28,28,28,47,27,56,45,45,0],"gold":326,"neow_bonus":"THREE_ENEMY_KILL","is_prod":false,"is_daily":false,"chose_seed":false,"campfire_upgraded":2,"win_rate":0,"timestamp":1552391423,"path_taken":["M","?","M","?","$","E","R","M","T","M","E","R","?","M","R","BOSS","M","?","M"],"build_version":"2019-01-23","purchased_purges":0,"victory":false,"max_hp_per_floor":[66,66,66,66,66,66,66,66,66,66,66,66,66,66,66,66,66,66,66,66],"card_choices":[{"not_picked":["Sucker Punch","Prepared"],"picked":"Slice","floor":1},{"not_picked":["Poisoned Stab","Slice"],"picked":"Deadly Poison","floor":3},{"not_picked":["Poisoned Stab","Riddle With Holes"],"picked":"Dash","floor":6},{"not_picked":["Outmaneuver","Cloak And Dagger"],"picked":"Flying Knee","floor":8},{"not_picked":["Blade Dance","Outmaneuver"],"picked":"Bouncing Flask","floor":10},{"not_picked":["Prepared","Slice","Flying Knee"],"picked":"SKIP","floor":11},{"not_picked":["Underhanded Strike","Acrobatics","Doppelganger"],"picked":"SKIP","floor":13},{"not_picked":["Cloak And Dagger","Terror"],"picked":"Deflect","floor":14},{"not_picked":["Die Die Die","Storm of Steel"],"picked":"Wraith Form v2","floor":16},{"not_picked":["Deadly Poison","Infinite Blades"],"picked":"PiercingWail","floor":18}],"player_experience":2903486,"relics_obtained":[{"floor":6,"key":"Anchor"},{"floor":11,"key":"Darkstone Periapt"}],"event_choices":[{"damage_healed":0,"gold_gain":75,"player_choice":"Gather Gold","damage_taken":11,"max_hp_gain":0,"max_hp_loss":0,"event_name":"World of Goop","floor":2,"gold_loss":0},{"damage_healed":0,"gold_gain":0,"player_choice":"Trade","damage_taken":0,"relics_obtained":["NlothsMask"],"max_hp_gain":0,"max_hp_loss":0,"event_name":"FaceTrader","floor":4,"gold_loss":0},{"damage_healed":0,"gold_gain":0,"cards_transformed":["Strike_G"],"player_choice":"Transformed","damage_taken":0,"max_hp_gain":0,"max_hp_loss":0,"event_name":"Transmorgrifier","floor":19,"gold_loss":0,"cards_obtained":["Prepared"]}],"is_beta":false,"boss_relics":[{"not_picked":["Coffee Dripper","Ectoplasm"],"picked":"Cursed Key"}],"items_purged_floors":[],"is_endless":false,"potions_floor_spawned":[3,13,16],"killed_by":"3 Byrds","ascension_level":20}