{"gold_per_floor":[117,217,228,245,245,274,274,20,44,59,59,77,77,102,102,197,197,211,223,275,275],"floor_reached":21,"playtime":991,"items_purged":["Strike_G"],"score":246,"play_id":"2ebf47ea-c6f3-47fb-b3fe-e1ab033b9ca8","local_time":"20190501182123","is_ascension_mode":true,"campfire_choices":[{"data":"Well Laid Plans","floor":7,"key":"SMITH"},{"floor":13,"key":"REST"},{"floor":15,"key":"REST"}],"neow_cost":"NONE","seed_source_timestamp":460073971913560,"circlet_count":0,"master_deck":["Defend_G","Defend_G","Defend_G","Defend_G","Defend_G","Strike_G","Strike_G","Strike_G","Strike_G","Survivor","Neutralize+1","Deadly Poison","Crippling Poison","Well Laid Plans+1","Escape Plan","Noxious Fumes+1","Catalyst","Footwork","Tools of the Trade","Backflip","PiercingWail"],"relics":["Ring of the Snake","Smiling Mask","TheAbacus","Boot","Bag of Marbles","Coffee Dripper","Juzu Bracelet"],"potions_floor_usage":[14,14],"damage_taken":[{"damage":2,"enemies":"2 Louse","floor":1,"turns":4},{"damage":0,"enemies":"Cultist","floor":3,"turns":3},{"damage":3,"enemies":"Small Slimes","floor":4,"turns":4},{"damage":29,"enemies":"3 Sentries","floor":6,"turns":10},{"damage":3,"enemies":"Red Slaver","floor":10,"turns":3},{"damage":9,"enemies":"3 Louse","floor":12,"turns":3},{"damage":11,"enemies":"Gremlin Nob","floor":14,"turns":5},{"damage":20,"enemies":"Slime Boss","floor":16,"turns":10},{"damage":0,"enemies":"3 Byrds","floor":18,"turns":4},{"damage":10,"enemies":"Shell Parasite","floor":19,"turns":5},{"damage":17,"enemies":"Snake Plant","floor":21,"turns":5}],"seed_played":"8271008803685412242","potions_obtained":[{"floor":1,"key":"GhostInAJar"},{"floor":3,"key":"GamblersBrew"},{"floor":4,"key":"EssenceOfSteel"},{"floor":12,"key":"SmokeBomb"},{"floor":19,"key":"SteroidPotion"}],"is_trial":false,"path_per_floor":["?","M","?","?","T"],"character_chosen":"THE_SILENT","items_purchased":["TheAbacus"],"campfire_rested":2,"item_purchase_floors":[8],"current_hp_per_floor":[61,61,61,58,63,34,34,34,34,31,31,22,44,33,55,35,65,65,55,55,38],"gold":275,"neow_bonus":"UPGRADE_CARD","is_prod":false,"is_daily":false,"chose_seed":false,"campfire_upgraded":1,"win_rate":0,"timestamp":1556727683,"path_taken":["M","?","?","M","?","E","R","$","T","M","?","M","R","E","R","BOSS","M","M","?","M"],"build_version":"2019-01-23","purchased_purges":1,"victory":false,"max_hp_per_floor":[70,70,70,70,75,75,75,75,75,75,75,75,75,75,75,75,75,75,75,75,75],"card_choices":[{"not_picked":["Expertise","Masterful Stab"],"picked":"Deadly Poison","floor":1},{"not_picked":["Flying Knee","Choke"],"picked":"Crippling Poison","floor":3},{"not_picked":["Reflex","Quick Slash"],"picked":"Well Laid Plans","floor":4},{"not_picked":["Doppelganger","Dagger Throw"],"picked":"Escape Plan","floor":6},{"not_picked":["Distraction","Slice"],"picked":"Noxious Fumes","floor":10},{"not_picked":["Deadly Poison","Bane"],"picked":"Catalyst","floor":12},{"not_picked":["Calculated Gamble","Predator"],"picked":"Footwork","floor":14},{"not_picked":["Venomology","Phantasmal Killer"],"picked":"Tools of the Trade","floor":16},{"not_picked":["Cloak And Dagger","Poisoned Stab"],"picked":"Backflip","floor":18},{"not_picked":["Cloak And Dagger","Dagger Throw"],"picked":"PiercingWail","floor":19}],"player_experience":202375,"relics_obtained":[{"floor":6,"key":"Smiling Mask"},{"floor":9,"key":"Boot"},{"floor":14,"key":"Bag of Marbles"},{"floor":20,"key":"Juzu Bracelet"}],"event_choices":[{"damage_healed":0,"gold_gain":100,"player_choice":"Pray","damage_taken":0,"max_hp_gain":0,"max_hp_loss":0,"event_name":"Golden Shrine","floor":2,"gold_loss":0},{"damage_healed":0,"gold_gain":0,"player_choice":"Donut","damage_taken":0,"max_hp_gain":5,"max_hp_loss":0,"event_name":"Big Fish","floor":5,"gold_loss":0},{"damage_healed":0,"gold_gain":0,"player_choice":"Forge","damage_taken":0,"max_hp_gain":0,"max_hp_loss":0,"event_name":"Accursed Blacksmith","floor":11,"gold_loss":0,"cards_upgraded":["Noxious Fumes"]}],"is_beta":false,"boss_relics":[{"not_picked":["Snecko Eye","Velvet Choker"],"picked":"Coffee Dripper"}],"items_purged_floors":[8],"is_endless":false,"potions_floor_spawned":[1,3,4,12,19],"killed_by":"Snake Plant","ascension_level":6}