{"gold_per_floor":[118,68,84,84,94,125,125,4,4,20,20,38,58,91,91,91],"floor_reached":16,"playtime":724,"items_purged":["Strike_G"],"score":112,"play_id":"54bda302-441c-40f3-a8ae-3ba494fa1128","local_time":"20190326123825","is_ascension_mode":false,"campfire_choices":[{"data":"All Out Attack","floor":7,"key":"SMITH"},{"data":"Blade Dance","floor":11,"key":"SMITH"},{"floor":15,"key":"REST"}],"neow_cost":"NONE","seed_source_timestamp":533806238141765,"circlet_count":0,"master_deck":["Defend_G","Defend_G","Defend_G","Defend_G","Defend_G","Strike_G","Strike_G","Strike_G","Survivor","Neutralize+1","Slice","Expertise","All Out Attack+1","Quick Slash","Blade Dance+1","Leg Sweep","Blade Dance","Night Terror"],"relics":["Ring of the Snake","NeowsBlessing","Mummified Hand","Mercury Hourglass","Centennial Puzzle"],"potions_floor_usage":[12,12],"damage_taken":[{"damage":0,"enemies":"Cultist","floor":1,"turns":1},{"damage":0,"enemies":"2 Louse","floor":3,"turns":1},{"damage":0,"enemies":"Small Slimes","floor":5,"turns":1},{"damage":35,"enemies":"Lagavulin","floor":6,"turns":12},{"damage":0,"enemies":"2 Fungi Beasts","floor":10,"turns":2},{"damage":0,"enemies":"Exordium Thugs","floor":12,"turns":2},{"damage":4,"enemies":"Red Slaver","floor":13,"turns":2},{"damage":23,"enemies":"Gremlin Nob","floor":14,"turns":4},{"damage":29,"enemies":"The Guardian","floor":16,"turns":7}],"seed_played":"-2155288303955233880","potions_obtained":[{"floor":5,"key":"SkillPotion"},{"floor":10,"key":"PowerPotion"}],"is_trial":false,"path_per_floor":["?","?"],"character_chosen":"THE_SILENT","items_purchased":["Quick Slash"],"campfire_rested":1,"item_purchase_floors":[8],"current_hp_per_floor":[70,70,70,70,70,35,35,35,35,35,35,35,31,8,29,0],"gold":91,"neow_bonus":"THREE_ENEMY_KILL","is_prod":false,"is_daily":false,"chose_seed":false,"campfire_upgraded":2,"win_rate":0.0,"timestamp":1553600305,"path_taken":["M","?","M","?","M","E","R","$","T","M","R","M","M","E","R","BOSS"],"build_version":"2019-01-23","purchased_purges":1,"victory":false,"max_hp_per_floor":[70,70,70,70,70,70,70,70,70,70,70,70,70,70,70,70],"card_choices":[{"not_picked":["Dodge and Roll","Tactician","PiercingWail"],"picked":"SKIP","floor":1},{"not_picked":["Flying Knee","Deadly Poison"],"picked":"Slice","floor":3},{"not_picked":["Outmaneuver","Poisoned Stab"],"picked":"Expertise","floor":5},{"not_picked":["After Image","Poisoned Stab"],"picked":"All Out Attack","floor":6},{"not_picked":["Underhanded Strike","Deflect"],"picked":"Blade Dance","floor":10},{"not_picked":["Outmaneuver","Dagger Throw"],"picked":"Leg Sweep","floor":12},{"not_picked":["Noxious Fumes","Riddle With Holes"],"picked":"Blade Dance","floor":13},{"not_picked":["Sucker Punch","Bane"],"picked":"Night Terror","floor":14}],"player_experience":38574,"relics_obtained":[{"floor":6,"key":"Mummified Hand"},{"floor":9,"key":"Mercury Hourglass"},{"floor":14,"key":"Centennial Puzzle"}],"event_choices":[{"cards_removed":["Strike_G"],"damage_healed":0,"gold_gain":0,"player_choice":"Card Removal","damage_taken":0,"max_hp_gain":0,"max_hp_loss":0,"event_name":"The Cleric","floor":2,"gold_loss":50},{"damage_healed":0,"gold_gain":0,"player_choice":"Grow","damage_taken":0,"max_hp_gain":0,"max_hp_loss":0,"event_name":"Living Wall","floor":4,"gold_loss":0,"cards_upgraded":["Neutralize"]}],"is_beta":false,"boss_relics":[],"items_purged_floors":[8],"is_endless":false,"potions_floor_spawned":[5,10],"killed_by":"The Guardian","ascension_level":0}