{"gold_per_floor":[116,116,141,141,166,204,216,244,256,284,296,333,366,446,458,470],"floor_reached":16,"playtime":745,"items_purged":[],"score":151,"play_id":"1e3eccbf-f257-4d9e-9812-3fd9ca9ffd56","local_time":"20190511012713","is_ascension_mode":true,"campfire_choices":[{"floor":7.0,"key":"REST"},{"floor":11.0,"key":"REST"},{"floor":15.0,"key":"REST"}],"neow_cost":"NONE","seed_source_timestamp":566901473163542,"circlet_count":0,"master_deck":["Strike_R","Strike_R","Strike_R","Strike_R","Strike_R","Defend_R","Defend_R","Defend_R","Defend_R","Bash","Flame Barrier","Shrug It Off","Metallicize"],"special_seed":0,"relics":["Burning Blood","Red Skull","Golden Idol","MawBank","Juzu Bracelet","Mummified Hand"],"potions_floor_usage":[16],"damage_taken":[{"damage":14.0,"enemies":"Jaw Worm","floor":1.0,"turns":3.0},{"damage":6.0,"enemies":"Small Slimes","floor":3.0,"turns":5.0},{"damage":1.0,"enemies":"Cultist","floor":5.0,"turns":3.0},{"damage":52.0,"enemies":"Lagavulin","floor":6.0,"turns":7.0},{"damage":26.0,"enemies":"Gremlin Gang","floor":8.0,"turns":6.0},{"damage":10.0,"enemies":"2 Fungi Beasts","floor":10.0,"turns":4.0},{"damage":8.0,"enemies":"Large Slime","floor":12.0,"turns":8.0},{"damage":2.0,"enemies":"Exordium Wildlife","floor":13.0,"turns":4.0},{"damage":32.0,"enemies":"Gremlin Nob","floor":14.0,"turns":4.0},{"damage":55,"enemies":"Slime Boss","floor":16,"turns":13}],"seed_played":"2440634768908094824","potions_obtained":[{"floor":3.0,"key":"AttackPotion"},{"floor":4.0,"key":"Dexterity Potion"},{"floor":4.0,"key":"Energy Potion"},{"floor":10.0,"key":"Strength Potion"},{"floor":12.0,"key":"FearPotion"},{"floor":14.0,"key":"SkillPotion"}],"is_trial":false,"path_per_floor":["M","?","M","?","M","E","R","M","T","M","R","M","M","?","R","B"],"character_chosen":"IRONCLAD","items_purchased":[],"campfire_rested":3,"item_purchase_floors":[],"current_hp_per_floor":[64,64,64,64,69,23,45,25,25,21,43,41,45,19,41,0],"gold":470,"neow_bonus":"RANDOM_COMMON_RELIC","is_prod":false,"is_daily":false,"chose_seed":false,"campfire_upgraded":0,"win_rate":0,"timestamp":1557530833,"path_taken":["M","?","M","?","?","E","R","?","T","M","R","M","M","?","R","BOSS"],"build_version":"2019-01-23","purchased_purges":0,"victory":false,"max_hp_per_floor":[80,74,74,74,74,74,74,74,74,74,74,74,74,74,74,74],"card_choices":[{"not_picked":["Cleave","Sentinel"],"picked":"Flame Barrier","floor":1.0},{"not_picked":["Clothesline","True Grit","Rage"],"picked":"SKIP","floor":3.0},{"not_picked":["Headbutt","Burning Pact"],"picked":"Shrug It Off","floor":5.0},{"not_picked":["Havoc","Iron Wave","Pommel Strike"],"picked":"SKIP","floor":6.0},{"not_picked":["Burning Pact","Headbutt","Flex"],"picked":"SKIP","floor":8.0},{"not_picked":["True Grit","Shockwave","Fiend Fire"],"picked":"SKIP","floor":10.0},{"not_picked":["Burning Pact","Pommel Strike","Fire Breathing"],"picked":"SKIP","floor":12.0},{"not_picked":["Pommel Strike","Rage","Havoc"],"picked":"SKIP","floor":13.0},{"not_picked":["Combust","Second Wind"],"picked":"Metallicize","floor":14.0}],"player_experience":455737,"relics_obtained":[{"floor":6.0,"key":"MawBank"},{"floor":9.0,"key":"Juzu Bracelet"}],"event_choices":[{"damage_healed":0.0,"max_hp_gain":0.0,"max_hp_loss":6.0,"gold_gain":0.0,"event_name":"Golden Idol","player_choice":"Lose Max HP","floor":2.0,"gold_loss":0.0,"damage_taken":0.0,"relics_obtained":["Golden Idol"]},{"damage_healed":0.0,"max_hp_gain":0.0,"max_hp_loss":0.0,"gold_gain":0.0,"event_name":"Lab","player_choice":"Got Potions","floor":4.0,"gold_loss":0.0,"damage_taken":0.0},{"damage_healed":0.0,"max_hp_gain":0.0,"max_hp_loss":0.0,"gold_gain":30.0,"event_name":"Dead Adventurer","player_choice":"Searched \u00273\u0027 times","floor":14.0,"gold_loss":0.0,"damage_taken":0.0,"relics_obtained":["Mummified Hand"]}],"is_beta":false,"boss_relics":[],"items_purged_floors":[],"is_endless":false,"potions_floor_spawned":[3,10,12,14],"killed_by":"Slime Boss","ascension_level":9}