{"gold_per_floor":[109,128,128,141,6,31,31,31,31,31,47,74,74,91,91,177,189,212,239,30,30,40,40,68,68,94,119,119,1,13,23,23,95,95,105,105,105,105,105,105,55,55,79,99,126,36,36,51,51,51],"floor_reached":51,"playtime":2745,"items_purged":["Slice","Strike_G","Decay"],"score":1266,"play_id":"4a651f21-e2dc-4733-9f01-687eca0c911f","local_time":"20190502005627","is_ascension_mode":true,"campfire_choices":[{"data":"Crippling Poison","floor":7,"key":"SMITH"},{"floor":13,"key":"DIG"},{"floor":15,"key":"DIG"},{"floor":23,"key":"REST"},{"floor":25,"key":"REST"},{"floor":28,"key":"REST"},{"floor":32,"key":"DIG"},{"data":"Wraith Form v2","floor":40,"key":"SMITH"},{"floor":42,"key":"DIG"},{"data":"Noxious Fumes","floor":47,"key":"SMITH"},{"floor":49,"key":"DIG"}],"neow_cost":"NONE","seed_source_timestamp":369566053913700,"circlet_count":0,"master_deck":["AscendersBane","Defend_G","Defend_G","Defend_G","Defend_G","Defend_G","Strike_G","Strike_G","Strike_G","Survivor","Neutralize+1","Dash","Backstab","PiercingWail","Crippling Poison+1","Blur","Skewer","Bouncing Flask","Glass Knife","Acrobatics","Malaise","Dodge and Roll+1","Noxious Fumes+1","Backflip","Footwork+1","Blur+1","Wraith Form v2+1","Backflip"],"relics":["Ring of the Snake","Centennial Puzzle","Shovel","Nunchaku","Bird Faced Urn","Singing Bowl","MawBank","Snecko Eye","Membership Card","Bronze Scales","Happy Flower","Potion Belt","Vajra","Bottled Lightning","Cursed Key","Pen Nib","Oddly Smooth Stone","PreservedInsect","Lantern"],"potions_floor_usage":[12,16,22,24,24,33,33,33,50,50,50],"damage_taken":[{"damage":0,"enemies":"2 Louse","floor":1,"turns":3},{"damage":4,"enemies":"Cultist","floor":2,"turns":3},{"damage":5,"enemies":"Small Slimes","floor":4,"turns":3},{"damage":7,"enemies":"3 Sentries","floor":6,"turns":13},{"damage":0,"enemies":"Exordium Thugs","floor":11,"turns":3},{"damage":13,"enemies":"Lagavulin","floor":12,"turns":6},{"damage":0,"enemies":"Looter","floor":14,"turns":3},{"damage":14,"enemies":"The Guardian","floor":16,"turns":10},{"damage":4,"enemies":"Chosen","floor":18,"turns":4},{"damage":0,"enemies":"3 Byrds","floor":19,"turns":4},{"damage":40,"enemies":"Sentry and Sphere","floor":22,"turns":7},{"damage":36,"enemies":"Gremlin Leader","floor":24,"turns":7},{"damage":23,"enemies":"Book of Stabbing","floor":27,"turns":5},{"damage":7,"enemies":"Centurion and Healer","floor":30,"turns":6},{"damage":0,"enemies":"Snake Plant","floor":31,"turns":4},{"damage":28,"enemies":"Champ","floor":33,"turns":17},{"damage":0,"enemies":"3 Shapes","floor":35,"turns":5},{"damage":2,"enemies":"Orb Walker","floor":44,"turns":3},{"damage":3,"enemies":"Nemesis","floor":45,"turns":11},{"damage":1,"enemies":"Spire Growth","floor":48,"turns":6},{"damage":12,"enemies":"Time Eater","floor":50,"turns":16}],"seed_played":"-6783952437648443414","potions_obtained":[{"floor":2,"key":"Weak Potion"},{"floor":6,"key":"LiquidBronze"},{"floor":11,"key":"Energy Potion"},{"floor":14,"key":"Poison Potion"},{"floor":19,"key":"SteroidPotion"},{"floor":22,"key":"Regen Potion"},{"floor":30,"key":"Fire Potion"},{"floor":31,"key":"Strength Potion"},{"floor":33,"key":"Dexterity Potion"},{"floor":35,"key":"Block Potion"},{"floor":44,"key":"SneckoOil"}],"is_trial":false,"path_per_floor":["M","M","?","M","$","E","R","$","T","?","M","E","R","M","R","B",null,"M","M","$","?","M","R","E","R","T","E","R","$","M","M","R","B",null,"M","?","?","?","?","R","$","R","T","M","E","$","R","M","R","B",null],"character_chosen":"THE_SILENT","items_purchased":["Backstab","PiercingWail","Membership Card","Noxious Fumes","Backflip","Weak Potion","Dexterity Potion"],"campfire_rested":3,"item_purchase_floors":[5,5,20,29,29,29,46],"current_hp_per_floor":[59,55,55,50,50,43,43,43,43,43,43,30,30,30,30,16,54,50,52,52,52,14,35,14,35,35,12,33,33,28,30,30,6,54,60,60,59,59,59,59,59,59,59,63,66,66,66,71,71,65],"gold":51,"neow_bonus":"RANDOM_COMMON_RELIC","is_prod":false,"is_daily":false,"chose_seed":false,"campfire_upgraded":3,"win_rate":0,"timestamp":1556783787,"path_taken":["M","M","?","M","$","E","R","$","T","?","?","E","R","M","R","BOSS","M","M","$","?","M","R","E","R","T","E","R","?","M","M","R","BOSS","M","?","?","?","?","R","?","R","T","M","E","$","R","M","R","BOSS"],"build_version":"2019-01-23","purchased_purges":3,"victory":true,"max_hp_per_floor":[66,66,66,66,66,66,66,66,66,66,66,66,66,66,66,66,66,66,68,68,68,70,70,70,70,70,70,70,70,70,70,70,70,70,72,72,76,76,72,72,72,72,72,74,76,76,76,76,76,76],"card_choices":[{"not_picked":["Skewer","Bane"],"picked":"Slice","floor":1},{"not_picked":["Sucker Punch","Concentrate","Setup"],"picked":"SKIP","floor":2},{"not_picked":["Caltrops","Quick Slash"],"picked":"Dash","floor":4},{"not_picked":["All Out Attack","Endless Agony"],"picked":"Crippling Poison","floor":6},{"not_picked":["Outmaneuver","Prepared"],"picked":"Skewer","floor":11},{"not_picked":["Bane","Expertise","Flechettes"],"picked":"SKIP","floor":12},{"not_picked":["Distraction","All Out Attack"],"picked":"Bouncing Flask","floor":14},{"not_picked":["Tools of the Trade","Doppelganger"],"picked":"Glass Knife","floor":16},{"not_picked":["Dagger Throw","Expertise"],"picked":"Acrobatics","floor":18},{"not_picked":["Riddle With Holes","Slice+1","Eviscerate"],"picked":"Singing Bowl","floor":19},{"not_picked":["Blade Dance","Heel Hook","Reflex"],"picked":"Singing Bowl","floor":22},{"not_picked":["Dagger Throw","Corpse Explosion"],"picked":"Malaise","floor":24},{"not_picked":["Cloak And Dagger","Poisoned Stab"],"picked":"Dodge and Roll+1","floor":27},{"not_picked":["Backflip+1","Dash"],"picked":"Footwork+1","floor":30},{"not_picked":["Catalyst","Backstab"],"picked":"Blur+1","floor":31},{"not_picked":["Night Terror","Storm of Steel"],"picked":"Wraith Form v2","floor":33},{"not_picked":["Backflip","Skewer","Slice+1"],"picked":"Singing Bowl","floor":35},{"not_picked":["PanicButton","Metamorphosis","Panache"],"picked":"Singing Bowl","floor":37},{"not_picked":["Secret Weapon","Panacea","Magnetism"],"picked":"Singing Bowl","floor":37},{"not_picked":["Dagger Spray","Endless Agony+1","Finisher"],"picked":"Singing Bowl","floor":44},{"not_picked":["Flying Knee+1","Escape Plan","Poisoned Stab"],"picked":"Singing Bowl","floor":45},{"not_picked":["Slice+1","Sucker Punch"],"picked":"Backflip","floor":48}],"player_experience":451251,"relics_obtained":[{"floor":6,"key":"Shovel"},{"floor":9,"key":"Nunchaku"},{"floor":12,"key":"Bird Faced Urn"},{"floor":13,"key":"Singing Bowl"},{"floor":15,"key":"MawBank"},{"floor":21,"key":"Bronze Scales"},{"floor":24,"key":"Happy Flower"},{"floor":26,"key":"Potion Belt"},{"floor":27,"key":"Vajra"},{"floor":32,"key":"Bottled Lightning"},{"floor":42,"key":"Pen Nib"},{"floor":43,"key":"Oddly Smooth Stone"},{"floor":45,"key":"PreservedInsect"},{"floor":49,"key":"Lantern"}],"event_choices":[{"damage_healed":0,"gold_gain":0,"player_choice":"Grow","damage_taken":0,"max_hp_gain":0,"max_hp_loss":0,"event_name":"Living Wall","floor":3,"gold_loss":0,"cards_upgraded":["Neutralize"]},{"damage_healed":0,"gold_gain":0,"player_choice":"1 cards matched","damage_taken":0,"max_hp_gain":0,"max_hp_loss":0,"event_name":"Match and Keep!","floor":10,"gold_loss":0,"cards_obtained":["Blur"]},{"damage_healed":0,"gold_gain":0,"player_choice":"Relic","damage_taken":0,"max_hp_gain":0,"max_hp_loss":0,"event_name":"Wheel of Change","floor":21,"gold_loss":0},{"cards_removed":["Strike_G"],"damage_healed":0,"gold_gain":0,"player_choice":"Removed Attack","damage_taken":0,"max_hp_gain":0,"max_hp_loss":0,"event_name":"Falling","floor":36,"gold_loss":0},{"damage_healed":0,"gold_gain":0,"player_choice":"Memory 2","damage_taken":5,"max_hp_gain":0,"max_hp_loss":0,"event_name":"SensoryStone","floor":37,"gold_loss":0},{"damage_healed":0,"gold_gain":0,"player_choice":"Ignored","damage_taken":0,"max_hp_gain":0,"max_hp_loss":0,"event_name":"Mysterious Sphere","floor":38,"gold_loss":0},{"damage_healed":0,"gold_gain":0,"player_choice":"Max HP","damage_taken":0,"max_hp_gain":0,"max_hp_loss":4,"event_name":"Winding Halls","floor":39,"gold_loss":0}],"is_beta":false,"boss_relics":[{"not_picked":["Philosopher\u0027s Stone","Ring of the Serpent"],"picked":"Snecko Eye"},{"not_picked":["Lizard Tail","Runic Dome"],"picked":"Cursed Key"}],"items_purged_floors":[29,41,46],"is_endless":false,"potions_floor_spawned":[2,6,11,14,19,22,30,31,33,35,44],"ascension_level":17}