{"gold_per_floor":[110,110,110,126,145,145,179,203,229,229,229,229,243,129,129,223,223,246,246,246,3,53,53,53],"floor_reached":24,"playtime":1315,"items_purged":["Injury"],"score":346,"play_id":"07fbf326-b787-47fc-a1de-4f2848c2aad4","local_time":"20190504175902","is_ascension_mode":true,"campfire_choices":[{"data":"Neutralize","floor":6.0,"key":"SMITH"},{"floor":10.0,"key":"REST"},{"floor":12.0,"key":"REST"},{"floor":15.0,"key":"REST"},{"data":"A Thousand Cuts","floor":23,"key":"SMITH"}],"neow_cost":"NONE","seed_source_timestamp":163434933353249,"circlet_count":0,"master_deck":["AscendersBane","Defend_G+1","Defend_G+1","Defend_G+1","Defend_G+1","Defend_G+1","Strike_G+1","Strike_G+1","Strike_G+1","Strike_G+1","Strike_G+1","Survivor","Neutralize+1","Dodge and Roll","Cloak And Dagger","Blur","Dagger Throw","All Out Attack","Blur","Deflect","Noxious Fumes","Blade Dance","A Thousand Cuts+1","Calculated Gamble","Noxious Fumes"],"special_seed":0,"relics":["Runic Pyramid","Golden Idol","Dodecahedron","Happy Flower","PreservedInsect","Dream Catcher","WristBlade","Paper Crane","Regal Pillow"],"potions_floor_usage":[24],"damage_taken":[{"damage":9.0,"enemies":"2 Louse","floor":1.0,"turns":3.0},{"damage":4.0,"enemies":"Jaw Worm","floor":4.0,"turns":5.0},{"damage":0.0,"enemies":"Cultist","floor":5.0,"turns":5.0},{"damage":24.0,"enemies":"3 Sentries","floor":7.0,"turns":16.0},{"damage":17.0,"enemies":"Exordium Wildlife","floor":8.0,"turns":7.0},{"damage":4.0,"enemies":"Large Slime","floor":13.0,"turns":7.0},{"damage":12.0,"enemies":"The Guardian","floor":16.0,"turns":14.0},{"damage":24,"enemies":"Spheric Guardian","floor":18,"turns":6},{"damage":41,"enemies":"Gremlin Leader","floor":24,"turns":4}],"seed_played":"3592368602124179635","potions_obtained":[{"floor":1.0,"key":"Strength Potion"},{"floor":4.0,"key":"LiquidBronze"},{"floor":16.0,"key":"GamblersBrew"}],"is_trial":false,"path_per_floor":["M","?","T","M","M","R","E","M","T","R","?","R","M","$","R","B",null,"M","?","T","$","?","R","E"],"character_chosen":"THE_SILENT","items_purchased":["Noxious Fumes","Regal Pillow","Noxious Fumes"],"campfire_rested":3,"item_purchase_floors":[14,21,21],"current_hp_per_floor":[50,50,50,46,46,46,22,5,5,24,24,43,39,39,58,46,61,37,37,37,37,37,37,0],"gold":53,"neow_bonus":"BOSS_RELIC","is_prod":false,"is_daily":false,"chose_seed":false,"campfire_upgraded":2,"win_rate":0,"timestamp":1557017942,"path_taken":["M","?","?","M","M","R","E","M","T","R","?","R","M","$","R","BOSS","M","?","?","$","?","R","E"],"build_version":"2019-01-23","purchased_purges":1,"victory":false,"max_hp_per_floor":[66,66,66,66,66,66,66,66,66,66,66,66,66,66,66,66,66,66,66,66,66,66,66,66],"card_choices":[{"not_picked":["Finisher","Bane"],"picked":"Dodge and Roll","floor":1.0},{"not_picked":["PiercingWail","Deadly Poison"],"picked":"Cloak And Dagger","floor":4.0},{"not_picked":["Backflip","Crippling Poison"],"picked":"Blur","floor":5.0},{"not_picked":["Poisoned Stab","Dash"],"picked":"Dagger Throw","floor":7.0},{"not_picked":["Leg Sweep","Dagger Spray"],"picked":"All Out Attack","floor":8.0},{"not_picked":["Expertise","Venomology"],"picked":"Blur","floor":12.0},{"not_picked":["Catalyst","Reflex"],"picked":"Deflect","floor":13.0},{"not_picked":["Quick Slash","Acrobatics"],"picked":"Blade Dance","floor":15.0},{"not_picked":["Burst","Unload"],"picked":"A Thousand Cuts","floor":16.0},{"not_picked":["Bane","Dagger Spray"],"picked":"Calculated Gamble","floor":18}],"player_experience":643342,"relics_obtained":[{"floor":3.0,"key":"Dodecahedron"},{"floor":7.0,"key":"Happy Flower"},{"floor":9.0,"key":"PreservedInsect"},{"floor":20,"key":"Paper Crane"}],"event_choices":[{"damage_healed":0.0,"max_hp_gain":0.0,"max_hp_loss":0.0,"gold_gain":0.0,"event_name":"Golden Idol","player_choice":"Take Wound","floor":2.0,"gold_loss":0.0,"damage_taken":0.0,"relics_obtained":["Golden Idol"],"cards_obtained":["Injury"]},{"damage_healed":0.0,"max_hp_gain":0.0,"max_hp_loss":0.0,"gold_gain":0.0,"event_name":"WeMeetAgain","player_choice":"Gave Potion","floor":11.0,"gold_loss":0.0,"damage_taken":0.0,"relics_obtained":["Dream Catcher"]},{"damage_healed":0,"gold_gain":0,"player_choice":"Simplicity","damage_taken":0,"max_hp_gain":0,"max_hp_loss":0,"event_name":"Back to Basics","floor":19,"gold_loss":0,"cards_upgraded":["Defend_G","Defend_G","Defend_G","Defend_G","Defend_G","Strike_G","Strike_G","Strike_G","Strike_G","Strike_G"]},{"damage_healed":0,"gold_gain":50,"player_choice":"Stole From Cult","damage_taken":0,"max_hp_gain":0,"max_hp_loss":0,"event_name":"Nest","floor":22,"gold_loss":0}],"is_beta":false,"boss_relics":[{"not_picked":["Philosopher\u0027s Stone","White Beast Statue"],"picked":"WristBlade"}],"items_purged_floors":[14],"is_endless":false,"potions_floor_spawned":[1,4,16],"killed_by":"Gremlin Leader","ascension_level":16}