{"gold_per_floor":[111,128,128,18,18,52,52,86,86,86,116,159,159,178,178,269,269,285,285,299,312,326,326,326,326,326,326,20,39,39,39,39,135,135,151,0,16,34,159,159,200,6,31,43,71,83,118,169,181,193],"floor_reached":51,"playtime":3827,"items_purged":["Injury","Burning Pact"],"score":1287,"play_id":"186fa305-a885-4b5f-a6df-b69d6029dd55","local_time":"20190428165623","is_ascension_mode":true,"campfire_choices":[{"data":"Hemokinesis","floor":7.0,"key":"SMITH"},{"floor":10.0,"key":"REST"},{"data":"Armaments","floor":13.0,"key":"SMITH"},{"data":"Anger","floor":15.0,"key":"SMITH"},{"data":"Inflame","floor":23.0,"key":"SMITH"},{"data":"Spot Weakness","floor":25.0,"key":"SMITH"},{"floor":27.0,"key":"REST"},{"data":"J.A.X.","floor":32.0,"key":"SMITH"},{"data":"Metallicize","floor":40.0,"key":"SMITH"},{"floor":46.0,"key":"REST"},{"data":"Body Slam","floor":49.0,"key":"SMITH"}],"neow_cost":"NONE","seed_source_timestamp":64127818380913,"circlet_count":0,"master_deck":["AscendersBane","Bash","Anger+1","Ghostly Armor","Hemokinesis+1","Clothesline","Armaments+1","Brutality","Ghostly Armor","Reaper","Sever Soul","Inflame+1","Spot Weakness+1","Whirlwind","Evolve","Shockwave+1","Cleave","Shrug It Off+1","Metallicize+1","True Grit","Reaper","Body Slam+1","Headbutt","J.A.X.+1","Reaper","Rupture","Metallicize+1","Heavy Blade+1","Heavy Blade+1","Anger+1","Flash of Steel","Chrysalis","Shrug It Off"],"special_seed":0,"relics":["Burning Blood","NeowsBlessing","Golden Idol","Pen Nib","The Courier","Kunai","Anchor","Pandora\u0027s Box","Enchiridion","Pantograph","Mercury Hourglass","Mark of Pain","Red Mask","Dead Branch","Darkstone Periapt","War Paint","MawBank","Boot"],"potions_floor_usage":[],"damage_taken":[{"damage":0.0,"enemies":"Jaw Worm","floor":1.0,"turns":1.0},{"damage":0.0,"enemies":"Small Slimes","floor":2.0,"turns":1.0},{"damage":0.0,"enemies":"Lagavulin","floor":6.0,"turns":2.0},{"damage":39.0,"enemies":"3 Sentries","floor":8.0,"turns":9.0},{"damage":3.0,"enemies":"Gremlin Nob","floor":12.0,"turns":3.0},{"damage":0.0,"enemies":"2 Louse","floor":14.0,"turns":2.0},{"damage":39.0,"enemies":"Slime Boss","floor":16.0,"turns":10.0},{"damage":22.0,"enemies":"Spheric Guardian","floor":18.0,"turns":4.0},{"damage":39.0,"enemies":"Shell Parasite","floor":20.0,"turns":8.0},{"damage":34.0,"enemies":"Centurion and Healer","floor":21.0,"turns":8.0},{"damage":18.0,"enemies":"Snecko","floor":22.0,"turns":5.0},{"damage":30.0,"enemies":"Cultist and Chosen","floor":29.0,"turns":6.0},{"damage":100.0,"enemies":"Collector","floor":33.0,"turns":8.0},{"damage":2.0,"enemies":"Orb Walker","floor":35.0,"turns":5.0},{"damage":12.0,"enemies":"3 Shapes","floor":37.0,"turns":5.0},{"damage":15.0,"enemies":"3 Darklings","floor":38.0,"turns":4.0},{"damage":27.0,"enemies":"Mind Bloom Boss Battle","floor":39.0,"turns":7.0},{"damage":15.0,"enemies":"Reptomancer","floor":41.0,"turns":5.0},{"damage":62.0,"enemies":"Writhing Mass","floor":45.0,"turns":5.0},{"damage":17.0,"enemies":"Jaw Worm Horde","floor":47.0,"turns":5.0},{"damage":15.0,"enemies":"Giant Head","floor":48.0,"turns":6.0},{"damage":72,"enemies":"Time Eater","floor":50,"turns":8}],"seed_played":"2997893271087114112","potions_obtained":[{"floor":8.0,"key":"LiquidBronze"},{"floor":12.0,"key":"Regen Potion"},{"floor":18.0,"key":"BloodPotion"},{"floor":20.0,"key":"SkillPotion"},{"floor":33.0,"key":"Poison Potion"},{"floor":37.0,"key":"Fire Potion"},{"floor":38.0,"key":"Fruit Juice"},{"floor":39.0,"key":"EssenceOfSteel"}],"is_trial":false,"path_per_floor":["M","M","?","$","?","E","R","E","T","R","?","E","R","M","R","B",null,"M","?","M","M","M","R","?","R","T","R","$","M","?","?","R","B",null,"M","?","M","M","?","R","E","$","T","?","M","R","M","E","R","B",null],"character_chosen":"IRONCLAD","items_purchased":["Hemokinesis","Mercury Hourglass","Body Slam","War Paint","Flash of Steel"],"campfire_rested":3,"item_purchase_floors":[4,28,28,42,42],"current_hp_per_floor":[74,75,75,75,80,80,80,47,47,71,71,74,74,80,80,47,72,56,80,67,62,50,50,29,29,29,53,53,46,46,90,90,11,70,90,90,90,90,92,92,83,83,83,83,29,57,72,63,63,27],"gold":205,"neow_bonus":"THREE_ENEMY_KILL","is_prod":false,"is_daily":false,"chose_seed":false,"campfire_upgraded":8,"win_rate":0,"timestamp":1556495783,"path_taken":["M","M","?","$","?","E","R","E","T","R","?","E","R","M","R","BOSS","M","?","M","?","M","R","?","R","T","R","$","M","?","?","R","BOSS","M","?","M","M","?","R","E","?","T","?","M","R","M","E","R","BOSS"],"build_version":"2019-01-23","purchased_purges":2,"victory":true,"max_hp_per_floor":[75,75,75,75,80,80,80,80,80,80,80,80,80,80,80,80,80,80,80,80,80,80,80,80,80,80,80,80,80,80,90,90,90,90,90,90,90,90,95,95,95,95,95,95,95,95,95,95,95,95],"card_choices":[{"not_picked":["Clash","Heavy Blade"],"picked":"Anger","floor":1.0},{"not_picked":["Thunderclap","Cleave"],"picked":"Ghostly Armor","floor":2.0},{"not_picked":["Limit Break","Clash"],"picked":"Clothesline","floor":6.0},{"not_picked":["Exhume","Heavy Blade"],"picked":"Armaments","floor":8.0},{"not_picked":["Wild Strike","Dropkick"],"picked":"Brutality","floor":12.0},{"not_picked":["Anger","Pummel"],"picked":"Ghostly Armor","floor":14.0},{"not_picked":["Brutality","Feed"],"picked":"Reaper","floor":16.0},{"not_picked":["Headbutt","Clothesline"],"picked":"Shrug It Off","floor":18.0},{"not_picked":["Armaments","Headbutt+1"],"picked":"Metallicize+1","floor":20.0},{"not_picked":["Iron Wave","Intimidate+1"],"picked":"True Grit","floor":21.0},{"not_picked":["Havoc","Anger"],"picked":"Reaper","floor":22.0},{"not_picked":["Clash+1","Twin Strike"],"picked":"Headbutt","floor":29.0},{"not_picked":["Immolate","Juggernaut"],"picked":"Reaper","floor":33.0},{"not_picked":["Reckless Charge","Perfected Strike+1"],"picked":"Rupture","floor":35.0},{"not_picked":["Clash","Perfected Strike"],"picked":"Metallicize","floor":37.0},{"not_picked":["Headbutt+1","Uppercut"],"picked":"Heavy Blade+1","floor":38.0},{"not_picked":["Clothesline","Metallicize"],"picked":"Heavy Blade+1","floor":39.0},{"not_picked":["Sword Boomerang","Spot Weakness"],"picked":"Anger+1","floor":41.0},{"not_picked":["PanicButton","Panacea"],"picked":"Chrysalis","floor":44.0},{"not_picked":["Pommel Strike","Thunderclap"],"picked":"Shrug It Off","floor":45.0},{"not_picked":["Pommel Strike","Wild Strike+1","Clash+1"],"picked":"SKIP","floor":47.0},{"not_picked":["Sentinel","Rampage","Cleave"],"picked":"SKIP","floor":48.0}],"player_experience":604924,"relics_obtained":[{"floor":6.0,"key":"Pen Nib"},{"floor":8.0,"key":"The Courier"},{"floor":9.0,"key":"Kunai"},{"floor":12.0,"key":"Anchor"},{"floor":24.0,"key":"Enchiridion"},{"floor":26.0,"key":"Pantograph"},{"floor":39.0,"key":"Dead Branch"},{"floor":41.0,"key":"Darkstone Periapt"},{"floor":43.0,"key":"MawBank"},{"floor":48.0,"key":"Boot"}],"event_choices":[{"damage_healed":0.0,"max_hp_gain":0.0,"max_hp_loss":0.0,"gold_gain":0.0,"event_name":"Golden Idol","player_choice":"Take Wound","floor":3.0,"gold_loss":0.0,"damage_taken":0.0,"relics_obtained":["Golden Idol"],"cards_obtained":["Injury"]},{"damage_healed":0.0,"max_hp_gain":5.0,"max_hp_loss":0.0,"gold_gain":0.0,"event_name":"Big Fish","player_choice":"Donut","floor":5.0,"gold_loss":0.0,"damage_taken":0.0},{"damage_healed":0.0,"max_hp_gain":0.0,"max_hp_loss":0.0,"gold_gain":30.0,"event_name":"Dead Adventurer","player_choice":"Searched \u00271\u0027 times","floor":11.0,"gold_loss":0.0,"damage_taken":0.0},{"damage_healed":24.0,"max_hp_gain":0.0,"max_hp_loss":0.0,"gold_gain":0.0,"event_name":"Wheel of Change","player_choice":"Full Heal","floor":19.0,"gold_loss":0.0,"damage_taken":0.0},{"damage_healed":0.0,"max_hp_gain":0.0,"max_hp_loss":0.0,"gold_gain":0.0,"event_name":"Cursed Tome","player_choice":"Obtained Book","floor":24.0,"gold_loss":0.0,"damage_taken":21.0},{"damage_healed":0.0,"max_hp_gain":0.0,"max_hp_loss":0.0,"gold_gain":0.0,"event_name":"Drug Dealer","player_choice":"Obtain J.A.X.","floor":30.0,"gold_loss":0.0,"damage_taken":0.0,"cards_obtained":["J.A.X."]},{"cards_removed":["Bludgeon"],"damage_healed":34.0,"max_hp_gain":10.0,"max_hp_loss":0.0,"gold_gain":0.0,"event_name":"Bonfire Elementals","player_choice":"Offered Rare","floor":31.0,"gold_loss":0.0,"damage_taken":0.0},{"damage_healed":0.0,"max_hp_gain":0.0,"max_hp_loss":0.0,"gold_gain":0.0,"event_name":"Tomb of Lord Red Mask","player_choice":"Paid","floor":36.0,"gold_loss":151.0,"damage_taken":0.0,"relics_obtained":["Red Mask"]},{"damage_healed":0.0,"max_hp_gain":0.0,"max_hp_loss":0.0,"gold_gain":0.0,"event_name":"MindBloom","player_choice":"Fight","floor":39.0,"gold_loss":0.0,"damage_taken":0.0},{"damage_healed":0.0,"max_hp_gain":0.0,"max_hp_loss":0.0,"gold_gain":0.0,"event_name":"SensoryStone","player_choice":"Memory 1","floor":44.0,"gold_loss":0.0,"damage_taken":0.0}],"is_beta":false,"boss_relics":[{"not_picked":["White Beast Statue","Lizard Tail"],"picked":"Pandora\u0027s Box"},{"not_picked":["Black Star","Orrery"],"picked":"Mark of Pain"}],"items_purged_floors":[4,28],"is_endless":false,"potions_floor_spawned":[8,12,14,16,18,20,33,37,38,39],"ascension_level":15}