{"gold_per_floor":[110,124,42,42,117,117,131,142,220,236,256,272,335,354,354,451,451,467,477,477,477,492,492,97,97,97,97,97,112,145,29,29,29],"floor_reached":33,"playtime":4002,"items_purged":["Strike_G"],"score":259,"play_id":"21b3ca9c-a7dc-41b5-920f-271aa73f8371","local_time":"20190108172337","is_ascension_mode":false,"campfire_choices":[{"data":"Prepared","floor":6,"key":"SMITH"},{"floor":15,"key":"REST"},{"floor":23,"key":"REST"},{"data":"Noxious Fumes","floor":25,"key":"SMITH"},{"data":"Deadly Poison","floor":28,"key":"SMITH"},{"floor":32,"key":"REST"}],"neow_cost":"NONE","seed_source_timestamp":947890495609,"circlet_count":0,"master_deck":["Defend_G","Defend_G","Defend_G","Strike_G","Strike_G","Survivor","Neutralize","Backflip","Prepared+1","Acrobatics","Infinite Blades","Terror","Flying Knee","Flying Knee","Deadly Poison+1","Leg Sweep","Adrenaline","Dodge and Roll+1","Corpse Explosion+1","Poisoned Stab+1","Flying Knee+1","Slice+1","Eviscerate+1","Noxious Fumes+1","Forethought","Bane+1","PiercingWail+1","Noxious Fumes+1"],"relics":["Ring of the Snake","Lantern","Darkstone Periapt","Bronze Scales","Astrolabe","Ornamental Fan","Frozen Egg 2","MawBank"],"potions_floor_usage":[14,16,30,30,33,33],"damage_taken":[{"damage":2,"enemies":"2 Louse","floor":1,"turns":4},{"damage":1,"enemies":"Jaw Worm","floor":2,"turns":5},{"damage":2,"enemies":"Cultist","floor":7,"turns":5},{"damage":0,"enemies":"3 Louse","floor":8,"turns":4},{"damage":9,"enemies":"Large Slime","floor":10,"turns":8},{"damage":6,"enemies":"Lots of Slimes","floor":11,"turns":7},{"damage":0,"enemies":"Looter","floor":12,"turns":3},{"damage":30,"enemies":"Lagavulin Event","floor":13,"turns":7},{"damage":6,"enemies":"Large Slime","floor":14,"turns":5},{"damage":25,"enemies":"Slime Boss","floor":16,"turns":9},{"damage":5,"enemies":"3 Byrds","floor":18,"turns":2},{"damage":13,"enemies":"Shell Parasite","floor":19,"turns":4},{"damage":5,"enemies":"Shelled Parasite and Fungi","floor":22,"turns":4},{"damage":5,"enemies":"Cultist and Chosen","floor":29,"turns":3},{"damage":27,"enemies":"Gremlin Leader","floor":30,"turns":6},{"damage":46,"enemies":"Collector","floor":33,"turns":7}],"seed_played":"3667816434324435924","potions_obtained":[{"floor":10,"key":"FairyPotion"},{"floor":12,"key":"Strength Potion"},{"floor":13,"key":"LiquidBronze"},{"floor":16,"key":"SkillPotion"},{"floor":18,"key":"Weak Potion"},{"floor":22,"key":"LiquidBronze"}],"is_trial":false,"path_per_floor":["M","M","$","?","?","R","M","M","T","M","M","M","?","M","R","B",null,"M","M","?","?","M","R","$","R","T","?","R","M","E","$","R","B"],"character_chosen":"THE_SILENT","items_purchased":["Acrobatics","Infinite Blades","Noxious Fumes","Ornamental Fan","Noxious Fumes+1","SpeedPotion"],"campfire_rested":3,"item_purchase_floors":[3,3,24,24,31,31],"current_hp_per_floor":[68,67,67,67,56,56,54,54,54,45,39,39,9,3,24,7,70,65,52,52,52,47,68,68,68,68,54,54,49,22,22,43,0],"gold":29,"neow_bonus":"RANDOM_COMMON_RELIC","is_prod":false,"is_daily":false,"chose_seed":false,"campfire_upgraded":3,"win_rate":0.0,"timestamp":1546928617,"path_taken":["M","M","$","?","?","R","M","M","T","M","M","M","?","?","R","BOSS","M","M","?","?","M","R","$","R","T","?","R","?","E","$","R","BOSS"],"build_version":"2019-01-03v4","purchased_purges":1,"victory":false,"max_hp_per_floor":[70,70,70,70,70,70,70,70,70,70,70,70,70,70,70,70,70,70,70,70,70,70,70,70,70,70,70,70,70,70,70,70,70],"card_choices":[{"not_picked":["Expertise","Dagger Spray"],"picked":"Backflip","floor":1},{"not_picked":["Dodge and Roll","Underhanded Strike"],"picked":"Prepared","floor":2},{"not_picked":["Expertise","Prepared"],"picked":"Terror","floor":7},{"not_picked":["Dodge and Roll","Heel Hook","Outmaneuver"],"picked":"SKIP","floor":8},{"not_picked":["Bane","Prepared"],"picked":"Flying Knee","floor":10},{"not_picked":["Dagger Spray","Deflect","Escape Plan"],"picked":"SKIP","floor":11},{"not_picked":["Dagger Spray","Deflect","Escape Plan"],"picked":"SKIP","floor":11},{"not_picked":["Heel Hook","Backflip"],"picked":"Flying Knee","floor":12},{"not_picked":["Dagger Spray","Flechettes"],"picked":"Deadly Poison","floor":13},{"not_picked":["Underhanded Strike","Predator"],"picked":"Leg Sweep","floor":14},{"not_picked":["After Image","Doppelganger"],"picked":"Adrenaline","floor":16},{"not_picked":["Heel Hook+1","Underhanded Strike"],"picked":"Flying Knee+1","floor":18},{"not_picked":["Blade Dance","Outmaneuver"],"picked":"Slice+1","floor":19},{"not_picked":["Backflip","Outmaneuver+1"],"picked":"Eviscerate+1","floor":22},{"not_picked":["PiercingWail","Blur"],"picked":"Bane+1","floor":29},{"not_picked":["Corpse Explosion","Dagger Throw+1"],"picked":"PiercingWail+1","floor":30}],"player_experience":44958,"relics_obtained":[{"floor":9,"key":"Darkstone Periapt"},{"floor":26,"key":"Frozen Egg 2"},{"floor":30,"key":"MawBank"}],"event_choices":[{"damage_healed":0,"gold_gain":0,"player_choice":"Ignored","damage_taken":0,"max_hp_gain":0,"max_hp_loss":0,"event_name":"Liars Game","floor":4,"gold_loss":0},{"damage_healed":0,"gold_gain":75,"player_choice":"Gather Gold","damage_taken":11,"max_hp_gain":0,"max_hp_loss":0,"event_name":"World of Goop","floor":5,"gold_loss":0},{"damage_healed":0,"gold_gain":0,"player_choice":"Searched \u00272\u0027 times","damage_taken":0,"relics_obtained":["Bronze Scales"],"max_hp_gain":0,"max_hp_loss":0,"event_name":"Dead Adventurer","floor":13,"gold_loss":0},{"cards_removed":["Strike_G"],"damage_healed":0,"gold_gain":0,"player_choice":"Elegance","damage_taken":0,"max_hp_gain":0,"max_hp_loss":0,"event_name":"Back to Basics","floor":20,"gold_loss":0},{"damage_healed":0,"gold_gain":0,"player_choice":"Ignored","damage_taken":0,"max_hp_gain":0,"max_hp_loss":0,"event_name":"Cursed Tome","floor":21,"gold_loss":0},{"damage_healed":0,"gold_gain":0,"player_choice":"CARD ","damage_taken":14,"max_hp_gain":0,"max_hp_loss":0,"event_name":"Knowing Skull","floor":27,"potions_obtained":[],"gold_loss":0,"cards_obtained":["Forethought"]}],"is_beta":false,"boss_relics":[{"not_picked":["Busted Crown","Snecko Eye"],"picked":"Astrolabe"}],"items_purged_floors":[24],"is_endless":false,"potions_floor_spawned":[10,12,13,16,18,22],"killed_by":"Collector","ascension_level":0}