{"gold_per_floor":[117,127,19,39,49,74,74,102,176,201,201,65,65,86,86,212,212,236,250,270,270,291,291,291],"floor_reached":24,"playtime":936,"items_purged":["Strike_R"],"score":218,"play_id":"a8a5077a-b3f3-4421-9d59-b0a45adc49a3","local_time":"20190511022138","is_ascension_mode":false,"campfire_choices":[{"data":"Inflame","floor":7,"key":"SMITH"},{"floor":15,"key":"REST"},{"floor":23,"key":"REST"}],"neow_cost":"NONE","seed_source_timestamp":570537994588304,"circlet_count":0,"master_deck":["Strike_R","Strike_R","Strike_R","Strike_R","Defend_R","Defend_R","Defend_R","Defend_R","Bash","Twin Strike","Inflame+1","Limit Break","Pommel Strike","Whirlwind","Pummel"],"relics":["Burning Blood","Red Skull","Charon\u0027s Ashes","Question Card","Juzu Bracelet","Golden Idol","Lizard Tail"],"potions_floor_usage":[5,6,8,10,16,16,22,24,24,24],"damage_taken":[{"damage":1,"enemies":"2 Louse","floor":1,"turns":4},{"damage":5,"enemies":"Small Slimes","floor":2,"turns":3},{"damage":6,"enemies":"Cultist","floor":4,"turns":4},{"damage":1,"enemies":"Gremlin Gang","floor":5,"turns":5},{"damage":20,"enemies":"Gremlin Nob","floor":6,"turns":4},{"damage":33,"enemies":"3 Sentries","floor":8,"turns":11},{"damage":26,"enemies":"Lagavulin","floor":10,"turns":4},{"damage":11,"enemies":"Large Slime","floor":14,"turns":2},{"damage":24,"enemies":"Hexaghost","floor":16,"turns":6},{"damage":25,"enemies":"2 Thieves","floor":18,"turns":4},{"damage":44,"enemies":"3 Byrds","floor":19,"turns":6},{"damage":42,"enemies":"Snake Plant","floor":20,"turns":3},{"damage":12,"enemies":"Cultist and Chosen","floor":22,"turns":5},{"damage":39,"enemies":"Gremlin Leader","floor":24,"turns":2}],"seed_played":"5898568971835291110","potions_obtained":[{"floor":0,"key":"Fire Potion"},{"floor":0,"key":"SpeedPotion"},{"floor":0,"key":"Block Potion"},{"floor":1,"key":"Energy Potion"},{"floor":6,"key":"Poison Potion"},{"floor":8,"key":"Regen Potion"},{"floor":14,"key":"Weak Potion"},{"floor":20,"key":"Poison Potion"},{"floor":21,"key":"Poison Potion"},{"floor":21,"key":"Block Potion"},{"floor":22,"key":"Explosive Potion"}],"is_trial":false,"path_per_floor":["M","M","$","M","M","E","R","E","T","E","?","$","?","M","R","B",null,"M","M","M","?","M","R","E"],"character_chosen":"IRONCLAD","items_purchased":["Inflame","Limit Break"],"campfire_rested":2,"item_purchase_floors":[3,12],"current_hp_per_floor":[80,80,80,80,80,66,66,39,39,28,28,28,28,23,45,27,74,55,17,22,22,16,38,0],"gold":291,"neow_bonus":"THREE_SMALL_POTIONS","is_prod":false,"is_daily":false,"chose_seed":false,"campfire_upgraded":1,"win_rate":0,"timestamp":1557534098,"path_taken":["M","M","$","M","M","E","R","E","T","E","?","$","?","M","R","BOSS","M","M","M","?","M","R","E"],"build_version":"2019-01-23","purchased_purges":1,"victory":false,"max_hp_per_floor":[80,80,80,80,80,80,80,80,80,80,80,80,74,74,74,74,74,74,74,74,74,74,74,74],"card_choices":[{"not_picked":["Perfected Strike","Evolve"],"picked":"Twin Strike","floor":1},{"not_picked":["Fiend Fire","Sword Boomerang","Anger"],"picked":"SKIP","floor":2},{"not_picked":["Iron Wave","Entrench","Wild Strike"],"picked":"SKIP","floor":4},{"not_picked":["Havoc","Headbutt","Wild Strike"],"picked":"SKIP","floor":5},{"not_picked":["Seeing Red","Juggernaut","Twin Strike"],"picked":"SKIP","floor":6},{"not_picked":["Shockwave","Anger","Body Slam"],"picked":"SKIP","floor":8},{"not_picked":["Rupture","Sentinel","Shrug It Off","Infernal Blade"],"picked":"SKIP","floor":10},{"not_picked":["Havoc","Thunderclap","Wild Strike","Carnage"],"picked":"SKIP","floor":14},{"not_picked":["True Grit","Warcry","Inflame"],"picked":"Pommel Strike","floor":18},{"not_picked":["Infernal Blade","Thunderclap+1","True Grit+1","Seeing Red"],"picked":"SKIP","floor":19},{"not_picked":["Iron Wave+1","Corruption","Anger"],"picked":"Whirlwind","floor":20},{"not_picked":["Combust+1","Rage+1","Headbutt+1"],"picked":"Pummel","floor":22}],"player_experience":457034,"relics_obtained":[{"floor":6,"key":"Red Skull"},{"floor":8,"key":"Charon\u0027s Ashes"},{"floor":9,"key":"Question Card"},{"floor":10,"key":"Juzu Bracelet"}],"event_choices":[{"damage_healed":0,"gold_gain":0,"player_choice":"Ignored","damage_taken":0,"max_hp_gain":0,"max_hp_loss":0,"event_name":"Shining Light","floor":11,"gold_loss":0},{"damage_healed":0,"gold_gain":0,"player_choice":"Lose Max HP","damage_taken":0,"relics_obtained":["Golden Idol"],"max_hp_gain":0,"max_hp_loss":6,"event_name":"Golden Idol","floor":13,"gold_loss":0},{"damage_healed":0,"gold_gain":0,"player_choice":"Got Potions","damage_taken":0,"max_hp_gain":0,"max_hp_loss":0,"event_name":"Lab","floor":21,"gold_loss":0}],"is_beta":false,"boss_relics":[{"not_picked":["Mark of Pain","Ectoplasm"],"picked":"Lizard Tail"}],"items_purged_floors":[3],"is_endless":false,"potions_floor_spawned":[1,6,8,14,20,22],"killed_by":"Gremlin Leader","ascension_level":0}