{"gold_per_floor":[114,114,114,134,199,224,224,57,125,153,153,171,221,271,271,271],"floor_reached":16,"playtime":2922,"items_purged":[],"score":216,"play_id":"70ae7a95-5eea-4fb2-bab2-be2e4e42a4fc","local_time":"20190330202548","is_ascension_mode":true,"campfire_choices":[{"floor":7,"key":"REST"},{"floor":11,"key":"REST"},{"data":"Footwork","floor":15,"key":"SMITH"}],"neow_cost":"NONE","seed_source_timestamp":255903904241443,"circlet_count":0,"master_deck":["AscendersBane","Defend_G","Defend_G","Defend_G","Defend_G","Defend_G","Strike_G","Strike_G","Strike_G","Strike_G","Survivor","Neutralize+1","Skewer","Backflip","Poisoned Stab","Leg Sweep","Footwork+1","Calculated Gamble","Panacea","All Out Attack","Deflect"],"relics":["Ring of the Snake","NeowsBlessing","SsserpentHead","Bag of Preparation","Mummified Hand","Unceasing Top"],"potions_floor_usage":[6,10],"damage_taken":[{"damage":0,"enemies":"Jaw Worm","floor":1,"turns":1},{"damage":0,"enemies":"Small Slimes","floor":4,"turns":1},{"damage":0,"enemies":"Cultist","floor":5,"turns":1},{"damage":40,"enemies":"Lagavulin","floor":6,"turns":8},{"damage":28,"enemies":"3 Sentries","floor":10,"turns":19},{"damage":13,"enemies":"Lots of Slimes","floor":12,"turns":4},{"damage":16,"enemies":"Hexaghost","floor":16,"turns":11}],"seed_played":"3798459115530334457","potions_obtained":[{"floor":4,"key":"Dexterity Potion"},{"floor":5,"key":"SneckoOil"}],"is_trial":false,"path_per_floor":["M","?","?","M","M","E","R","$","T","E","R","M","?","?","R","B"],"character_chosen":"THE_SILENT","items_purchased":["Footwork","Calculated Gamble","Panacea"],"campfire_rested":2,"item_purchase_floors":[8,8,8],"current_hp_per_floor":[59,59,59,59,59,19,38,38,38,10,29,16,16,16,16,0],"gold":271,"neow_bonus":"THREE_ENEMY_KILL","is_prod":false,"is_daily":false,"chose_seed":false,"campfire_upgraded":1,"win_rate":0,"timestamp":1553973948,"path_taken":["M","?","?","M","?","E","R","?","T","E","R","M","?","?","R","BOSS"],"build_version":"2019-01-23","purchased_purges":0,"victory":false,"max_hp_per_floor":[66,66,66,66,66,66,66,66,66,66,66,66,66,66,66,66],"card_choices":[{"not_picked":["PiercingWail","Underhanded Strike"],"picked":"Skewer","floor":1},{"not_picked":["Dodge and Roll","Sucker Punch"],"picked":"Backflip","floor":4},{"not_picked":["Prepared","Slice"],"picked":"Poisoned Stab","floor":5},{"not_picked":["Bane","Burst"],"picked":"Leg Sweep","floor":6},{"not_picked":["Masterful Stab","Blade Dance"],"picked":"All Out Attack","floor":10},{"not_picked":["Outmaneuver","Blade Dance"],"picked":"Deflect","floor":12}],"player_experience":2993757,"relics_obtained":[{"floor":6,"key":"Bag of Preparation"},{"floor":9,"key":"Mummified Hand"},{"floor":10,"key":"Unceasing Top"}],"event_choices":[{"damage_healed":0,"gold_gain":0,"player_choice":"Grow","damage_taken":0,"max_hp_gain":0,"max_hp_loss":0,"event_name":"Living Wall","floor":2,"gold_loss":0,"cards_upgraded":["Neutralize"]},{"damage_healed":0,"gold_gain":0,"player_choice":"Trade","damage_taken":0,"relics_obtained":["SsserpentHead"],"max_hp_gain":0,"max_hp_loss":0,"event_name":"FaceTrader","floor":3,"gold_loss":0},{"damage_healed":0,"gold_gain":0,"player_choice":"Fled","damage_taken":0,"max_hp_gain":0,"max_hp_loss":0,"event_name":"Scrap Ooze","floor":13,"gold_loss":0},{"cards_removed":["Strike_G"],"damage_healed":0,"gold_gain":0,"player_choice":"Purged","damage_taken":0,"max_hp_gain":0,"max_hp_loss":0,"event_name":"Purifier","floor":14,"gold_loss":0}],"is_beta":false,"boss_relics":[],"items_purged_floors":[],"is_endless":false,"potions_floor_spawned":[4,5],"killed_by":"Hexaghost","ascension_level":20}