{"gold_per_floor":[369,24,34,34,8,8,42,42,42,56,56,80,255,184,184,273,273,293,52,73,88,88],"floor_reached":22,"playtime":1373,"items_purged":["Writhe"],"score":304,"play_id":"b3d41b21-261c-452b-807d-61fd6feb4cfe","local_time":"20190326184613","is_ascension_mode":true,"campfire_choices":[{"data":"Armaments","floor":6.0,"key":"SMITH"},{"floor":8.0,"key":"REST"},{"data":"Spot Weakness","floor":11.0,"key":"SMITH"},{"floor":15.0,"key":"REST"}],"neow_cost":"CURSE","seed_source_timestamp":237694570290518,"circlet_count":0,"master_deck":["AscendersBane","Strike_R","Strike_R","Strike_R","Strike_R","Strike_R","Defend_R","Defend_R","Defend_R","Defend_R","Bash","Warcry","Shrug It Off","Armaments+1","Warcry","Inflame","Spot Weakness+1","Flame Barrier","Doubt","Feed","Disarm","Armaments","Metallicize"],"special_seed":0,"relics":["Burning Blood","Matryoshka","Golden Idol","Bronze Scales","Letter Opener","Dodecahedron","Du-Vu Doll","Sozu","Singing Bowl"],"potions_floor_usage":[],"damage_taken":[{"damage":0.0,"enemies":"Small Slimes","floor":1.0,"turns":3.0},{"damage":5.0,"enemies":"2 Louse","floor":3.0,"turns":4.0},{"damage":51.0,"enemies":"3 Sentries","floor":7.0,"turns":15.0},{"damage":1.0,"enemies":"Cultist","floor":10.0,"turns":4.0},{"damage":9.0,"enemies":"Red Slaver","floor":12.0,"turns":4.0},{"damage":48.0,"enemies":"Hexaghost","floor":16.0,"turns":9.0},{"damage":25.0,"enemies":"Shell Parasite","floor":18.0,"turns":6.0},{"damage":28,"enemies":"Chosen","floor":20,"turns":6},{"damage":34,"enemies":"Centurion and Healer","floor":21,"turns":9},{"damage":32,"enemies":"Snecko","floor":22,"turns":5}],"seed_played":"3231181651014921339","potions_obtained":[{"floor":7.0,"key":"SpeedPotion"},{"floor":12.0,"key":"FairyPotion"}],"is_trial":false,"path_per_floor":["M","$","M","?","$","R","E","R","T","M","R","M","?","?","R","B",null,"M","$","M","M","M"],"character_chosen":"IRONCLAD","items_purchased":["Matryoshka","Shrug It Off","Warcry","Singing Bowl"],"campfire_rested":2,"item_purchase_floors":[2,2,5,19],"current_hp_per_floor":[78,78,79,59,59,59,14,38,38,43,43,40,40,40,64,22,66,50,50,31,14,0],"gold":88,"neow_bonus":"TWO_FIFTY_GOLD","is_prod":false,"is_daily":false,"chose_seed":false,"campfire_upgraded":2,"win_rate":0,"timestamp":1553651173,"path_taken":["M","$","M","?","$","R","E","R","T","M","R","M","?","?","R","BOSS","M","$","M","M","M"],"build_version":"2019-01-23","purchased_purges":1,"victory":false,"max_hp_per_floor":[80,80,80,80,80,80,80,80,80,80,80,80,80,80,80,80,80,83,83,86,89,89],"card_choices":[{"not_picked":["Thunderclap","Shockwave"],"picked":"Warcry","floor":1.0},{"not_picked":["Flex","Iron Wave"],"picked":"Armaments","floor":3.0},{"not_picked":["Sword Boomerang","Fire Breathing"],"picked":"Inflame","floor":7.0},{"not_picked":["Power Through","Cleave"],"picked":"Spot Weakness","floor":10.0},{"not_picked":["Wild Strike","Exhume"],"picked":"Flame Barrier","floor":12.0},{"not_picked":["Offering","Juggernaut"],"picked":"Feed","floor":16.0},{"not_picked":["Clothesline","Seeing Red"],"picked":"Disarm","floor":18.0},{"not_picked":["Bloodletting","Warcry"],"picked":"Armaments","floor":20},{"not_picked":["Spot Weakness","Uppercut+1"],"picked":"Metallicize","floor":21}],"player_experience":550841,"relics_obtained":[{"floor":7.0,"key":"Bronze Scales"},{"floor":9.0,"key":"Letter Opener"},{"floor":9.0,"key":"Dodecahedron"}],"event_choices":[{"damage_healed":0.0,"max_hp_gain":0.0,"max_hp_loss":0.0,"gold_gain":0.0,"event_name":"Golden Idol","player_choice":"Take Damage","floor":4.0,"gold_loss":0.0,"damage_taken":20.0,"relics_obtained":["Golden Idol"]},{"damage_healed":0.0,"max_hp_gain":0.0,"max_hp_loss":0.0,"gold_gain":175.0,"event_name":"Liars Game","player_choice":"AGREE","floor":13.0,"gold_loss":0.0,"damage_taken":0.0,"cards_obtained":["Doubt"]},{"damage_healed":0.0,"max_hp_gain":0.0,"max_hp_loss":0.0,"gold_gain":0.0,"event_name":"WeMeetAgain","player_choice":"Paid Gold","floor":14.0,"gold_loss":71.0,"damage_taken":0.0,"relics_obtained":["Du-Vu Doll"]}],"is_beta":false,"boss_relics":[{"not_picked":["Snecko Eye","Pandora\u0027s Box"],"picked":"Sozu"}],"items_purged_floors":[2],"is_endless":false,"potions_floor_spawned":[7,12,16,21],"killed_by":"Snecko","ascension_level":13}