{"gold_per_floor":[116,126,201,38,55,55,71,71,71,71,88,88],"floor_reached":12,"playtime":749,"items_purged":["Strike_G"],"score":140,"play_id":"ea8bf7bf-1ff2-4c69-b38e-23f87203fa77","local_time":"20190407030003","is_ascension_mode":true,"campfire_choices":[{"data":"Neutralize","floor":6,"key":"SMITH"},{"data":"Well Laid Plans","floor":8,"key":"SMITH"},{"data":"Backflip","floor":10,"key":"SMITH"}],"neow_cost":"NONE","seed_source_timestamp":882942139291165,"circlet_count":0,"master_deck":["AscendersBane","Defend_G","Defend_G","Defend_G","Defend_G","Defend_G","Strike_G","Strike_G","Strike_G","Strike_G","Survivor","Neutralize+1","Underhanded Strike","Deadly Poison","Well Laid Plans+1","PiercingWail","Backflip+1","Bouncing Flask"],"relics":["Ring of the Snake","NeowsBlessing"],"potions_floor_usage":[12],"damage_taken":[{"damage":0,"enemies":"Cultist","floor":1,"turns":1},{"damage":0,"enemies":"2 Louse","floor":2,"turns":1},{"damage":0,"enemies":"Jaw Worm","floor":5,"turns":1},{"damage":9,"enemies":"3 Louse","floor":7,"turns":4},{"damage":8,"enemies":"2 Fungi Beasts","floor":11,"turns":5},{"damage":52,"enemies":"Gremlin Nob","floor":12,"turns":4}],"seed_played":"-637738266095959558","potions_obtained":[{"floor":11,"key":"Dexterity Potion"}],"is_trial":false,"path_per_floor":["M","M","?","$","M","R","M","R","T","R","M","E"],"character_chosen":"THE_SILENT","items_purchased":["Well Laid Plans"],"campfire_rested":0,"item_purchase_floors":[4],"current_hp_per_floor":[59,59,48,48,48,48,39,39,39,39,31,0],"gold":88,"neow_bonus":"THREE_ENEMY_KILL","is_prod":false,"is_daily":false,"chose_seed":false,"campfire_upgraded":3,"win_rate":0,"timestamp":1554598803,"path_taken":["M","?","?","$","M","R","M","R","T","R","M","E"],"build_version":"2019-01-23","purchased_purges":1,"victory":false,"max_hp_per_floor":[66,66,66,66,66,66,66,66,66,66,66,66],"card_choices":[{"not_picked":["Dodge and Roll","Prepared"],"picked":"Underhanded Strike","floor":1},{"not_picked":["Accuracy","Finisher"],"picked":"Deadly Poison","floor":2},{"not_picked":["Dagger Throw","Dodge and Roll"],"picked":"PiercingWail","floor":5},{"not_picked":["Sucker Punch","Outmaneuver"],"picked":"Backflip","floor":7},{"not_picked":["Dodge and Roll","Underhanded Strike"],"picked":"Bouncing Flask","floor":11}],"player_experience":3042458,"relics_obtained":[],"event_choices":[{"damage_healed":0,"gold_gain":75,"player_choice":"Gather Gold","damage_taken":11,"max_hp_gain":0,"max_hp_loss":0,"event_name":"World of Goop","floor":3,"gold_loss":0}],"is_beta":false,"boss_relics":[],"items_purged_floors":[4],"is_endless":false,"potions_floor_spawned":[11],"killed_by":"Gremlin Nob","ascension_level":20}