{"gold_per_floor":[117,131,12,12,12,12,12,25,52,73,73,104,129,149,149,149],"floor_reached":16,"playtime":609,"items_purged":[],"score":128,"play_id":"69a06ae8-6280-4d60-af69-05838dc067ec","local_time":"20190427083107","is_ascension_mode":true,"campfire_choices":[{"data":"Entrench","floor":6,"key":"SMITH"},{"data":"Body Slam","floor":11,"key":"SMITH"},{"floor":15,"key":"REST"}],"neow_cost":"NONE","seed_source_timestamp":79465484540304,"circlet_count":0,"master_deck":["Strike_R","Strike_R","Strike_R","Strike_R","Defend_R","Defend_R","Defend_R","Defend_R","Bash","Metallicize+1","Entrench+1","Shrug It Off","Body Slam+1","Rage","Shrug It Off"],"relics":["Burning Blood","Golden Idol","Smiling Mask","Blood Vial"],"potions_floor_usage":[16],"damage_taken":[{"damage":1,"enemies":"Jaw Worm","floor":1,"turns":5},{"damage":6,"enemies":"Cultist","floor":2,"turns":3},{"damage":0,"enemies":"2 Louse","floor":8,"turns":2},{"damage":7,"enemies":"2 Fungi Beasts","floor":10,"turns":5},{"damage":43,"enemies":"Lagavulin","floor":12,"turns":13},{"damage":10,"enemies":"Large Slime","floor":13,"turns":7},{"damage":1,"enemies":"3 Louse","floor":14,"turns":4},{"damage":60,"enemies":"Hexaghost","floor":16,"turns":13}],"seed_played":"3551820121043519525","potions_obtained":[{"floor":12,"key":"Ancient Potion"},{"floor":13,"key":"GamblersBrew"}],"is_trial":false,"path_per_floor":["?","?","M"],"character_chosen":"IRONCLAD","items_purchased":["Entrench","Shrug It Off"],"campfire_rested":1,"item_purchase_floors":[3,3],"current_hp_per_floor":[80,80,80,60,60,60,60,66,66,65,65,28,26,33,57,0],"gold":149,"neow_bonus":"REMOVE_CARD","is_prod":false,"is_daily":false,"chose_seed":false,"campfire_upgraded":2,"win_rate":0,"timestamp":1556346667,"path_taken":["M","M","$","?","?","R","$","M","T","M","R","E","M","?","R","BOSS"],"build_version":"2019-01-23","purchased_purges":0,"victory":false,"max_hp_per_floor":[80,80,80,80,80,80,80,80,80,80,80,80,80,80,80,80],"card_choices":[{"not_picked":["Anger","True Grit"],"picked":"Metallicize","floor":1},{"not_picked":["Sword Boomerang","Clash","Second Wind"],"picked":"SKIP","floor":2},{"not_picked":["Anger","Clothesline","Fire Breathing"],"picked":"SKIP","floor":8},{"not_picked":["Immolate","Wild Strike"],"picked":"Body Slam","floor":10},{"not_picked":["Double Tap","Iron Wave"],"picked":"Rage","floor":12},{"not_picked":["Flex","Bloodletting"],"picked":"Shrug It Off","floor":13},{"not_picked":["Rupture","Cleave","Heavy Blade"],"picked":"SKIP","floor":14}],"player_experience":164840,"relics_obtained":[{"floor":9,"key":"Smiling Mask"},{"floor":12,"key":"Blood Vial"}],"event_choices":[{"damage_healed":0,"gold_gain":0,"player_choice":"Take Damage","damage_taken":20,"relics_obtained":["Golden Idol"],"max_hp_gain":0,"max_hp_loss":0,"event_name":"Golden Idol","floor":4,"gold_loss":0},{"damage_healed":0,"gold_gain":0,"player_choice":"Upgraded","damage_taken":0,"max_hp_gain":0,"max_hp_loss":0,"event_name":"Upgrade Shrine","floor":5,"gold_loss":0,"cards_upgraded":["Metallicize"]}],"is_beta":false,"boss_relics":[],"items_purged_floors":[],"is_endless":false,"potions_floor_spawned":[12,13],"killed_by":"Hexaghost","ascension_level":5}