{"gold_per_floor":[112,23,23,36,36,36,71,83,106,137,137,172,172,182,182,256,256,269,17,37,37,37,37,70,82],"floor_reached":25,"playtime":3942,"items_purged":[],"score":524,"play_id":"8d96b7e2-6663-4f19-bfd6-c1bc3d15a15a","local_time":"20190220180720","is_ascension_mode":true,"campfire_choices":[{"data":"Neutralize","floor":6,"key":"SMITH"},{"floor":11,"key":"REST"},{"data":"Burst","floor":13,"key":"SMITH"},{"data":"Caltrops","floor":15,"key":"SMITH"},{"floor":23,"key":"REST"}],"neow_cost":"NONE","seed_source_timestamp":582839254148837,"circlet_count":0,"master_deck":["AscendersBane","Defend_G+1","Defend_G","Defend_G","Defend_G","Defend_G+1","Survivor","Neutralize+1","Predator+1","Footwork","Backflip+1","Unload","Escape Plan","Footwork","Calculated Gamble","Burst+1","Caltrops+1","After Image","Choke+1","Setup+1","Night Terror+1","Deadly Poison","Noxious Fumes","Deflect","Decay","Distraction"],"relics":["Ring of the Snake","NeowsBlessing","War Paint","Regal Pillow","Blue Candle","Pantograph","Astrolabe","Snake Skull","MawBank"],"potions_floor_usage":[10,10,10,14,16,16,24,24],"damage_taken":[{"damage":0,"enemies":"Small Slimes","floor":1,"turns":1},{"damage":0,"enemies":"Jaw Worm","floor":4,"turns":1},{"damage":0,"enemies":"Gremlin Nob","floor":7,"turns":1},{"damage":0,"enemies":"Cultist","floor":8,"turns":3},{"damage":19,"enemies":"Lagavulin","floor":10,"turns":5},{"damage":12,"enemies":"3 Sentries","floor":12,"turns":10},{"damage":0,"enemies":"Lots of Slimes","floor":14,"turns":6},{"damage":39,"enemies":"Hexaghost","floor":16,"turns":9},{"damage":4,"enemies":"Shell Parasite","floor":18,"turns":9},{"damage":31,"enemies":"Spheric Guardian","floor":20,"turns":7},{"damage":53,"enemies":"Slavers","floor":24,"turns":5},{"damage":3,"enemies":"Snake Plant","floor":25,"turns":2}],"seed_played":"6071669290154673121","potions_obtained":[{"floor":1,"key":"EntropicBrew"},{"floor":8,"key":"Poison Potion"},{"floor":12,"key":"FearPotion"},{"floor":14,"key":"FearPotion"},{"floor":16,"key":"Fire Potion"},{"floor":18,"key":"Explosive Potion"}],"is_trial":false,"path_per_floor":["M","$","?","M","?","R","E","M","T","E","R","E","R","M","R","B",null,"M","$","M","?","?","R","E","M"],"character_chosen":"THE_SILENT","items_purchased":["Footwork","Noxious Fumes","Snake Skull"],"campfire_rested":2,"item_purchase_floors":[2,19,19],"current_hp_per_floor":[59,59,39,39,39,39,39,39,39,20,54,42,42,42,42,27,56,52,52,21,21,21,55,2,0],"gold":82,"neow_bonus":"THREE_ENEMY_KILL","is_prod":false,"is_daily":false,"chose_seed":false,"campfire_upgraded":3,"win_rate":0,"timestamp":1550682440,"path_taken":["M","$","?","M","?","R","E","M","T","E","R","E","R","?","R","BOSS","M","?","M","?","?","R","E","?"],"build_version":"2019-01-23","purchased_purges":0,"victory":false,"max_hp_per_floor":[66,66,66,66,66,66,66,66,66,66,66,66,66,66,66,66,66,66,66,66,66,66,66,66,66],"card_choices":[{"not_picked":["Concentrate","Acrobatics"],"picked":"Predator","floor":1},{"not_picked":["Bane","Prepared"],"picked":"Backflip","floor":4},{"not_picked":["Predator","Outmaneuver"],"picked":"Escape Plan","floor":7},{"not_picked":["Dagger Spray","Eviscerate"],"picked":"Footwork","floor":8},{"not_picked":["Masterful Stab","Poisoned Stab"],"picked":"Calculated Gamble","floor":10},{"not_picked":["Backflip","Sucker Punch"],"picked":"Burst","floor":12},{"not_picked":["Underhanded Strike","Bouncing Flask"],"picked":"Caltrops","floor":14},{"not_picked":["Venomology","Burst"],"picked":"After Image","floor":16},{"not_picked":["Blade Dance","Flying Knee"],"picked":"Deadly Poison","floor":18},{"not_picked":["Bane","Endless Agony+1"],"picked":"Deflect","floor":20},{"not_picked":["Choke","Slice","Quick Slash"],"picked":"SKIP","floor":24}],"player_experience":2799770,"relics_obtained":[{"floor":7,"key":"War Paint"},{"floor":9,"key":"Regal Pillow"},{"floor":10,"key":"Blue Candle"},{"floor":12,"key":"Pantograph"},{"floor":24,"key":"MawBank"}],"event_choices":[{"damage_healed":0,"gold_gain":0,"player_choice":"Entered Light","damage_taken":20,"max_hp_gain":0,"max_hp_loss":0,"event_name":"Shining Light","floor":3,"gold_loss":0,"cards_upgraded":["Predator","Defend_G"]},{"damage_healed":0,"gold_gain":0,"cards_transformed":["Strike_G"],"player_choice":"Transformed","damage_taken":0,"max_hp_gain":0,"max_hp_loss":0,"event_name":"Transmorgrifier","floor":5,"gold_loss":0,"cards_obtained":["Unload"]},{"damage_healed":0,"gold_gain":0,"player_choice":"Smashed Altar","damage_taken":0,"max_hp_gain":0,"max_hp_loss":0,"event_name":"Forgotten Altar","floor":21,"gold_loss":0,"cards_obtained":["Decay"]},{"damage_healed":0,"gold_gain":0,"cards_transformed":["Strike_G"],"player_choice":"Transformed","damage_taken":0,"max_hp_gain":0,"max_hp_loss":0,"event_name":"Transmorgrifier","floor":22,"gold_loss":0,"cards_obtained":["Distraction"]}],"is_beta":false,"boss_relics":[{"not_picked":["Orrery","Pandora\u0027s Box"],"picked":"Astrolabe"}],"items_purged_floors":[],"is_endless":false,"potions_floor_spawned":[1,8,12,14,16,18],"killed_by":"Snake Plant","ascension_level":20}