{"gold_per_floor":[110,34,34,113,128,160,160,9,9,38,56,56,115,145,145,248,248,263,82,82,5,25,25],"floor_reached":23,"playtime":898,"items_purged":["Strike_G","Strike_G"],"score":277,"play_id":"7ee8c443-eb37-4cd8-9d4b-c9f30fd383ad","local_time":"20190507110933","is_ascension_mode":true,"campfire_choices":[{"floor":7,"key":"REST"},{"data":"Noxious Fumes","floor":12,"key":"SMITH"},{"floor":15,"key":"REST"}],"neow_cost":"PERCENT_DAMAGE","seed_source_timestamp":952644215744274,"circlet_count":0,"master_deck":["Defend_G","Defend_G+1","Defend_G","Defend_G+1","Defend_G","Strike_G","Strike_G+1","Strike_G+1","Survivor","Neutralize","Corpse Explosion","Dash","Noxious Fumes+1","Flying Knee","PiercingWail","Backflip","Malaise","Noxious Fumes","Skewer","Tactician+1","Backstab","Bullet Time","Deflect"],"relics":["Ring of the Snake","Mummified Hand","Regal Pillow","Whetstone","War Paint","Ornamental Fan","Bottled Flame","Orrery"],"potions_floor_usage":[5,13,13,16],"damage_taken":[{"damage":6,"enemies":"2 Louse","floor":1,"turns":2},{"damage":0,"enemies":"Jaw Worm","floor":5,"turns":4},{"damage":19,"enemies":"Gremlin Nob","floor":6,"turns":5},{"damage":17,"enemies":"3 Sentries","floor":10,"turns":3},{"damage":0,"enemies":"Cultist","floor":11,"turns":3},{"damage":7,"enemies":"Lagavulin Event","floor":13,"turns":6},{"damage":11,"enemies":"Lagavulin","floor":14,"turns":7},{"damage":36,"enemies":"The Guardian","floor":16,"turns":9},{"damage":16,"enemies":"Shell Parasite","floor":18,"turns":7},{"damage":6,"enemies":"2 Thieves","floor":22,"turns":3},{"damage":64,"enemies":"Gremlin Leader","floor":23,"turns":5}],"seed_played":"-9089876489449439482","potions_obtained":[{"floor":1,"key":"EssenceOfSteel"},{"floor":10,"key":"SpeedPotion"},{"floor":11,"key":"AttackPotion"},{"floor":14,"key":"Poison Potion"}],"is_trial":false,"path_per_floor":["?","T","M","?","?"],"character_chosen":"THE_SILENT","items_purchased":["Noxious Fumes","GhostInAJar","Backstab","Bullet Time"],"campfire_rested":2,"item_purchase_floors":[2,8,19,21],"current_hp_per_floor":[39,39,39,39,39,20,56,56,56,39,39,39,32,21,57,21,58,42,42,65,65,59,0],"gold":25,"neow_bonus":"THREE_RARE_CARDS","is_prod":false,"is_daily":false,"chose_seed":false,"campfire_upgraded":1,"win_rate":0,"timestamp":1557220173,"path_taken":["M","$","?","?","?","E","R","$","T","E","M","R","?","E","R","BOSS","M","$","?","$","M","E"],"build_version":"2019-01-23","purchased_purges":2,"victory":false,"max_hp_per_floor":[70,70,70,70,70,70,70,70,70,70,70,70,70,70,70,70,70,70,70,70,70,70,70],"card_choices":[{"not_picked":["Envenom","Tools of the Trade"],"picked":"Corpse Explosion","floor":0},{"not_picked":["All Out Attack","Backflip"],"picked":"Dash","floor":1},{"not_picked":["Prepared","Blur"],"picked":"Flying Knee","floor":5},{"not_picked":["Slice","Underhanded Strike"],"picked":"PiercingWail","floor":6},{"not_picked":["Cloak And Dagger","Doppelganger"],"picked":"Backflip","floor":10},{"not_picked":["Endless Agony","Prepared","Sucker Punch"],"picked":"SKIP","floor":11},{"not_picked":["Prepared","Riddle With Holes","Cloak And Dagger"],"picked":"SKIP","floor":14},{"not_picked":["Unload","Phantasmal Killer"],"picked":"Malaise","floor":16},{"not_picked":["Deflect","Slice"],"picked":"Noxious Fumes","floor":17},{"not_picked":["Underhanded Strike","Infinite Blades"],"picked":"Skewer","floor":17},{"not_picked":["Backflip","Poisoned Stab"],"picked":"Tactician+1","floor":18},{"not_picked":["Masterful Stab","Bane"],"picked":"Deflect","floor":22}],"player_experience":243723,"relics_obtained":[{"floor":4,"key":"Mummified Hand"},{"floor":6,"key":"Regal Pillow"},{"floor":9,"key":"Whetstone"},{"floor":10,"key":"War Paint"},{"floor":13,"key":"Ornamental Fan"},{"floor":14,"key":"Bottled Flame"}],"event_choices":[{"damage_healed":0,"gold_gain":0,"player_choice":"Leave","damage_taken":0,"max_hp_gain":0,"max_hp_loss":0,"event_name":"The Cleric","floor":3,"gold_loss":0},{"damage_healed":0,"gold_gain":0,"player_choice":"Searched \u00271\u0027 times","damage_taken":0,"max_hp_gain":0,"max_hp_loss":0,"event_name":"Dead Adventurer","floor":13,"gold_loss":0},{"damage_healed":23,"gold_gain":0,"player_choice":"Heal","damage_taken":0,"max_hp_gain":0,"max_hp_loss":0,"event_name":"The Library","floor":20,"gold_loss":0}],"is_beta":false,"boss_relics":[{"not_picked":["WristBlade","Eternal Feather"],"picked":"Orrery"}],"items_purged_floors":[8,19],"is_endless":false,"potions_floor_spawned":[1,10,11,14],"killed_by":"Gremlin Leader","ascension_level":7}