{"gold_per_floor":[115,36,46,60,75,75,103,113,136,67,83,83],"floor_reached":12,"playtime":387,"items_purged":[],"score":86,"play_id":"4dc8e29a-34bb-434d-ae79-726b4948e6f4","local_time":"20190416070152","is_ascension_mode":true,"campfire_choices":[{"data":"Genetic Algorithm","floor":6,"key":"SMITH"}],"neow_cost":"NONE","seed_source_timestamp":180578240315903,"circlet_count":0,"master_deck":["Strike_B","Strike_B","Strike_B","Strike_B","Defend_B","Defend_B","Defend_B","Defend_B","Zap","Dualcast","Ball Lightning","Hologram","Tempest","Genetic Algorithm+1","Conserve Battery","Defragment","Hologram","Tempest","Sweeping Beam"],"relics":["Cracked Core","PreservedInsect"],"potions_floor_usage":[],"damage_taken":[{"damage":0,"enemies":"Cultist","floor":1,"turns":3},{"damage":0,"enemies":"Small Slimes","floor":3,"turns":2},{"damage":8,"enemies":"2 Louse","floor":4,"turns":2},{"damage":13,"enemies":"2 Fungi Beasts","floor":5,"turns":4},{"damage":35,"enemies":"3 Sentries","floor":7,"turns":7},{"damage":7,"enemies":"Blue Slaver","floor":8,"turns":3},{"damage":0,"enemies":"Looter","floor":11,"turns":4},{"damage":17,"enemies":"Gremlin Nob","floor":12,"turns":3}],"seed_played":"-1741250824100278349","potions_obtained":[{"floor":1,"key":"Weak Potion"},{"floor":4,"key":"SpeedPotion"}],"is_trial":false,"path_per_floor":["M"],"character_chosen":"DEFECT","items_purchased":["Tempest","Tempest"],"campfire_rested":0,"item_purchase_floors":[2,10],"current_hp_per_floor":[75,75,75,67,54,54,19,12,12,12,12,0],"gold":83,"neow_bonus":"THREE_CARDS","is_prod":false,"is_daily":false,"chose_seed":false,"campfire_upgraded":1,"win_rate":0,"timestamp":1555390912,"path_taken":["M","$","?","M","M","R","E","M","T","$","M","E"],"build_version":"2019-01-23","purchased_purges":0,"victory":false,"max_hp_per_floor":[75,75,75,75,75,75,75,75,75,75,75,75],"card_choices":[{"not_picked":["Stack","Gash"],"picked":"Ball Lightning","floor":0},{"not_picked":["Heatsinks","Capacitor"],"picked":"Hologram","floor":1},{"not_picked":["Gash","Go for the Eyes"],"picked":"Genetic Algorithm","floor":3},{"not_picked":["Cold Snap","Static Discharge"],"picked":"Conserve Battery","floor":4},{"not_picked":["Steam","Consume","Compile Driver"],"picked":"SKIP","floor":5},{"not_picked":["Creative AI","Melter"],"picked":"Defragment","floor":7},{"not_picked":["Go for the Eyes","Redo"],"picked":"Hologram","floor":8},{"not_picked":["Cold Snap","Genetic Algorithm"],"picked":"Sweeping Beam","floor":11}],"player_experience":78216,"relics_obtained":[{"floor":7,"key":"PreservedInsect"}],"event_choices":[],"is_beta":false,"boss_relics":[],"items_purged_floors":[],"is_endless":false,"potions_floor_spawned":[1,4],"killed_by":"Gremlin Nob","ascension_level":1}