{"gold_per_floor":[109,122,133,145,164,164,195,195,195,195,195,195,195,206,206,302,302,317,279,194,211,221,221,249,249,274,199,213,213],"floor_reached":29,"playtime":1520,"items_purged":["Strike_B"],"score":245,"play_id":"e7a0fbec-4a18-471f-ae73-192619110b42","local_time":"20190325172322","is_ascension_mode":false,"campfire_choices":[{"data":"Redo","floor":6,"key":"SMITH"},{"floor":11,"key":"REST"},{"data":"Redo","floor":13,"key":"SMITH"},{"floor":15,"key":"REST"},{"floor":23,"key":"REST"}],"neow_cost":"NONE","seed_source_timestamp":463701133986914,"circlet_count":0,"master_deck":["Strike_B","Strike_B","Strike_B","Defend_B","Defend_B","Defend_B","Defend_B","Zap","Dualcast","Redo+1","Thunder Strike","Capacitor","Hologram","Redo+1","Ball Lightning","Tempest","Electrodynamics","BootSequence","Seek","Loop","Sweeping Beam","Loop+1","Stack","Redo+1","Conserve Battery+1","Hologram","Barrage+1"],"relics":["Cracked Core","WingedGreaves","Question Card","Prayer Wheel","Velvet Choker","Peace Pipe","Pantograph","Dream Catcher"],"potions_floor_usage":[7,16,24,29,29],"damage_taken":[{"damage":3,"enemies":"Cultist","floor":1,"turns":5},{"damage":0,"enemies":"2 Louse","floor":2,"turns":2},{"damage":7,"enemies":"Small Slimes","floor":3,"turns":4},{"damage":24,"enemies":"3 Louse","floor":4,"turns":5},{"damage":15,"enemies":"Large Slime","floor":5,"turns":6},{"damage":32,"enemies":"Lagavulin","floor":7,"turns":8},{"damage":9,"enemies":"Blue Slaver","floor":14,"turns":3},{"damage":48,"enemies":"Hexaghost","floor":16,"turns":9},{"damage":14,"enemies":"Shell Parasite","floor":18,"turns":5},{"damage":30,"enemies":"2 Thieves","floor":21,"turns":5},{"damage":24,"enemies":"Chosen and Byrds","floor":22,"turns":6},{"damage":6,"enemies":"Gremlin Leader","floor":24,"turns":6},{"damage":18,"enemies":"Shelled Parasite and Fungi","floor":28,"turns":5},{"damage":20,"enemies":"Sentry and Sphere","floor":29,"turns":3}],"seed_played":"-4144101233450100620","potions_obtained":[{"floor":2,"key":"Explosive Potion"},{"floor":14,"key":"FearPotion"},{"floor":16,"key":"Strength Potion"},{"floor":24,"key":"SpeedPotion"},{"floor":28,"key":"Dexterity Potion"}],"is_trial":false,"path_per_floor":["M","?","?","?","?","?"],"character_chosen":"DEFECT","items_purchased":["Loop"],"campfire_rested":3,"item_purchase_floors":[19],"current_hp_per_floor":[79,79,72,48,33,33,1,1,1,28,52,52,52,43,67,19,82,68,68,68,38,14,38,32,32,32,32,14,0],"gold":213,"neow_bonus":"TEN_PERCENT_HP_BONUS","is_prod":false,"is_daily":false,"chose_seed":false,"campfire_upgraded":2,"win_rate":0.0,"timestamp":1553531002,"path_taken":["M","?","M","M","M","R","E","?","T","?","R","?","R","M","R","BOSS","M","$","?","M","M","R","E","?","T","$","M","M"],"build_version":"2019-01-23","purchased_purges":1,"victory":false,"max_hp_per_floor":[82,82,82,82,82,82,82,82,82,82,82,82,82,82,82,82,82,82,82,82,82,82,82,82,82,82,82,82,82],"card_choices":[{"not_picked":["Force Field","Turbo"],"picked":"Redo","floor":1},{"not_picked":["Rebound","Go for the Eyes"],"picked":"Thunder Strike","floor":2},{"not_picked":["Gash","Defragment"],"picked":"Capacitor","floor":3},{"not_picked":["Barrage","Rebound"],"picked":"Hologram","floor":4},{"not_picked":["Leap","Compile Driver"],"picked":"Redo","floor":5},{"not_picked":["Multi-Cast","Auto Shields","Lockon"],"picked":"SKIP","floor":7},{"not_picked":["Compile Driver","Force Field","Steam"],"picked":"Ball Lightning","floor":14},{"not_picked":["Leap","Steam Power","Redo"],"picked":"Tempest","floor":14},{"not_picked":["Biased Cognition","All For One","Rainbow"],"picked":"Electrodynamics","floor":16},{"not_picked":["Coolheaded","Leap","Barrage+1"],"picked":"BootSequence","floor":18},{"not_picked":["Leap","Steam","Barrage+1"],"picked":"Seek","floor":18},{"not_picked":["Aggregate+1","Go for the Eyes","White Noise"],"picked":"Sweeping Beam","floor":21},{"not_picked":["Cold Snap+1","Steam Power","Chaos"],"picked":"Loop+1","floor":21},{"not_picked":["Reprogram","Doom and Gloom","Static Discharge"],"picked":"Stack","floor":22},{"not_picked":["Melter+1","Doom and Gloom","Leap"],"picked":"Redo+1","floor":22},{"not_picked":["Leap","Amplify","Turbo"],"picked":"Conserve Battery+1","floor":24},{"not_picked":["Storm+1","Melter","Barrage"],"picked":"Hologram","floor":28},{"not_picked":["Rebound","Thunder Strike","White Noise"],"picked":"Barrage+1","floor":28}],"player_experience":28864,"relics_obtained":[{"floor":7,"key":"WingedGreaves"},{"floor":9,"key":"Prayer Wheel"},{"floor":24,"key":"Pantograph"},{"floor":26,"key":"Dream Catcher"}],"event_choices":[{"damage_healed":0,"gold_gain":0,"player_choice":"Searched \u00271\u0027 times","damage_taken":0,"relics_obtained":["Question Card"],"max_hp_gain":0,"max_hp_loss":0,"event_name":"Dead Adventurer","floor":8,"gold_loss":0},{"damage_healed":27,"gold_gain":0,"player_choice":"Banana","damage_taken":0,"max_hp_gain":0,"max_hp_loss":0,"event_name":"Big Fish","floor":10,"gold_loss":0},{"damage_healed":0,"gold_gain":0,"player_choice":"Ignored","damage_taken":0,"max_hp_gain":0,"max_hp_loss":0,"event_name":"Golden Idol","floor":12,"gold_loss":0},{"damage_healed":0,"gold_gain":0,"player_choice":"Obtained Relic","damage_taken":0,"relics_obtained":["Peace Pipe"],"max_hp_gain":0,"max_hp_loss":0,"event_name":"Addict","floor":20,"gold_loss":85},{"damage_healed":0,"gold_gain":0,"player_choice":"Ignored","damage_taken":0,"max_hp_gain":0,"max_hp_loss":0,"event_name":"N\u0027loth","floor":25,"gold_loss":0}],"is_beta":false,"boss_relics":[{"not_picked":["Empty Cage","Orrery"],"picked":"Velvet Choker"}],"items_purged_floors":[27],"is_endless":false,"potions_floor_spawned":[2,14,16,24,28],"killed_by":"Sentry and Sphere","ascension_level":0}