{"path_per_floor":["M","M","?","M","$","E","M","R","T","R","?","E","R","$","R","B",null,"M","M","M","M","$","R","?","E","T","E","R","M","E","M","R"],"character_chosen":"DEFECT","items_purchased":["Streamline","Ball Lightning","All For One"],"gold_per_floor":[111,128,128,142,15,48,67,67,141,141,241,274,274,120,120,221,251,268,284,300,316,115,115,115,140,140,167,167,186,218,234,234,234],"floor_reached":33,"campfire_rested":5,"playtime":3062,"item_purchase_floors":[],"current_hp_per_floor":[75,75,75,72,72,47,43,65,65,65,65,48,70,70,70,48,80,80,68,47,31,31,55,55,45,45,4,28,21,4,6,30,0],"items_purged":["Strike_B","Strike_B","Strike_B"],"gold":234,"score":315,"play_id":"f6268dfa-a9b8-4062-ac5e-94a8edc8012c","local_time":"20180520215441","is_prod":false,"is_daily":false,"chose_seed":false,"is_ascension_mode":false,"campfire_upgraded":2,"timestamp":1526867681,"campfire_choices":[{"floor":32,"key":"REST"}],"path_taken":["M","M","?","M","$","E","M","R","T","R","?","E","R","$","R","BOSS","M","M","M","M","$","R","?","E","T","E","R","M","E","M","R","BOSS"],"build_version":"2018-05-18","seed_source_timestamp":0,"purchased_purges":3,"victory":false,"master_deck":["Strike_B+1","Defend_B","Defend_B","Defend_B","Defend_B","Zap+1","Dualcast","Sweeping Beam","Lockon","Beam Cell","Streamline","Multi-Cast+1","Axe Kick","Cold Snap","Ball Lightning","Fusion","BootSequence","Beam Cell","FTL+1","Fission","All For One","Reboot","Go for the Eyes","Coolheaded","Tempest","Stack"],"max_hp_per_floor":[75,75,75,75,75,75,75,75,75,75,75,75,75,75,75,75,80,80,80,80,80,80,80,80,80,80,80,80,80,80,80,80,80],"relics":["Cracked Core","Thread and Needle","Gremlin Horn","Pen Nib","Tiny House","Sundial","Gambling Chip","Blood Vial","Juzu Bracelet"],"card_choices":[{"not_picked":["Stack","Go for the Eyes"],"picked":"Sweeping Beam","floor":1.0},{"not_picked":["Loop","Stack"],"picked":"Lockon","floor":2.0},{"not_picked":["Gash","Impulse"],"picked":"Beam Cell","floor":4.0},{"not_picked":["Reprogram","BootSequence"],"picked":"Multi-Cast","floor":6.0},{"not_picked":["Genetic Algorithm","Skim"],"picked":"Axe Kick","floor":7.0},{"not_picked":["Axe Kick","Beam Cell"],"picked":"Cold Snap","floor":12.0},{"not_picked":["Seek","Fission"],"picked":"Fusion","floor":16.0},{"not_picked":["Hologram","Leap"],"picked":"BootSequence","floor":17.0},{"not_picked":["Skim","Genetic Algorithm"],"picked":"Beam Cell","floor":19.0},{"not_picked":["Aggregate","Sweeping Beam"],"picked":"FTL","floor":20.0},{"not_picked":["Scrape","Barrage"],"picked":"Fission","floor":21.0},{"not_picked":["Coolheaded","Barrage"],"picked":"Reboot","floor":25.0},{"not_picked":["Axe Kick","Skim"],"picked":"Go for the Eyes","floor":27.0},{"not_picked":["Blizzard","Skim"],"picked":"Coolheaded","floor":29},{"not_picked":["Rip and Tear","Streamline+1"],"picked":"Tempest","floor":30},{"not_picked":["Capacitor","Melter"],"picked":"Stack","floor":31}],"player_experience":4006,"potions_floor_usage":[30,30],"damage_taken":[{"damage":0.0,"enemies":"2 Louse","floor":1.0,"turns":4.0},{"damage":0.0,"enemies":"Cultist","floor":2.0,"turns":4.0},{"damage":3.0,"enemies":"Jaw Worm","floor":4.0,"turns":3.0},{"damage":25.0,"enemies":"3 Sentries","floor":6.0,"turns":6.0},{"damage":4.0,"enemies":"Gremlin Gang","floor":7.0,"turns":3.0},{"damage":17.0,"enemies":"Lagavulin","floor":12.0,"turns":5.0},{"damage":37.0,"enemies":"Hexaghost","floor":16.0,"turns":9.0},{"damage":0.0,"enemies":"3 Byrds","floor":18.0,"turns":4.0},{"damage":12.0,"enemies":"Spheric Guardian","floor":19.0,"turns":4.0},{"damage":21.0,"enemies":"Snecko","floor":20.0,"turns":6.0},{"damage":16.0,"enemies":"Snake Plant","floor":21.0,"turns":3.0},{"damage":19.0,"enemies":"Slavers","floor":25.0,"turns":4.0},{"damage":41.0,"enemies":"Gremlin Leader","floor":27.0,"turns":6.0},{"damage":9,"enemies":"Slaver and Parasite","floor":29,"turns":4},{"damage":19,"enemies":"Slavers","floor":30,"turns":4},{"damage":0,"enemies":"Centurion and Healer","floor":31,"turns":5},{"damage":32,"enemies":"Champ","floor":33,"turns":9}],"relics_obtained":[{"floor":30,"key":"Juzu Bracelet"}],"event_choices":[{"event_name":"Liars Game","player_choice":"disagreed","floor":3.0,"damage_taken":0.0},{"event_name":"Golden Shrine","player_choice":"Pray","floor":11.0,"damage_taken":0.0},{"event_name":"Cursed Tome","player_choice":"Ignored","floor":24.0,"damage_taken":0.0}],"boss_relics":[],"items_purged_floors":[],"potions_floor_spawned":[4,7,20,21,25],"seed_played":"6470416043074788605","killed_by":"Champ","ascension_level":0,"potions_obtained":[],"is_trial":false}