{"gold_per_floor":[118,193,20,37,37,68,68,68,68,104,119,119,44,82,82,201,201,215,236,279,24,24,24,63,79,150,173,173,173,272,95,95,214,214,232,256,280,14,62,62,32,46,96,429,429,440,450,461,461,461,461,461,13,42,42],"floor_reached":55,"playtime":2231,"items_purged":["Defend_B","Strike_B","Strike_B","Strike_B"],"score":818,"play_id":"3b571882-d07e-4ff3-ac9f-8b5b269b8c6c","local_time":"20190420171748","is_ascension_mode":true,"campfire_choices":[{"data":"Genetic Algorithm","floor":7.0,"key":"SMITH"},{"floor":12.0,"key":"REST"},{"floor":15.0,"key":"REST"},{"data":"Defragment","floor":23.0,"key":"SMITH"},{"floor":28.0,"key":"REST"},{"data":"Hologram","floor":32.0,"key":"SMITH"},{"data":"Dualcast","floor":40,"key":"SMITH"},{"floor":49,"key":"RECALL"},{"data":"Thunder Strike","floor":52,"key":"SMITH"}],"neow_cost":"NONE","seed_source_timestamp":561124242535120,"circlet_count":0,"master_deck":["Strike_B+1","Defend_B","Defend_B","Defend_B","Zap+1","Dualcast+1","Coolheaded","Conserve Battery","Hologram+1","Genetic Algorithm+1","Seek","BootSequence","Gash","Electrodynamics","Defragment+1","Hologram+1","Ball Lightning","Tempest","Thunder Strike+1","Capacitor+1","Reinforced Body+1","Tempest","Self Repair+1","Rebound","Sweeping Beam+1","Conserve Battery","Go for the Eyes+1"],"special_seed":0,"relics":["Cracked Core","NeowsBlessing","PreservedInsect","Blue Candle","Bronze Scales","Odd Mushroom","Philosopher\u0027s Stone","Red Mask","Happy Flower","Blood Vial","Lantern","Frozen Egg 2","Gremlin Horn","Busted Crown","Pen Nib","Orichalcum","Bottled Lightning","Strawberry"],"potions_floor_usage":[33,33,50,50,50,55],"damage_taken":[{"damage":0.0,"enemies":"Small Slimes","floor":1.0,"turns":1.0},{"damage":0.0,"enemies":"Jaw Worm","floor":4.0,"turns":1.0},{"damage":0.0,"enemies":"Lagavulin","floor":6.0,"turns":2.0},{"damage":17.0,"enemies":"Gremlin Nob","floor":10.0,"turns":3.0},{"damage":0.0,"enemies":"Cultist","floor":11.0,"turns":3.0},{"damage":19.0,"enemies":"The Mushroom Lair","floor":14.0,"turns":4.0},{"damage":46.0,"enemies":"Hexaghost","floor":16.0,"turns":11.0},{"damage":14.0,"enemies":"Chosen","floor":18.0,"turns":5.0},{"damage":14.0,"enemies":"2 Thieves","floor":19.0,"turns":3.0},{"damage":0.0,"enemies":"Masked Bandits","floor":20.0,"turns":2.0},{"damage":18.0,"enemies":"Book of Stabbing","floor":24.0,"turns":4.0},{"damage":10.0,"enemies":"Centurion and Healer","floor":25.0,"turns":4.0},{"damage":0.0,"enemies":"Snake Plant","floor":27.0,"turns":3.0},{"damage":31,"enemies":"Collector","floor":33,"turns":7},{"damage":1,"enemies":"3 Shapes","floor":35,"turns":2},{"damage":0,"enemies":"3 Darklings","floor":36,"turns":2},{"damage":13,"enemies":"Spire Growth","floor":37,"turns":5},{"damage":12,"enemies":"Writhing Mass","floor":42,"turns":4},{"damage":1,"enemies":"4 Shapes","floor":46,"turns":2},{"damage":0,"enemies":"Spire Growth","floor":47,"turns":3},{"damage":19,"enemies":"Maw","floor":48,"turns":7},{"damage":12,"enemies":"Time Eater","floor":50,"turns":10},{"damage":20,"enemies":"Shield and Spear","floor":54,"turns":4},{"damage":75,"enemies":"The Heart","floor":55,"turns":3}],"seed_played":"2079122098393796721","potions_obtained":[{"floor":1.0,"key":"Regen Potion"},{"floor":11.0,"key":"SkillPotion"},{"floor":19.0,"key":"Explosive Potion"},{"floor":24.0,"key":"Energy Potion"},{"floor":25.0,"key":"Strength Potion"},{"floor":27.0,"key":"Block Potion"},{"floor":41,"key":"Weak Potion"},{"floor":41,"key":"SneckoOil"},{"floor":45,"key":"PowerPotion"},{"floor":45,"key":"Fire Potion"},{"floor":54,"key":"FocusPotion"}],"is_trial":false,"path_per_floor":["?","?","?","M","$","?","?","?","M","T","?","$","$","T","?","M","?","?","M"],"character_chosen":"DEFECT","items_purchased":["Conserve Battery","PreservedInsect","Ball Lightning","Tempest","Happy Flower","Capacitor+1","Tempest","Self Repair+1","Bottled Lightning","Conserve Battery"],"campfire_rested":3,"item_purchase_floors":[3,3,21,21,21,31,38,38,53,53],"current_hp_per_floor":[75,64,64,64,49,49,49,31,31,23,23,45,45,26,48,2,75,61,47,47,47,47,47,31,23,23,25,47,47,47,47,47,18,75,74,75,62,62,62,62,62,62,62,62,62,63,65,58,58,48,75,75,75,72,0],"gold":42,"neow_bonus":"THREE_ENEMY_KILL","is_prod":false,"is_daily":false,"chose_seed":false,"campfire_upgraded":5,"win_rate":0,"timestamp":1555773468,"path_taken":["M","?","$","M","?","E","R","?","T","E","?","R","?","?","R","BOSS","M","M","?","$","?","R","E","M","T","?","R","?","?","?","R","BOSS","M","M","M","?","?","R","?","?","T","?","?","?","M","M","R","BOSS","R","$","E","BOSS"],"build_version":"2019-01-23","purchased_purges":4,"victory":false,"max_hp_per_floor":[75,75,75,75,75,75,75,75,75,75,75,75,75,75,75,75,75,75,75,75,75,75,75,75,75,75,75,75,75,75,75,75,75,75,75,75,75,75,75,75,75,75,75,75,75,75,75,75,75,75,75,75,75,82,82],"card_choices":[{"not_picked":["Hello World","Redo"],"picked":"Coolheaded","floor":1.0},{"not_picked":["Leap","Hologram","Gash"],"picked":"SKIP","floor":4.0},{"not_picked":["Leap","Gash"],"picked":"Hologram","floor":4.0},{"not_picked":["FTL","Go for the Eyes"],"picked":"Genetic Algorithm","floor":6.0},{"not_picked":["Rebound","Ball Lightning"],"picked":"Seek","floor":10.0},{"not_picked":["Consume","Sweeping Beam"],"picked":"BootSequence","floor":11.0},{"not_picked":["Beam Cell","Static Discharge"],"picked":"Gash","floor":14.0},{"not_picked":["Core Surge","Fission"],"picked":"Electrodynamics","floor":16.0},{"not_picked":["Conserve Battery+1","Sweeping Beam+1"],"picked":"Defragment","floor":18.0},{"not_picked":["Doom and Gloom","Turbo","Barrage"],"picked":"SKIP","floor":19.0},{"not_picked":["Rip and Tear","BootSequence"],"picked":"Hologram+1","floor":20.0},{"not_picked":["Go for the Eyes","Streamline","Coolheaded+1"],"picked":"SKIP","floor":24.0},{"not_picked":["Gash+1","Storm+1","White Noise"],"picked":"SKIP","floor":25.0},{"not_picked":["Blizzard","Auto Shields"],"picked":"Thunder Strike","floor":27.0},{"not_picked":[],"picked":"Reinforced Body+1","floor":35},{"not_picked":["Storm+1"],"picked":"SKIP","floor":36},{"not_picked":["Force Field"],"picked":"SKIP","floor":37},{"not_picked":["Sunder"],"picked":"SKIP","floor":42},{"not_picked":["Force Field"],"picked":"SKIP","floor":46},{"not_picked":[],"picked":"Rebound","floor":47},{"not_picked":[],"picked":"Sweeping Beam+1","floor":48},{"not_picked":[],"picked":"Go for the Eyes+1","floor":54}],"player_experience":130601,"relics_obtained":[{"floor":6.0,"key":"Blue Candle"},{"floor":10.0,"key":"Bronze Scales"},{"floor":14.0,"key":"Odd Mushroom"},{"floor":20.0,"key":"Red Mask"},{"floor":24.0,"key":"Lantern"},{"floor":26.0,"key":"Frozen Egg 2"},{"floor":29.0,"key":"Gremlin Horn"},{"floor":39,"key":"Pen Nib"},{"floor":43,"key":"Orichalcum"},{"floor":54,"key":"Strawberry"}],"event_choices":[{"damage_healed":0.0,"max_hp_gain":0.0,"max_hp_loss":0.0,"gold_gain":75.0,"event_name":"World of Goop","player_choice":"Gather Gold","floor":2.0,"gold_loss":0.0,"damage_taken":11.0},{"damage_healed":0.0,"max_hp_gain":0.0,"max_hp_loss":0.0,"gold_gain":0.0,"event_name":"Shining Light","player_choice":"Entered Light","floor":5.0,"gold_loss":0.0,"damage_taken":15.0,"cards_upgraded":["Strike_B","Zap"]},{"damage_healed":0.0,"max_hp_gain":0.0,"max_hp_loss":0.0,"gold_gain":0.0,"event_name":"Golden Idol","player_choice":"Take Damage","floor":8.0,"gold_loss":0.0,"damage_taken":18.0,"relics_obtained":["Golden Idol"]},{"damage_healed":0.0,"max_hp_gain":0.0,"max_hp_loss":0.0,"gold_gain":0.0,"event_name":"Mushrooms","player_choice":"Fought Mushrooms","floor":14.0,"gold_loss":0.0,"damage_taken":0.0},{"damage_healed":0.0,"max_hp_gain":0.0,"max_hp_loss":0.0,"gold_gain":0.0,"event_name":"Masked Bandits","player_choice":"Fought Bandits","floor":20.0,"gold_loss":0.0,"damage_taken":0.0},{"damage_healed":0.0,"max_hp_gain":0.0,"max_hp_loss":0.0,"gold_gain":0.0,"event_name":"WeMeetAgain","player_choice":"Gave Potion","floor":22.0,"gold_loss":0.0,"damage_taken":0.0,"relics_obtained":["Blood Vial"]},{"damage_healed":0.0,"max_hp_gain":0.0,"max_hp_loss":0.0,"gold_gain":99.0,"event_name":"Nest","player_choice":"Stole From Cult","floor":30.0,"gold_loss":0.0,"damage_taken":0.0},{"damage_healed":0,"gold_gain":0,"player_choice":"Bought 2 Potions","damage_taken":0,"max_hp_gain":0,"max_hp_loss":0,"event_name":"The Woman in Blue","floor":41,"gold_loss":0},{"damage_healed":0,"gold_gain":333,"player_choice":"Gave Idol","damage_taken":0,"max_hp_gain":0,"max_hp_loss":0,"event_name":"The Moai Head","floor":44,"relics_lost":["Golden Idol"],"gold_loss":0},{"damage_healed":0,"gold_gain":0,"player_choice":"Got Potions","damage_taken":0,"max_hp_gain":0,"max_hp_loss":0,"event_name":"Lab","floor":45,"gold_loss":0}],"is_beta":false,"boss_relics":[{"not_picked":["White Beast Statue","Orrery"],"picked":"Philosopher\u0027s Stone"},{"not_picked":["Nuclear Battery","Sozu"],"picked":"Busted Crown"}],"items_purged_floors":[13,31,38,53],"is_endless":false,"potions_floor_spawned":[1,11,19,24,25,27,46,48,54],"killed_by":"The Heart","ascension_level":3}