{"gold_per_floor":[117,135,135,151,151,151,186,111,137,137,147,24,37,56,56,154,154,167,184,201,49,49,61,61,91,177,189,219,241,253,284,296,308],"floor_reached":33,"playtime":1252,"items_purged":["Strike_R","Defend_R"],"score":454,"play_id":"d34f6786-927d-40ec-9e36-d81fea9d945d","local_time":"20190511002635","is_ascension_mode":true,"campfire_choices":[{"data":"Feed","floor":6.0,"key":"SMITH"},{"floor":10.0,"key":"REST"},{"data":"Heavy Blade","floor":15.0,"key":"SMITH"},{"data":"Exhume","floor":24.0,"key":"SMITH"},{"floor":27.0,"key":"REST"},{"floor":30.0,"key":"REST"},{"floor":32.0,"key":"REST"}],"neow_cost":"NONE","seed_source_timestamp":563065377307285,"circlet_count":0,"master_deck":["Strike_R","Strike_R","Strike_R","Strike_R","Defend_R","Defend_R","Defend_R","Bash","Spot Weakness+1","Feed+1","Heavy Blade+1","Pummel","Shrug It Off","Pommel Strike","Exhume+1","Offering","Dropkick+1"],"special_seed":0,"relics":["Burning Blood","Bronze Scales","Letter Opener","Happy Flower","Velvet Choker","Pen Nib","Nloth\u0027s Gift","MawBank","Kunai"],"potions_floor_usage":[],"damage_taken":[{"damage":0.0,"enemies":"Small Slimes","floor":1.0,"turns":2.0},{"damage":0.0,"enemies":"Cultist","floor":2.0,"turns":1.0},{"damage":0.0,"enemies":"2 Louse","floor":4.0,"turns":1.0},{"damage":32.0,"enemies":"Gremlin Nob","floor":7.0,"turns":4.0},{"damage":11.0,"enemies":"Exordium Thugs","floor":11.0,"turns":4.0},{"damage":10.0,"enemies":"Gremlin Gang","floor":13.0,"turns":3.0},{"damage":8.0,"enemies":"Blue Slaver","floor":14.0,"turns":3.0},{"damage":31.0,"enemies":"The Guardian","floor":16.0,"turns":9.0},{"damage":4.0,"enemies":"Chosen","floor":18.0,"turns":4.0},{"damage":16.0,"enemies":"3 Byrds","floor":19.0,"turns":3.0},{"damage":17.0,"enemies":"Centurion and Healer","floor":20.0,"turns":5.0},{"damage":10.0,"enemies":"Cultist and Chosen","floor":23.0,"turns":4.0},{"damage":22.0,"enemies":"Slavers","floor":25.0,"turns":4.0},{"damage":30.0,"enemies":"Snake Plant","floor":28.0,"turns":3.0},{"damage":28.0,"enemies":"Sentry and Sphere","floor":29.0,"turns":3.0},{"damage":12.0,"enemies":"Centurion and Healer","floor":31.0,"turns":2.0},{"damage":96,"enemies":"Automaton","floor":33,"turns":8}],"seed_played":"-4254061987124019821","potions_obtained":[{"floor":2.0,"key":"Explosive Potion"},{"floor":11.0,"key":"EssenceOfSteel"},{"floor":16.0,"key":"Poison Potion"},{"floor":20.0,"key":"SkillPotion"},{"floor":23.0,"key":"FearPotion"}],"is_trial":false,"path_per_floor":["M","M","?","M","?","R","E","$","T","R","M","$","M","M","R","B",null,"M","M","M","$","?","M","R","E","T","R","M","M","R","M","R","B"],"character_chosen":"IRONCLAD","items_purchased":["Shrug It Off","Pen Nib"],"campfire_rested":4,"item_purchase_floors":[12,21],"current_hp_per_floor":[78,80,80,80,73,73,47,47,47,71,70,70,70,68,68,43,77,79,73,66,66,66,66,66,50,50,80,56,38,69,63,94,0],"gold":308,"neow_bonus":"THREE_ENEMY_KILL","is_prod":false,"is_daily":false,"chose_seed":false,"campfire_upgraded":3,"win_rate":0,"timestamp":1557527195,"path_taken":["M","M","?","?","?","R","E","$","T","R","M","$","M","M","R","BOSS","M","M","M","$","?","?","R","E","T","R","M","M","R","M","R","BOSS"],"build_version":"2019-01-23","purchased_purges":2,"victory":false,"max_hp_per_floor":[80,80,80,80,80,80,80,80,80,80,84,84,88,88,88,88,88,88,92,96,96,96,100,100,100,100,100,100,104,104,104,104,104],"card_choices":[{"not_picked":["Perfected Strike","Whirlwind"],"picked":"Spot Weakness","floor":1.0},{"not_picked":["True Grit","Headbutt","Rampage"],"picked":"SKIP","floor":2.0},{"not_picked":["Warcry","Dual Wield"],"picked":"Feed","floor":4.0},{"not_picked":["Armaments","Perfected Strike"],"picked":"Heavy Blade","floor":7.0},{"not_picked":["Havoc","Cleave"],"picked":"Pummel","floor":11.0},{"not_picked":["Perfected Strike","Rampage"],"picked":"Pommel Strike","floor":13.0},{"not_picked":["Evolve","Pommel Strike","Flex"],"picked":"SKIP","floor":14.0},{"not_picked":["Juggernaut","Berserk"],"picked":"Exhume","floor":16.0},{"not_picked":["Perfected Strike","Flex","Twin Strike"],"picked":"SKIP","floor":18.0},{"not_picked":["Shrug It Off","Thunderclap","Bloodletting"],"picked":"SKIP","floor":19.0},{"not_picked":["Headbutt","Shockwave","Pommel Strike"],"picked":"SKIP","floor":20.0},{"not_picked":["Sword Boomerang","Sever Soul","Iron Wave+1"],"picked":"SKIP","floor":23.0},{"not_picked":["Berserk","Wild Strike"],"picked":"Offering","floor":25.0},{"not_picked":["Armaments","Juggernaut"],"picked":"Dropkick+1","floor":28.0},{"not_picked":["Body Slam","Heavy Blade","Cleave"],"picked":"SKIP","floor":29.0},{"not_picked":["Berserk","Clash","Carnage+1"],"picked":"SKIP","floor":31.0}],"player_experience":452335,"relics_obtained":[{"floor":7.0,"key":"Letter Opener"},{"floor":9.0,"key":"Happy Flower"},{"floor":25.0,"key":"MawBank"},{"floor":26.0,"key":"Kunai"}],"event_choices":[{"damage_healed":0.0,"max_hp_gain":0.0,"max_hp_loss":0.0,"gold_gain":0.0,"event_name":"Upgrade Shrine","player_choice":"Upgraded","floor":3.0,"gold_loss":0.0,"damage_taken":0.0,"cards_upgraded":["Spot Weakness"]},{"damage_healed":0.0,"max_hp_gain":0.0,"max_hp_loss":0.0,"gold_gain":0.0,"event_name":"Scrap Ooze","player_choice":"Success","floor":5.0,"gold_loss":0.0,"damage_taken":7.0,"relics_obtained":["Bronze Scales"]},{"damage_healed":0.0,"max_hp_gain":0.0,"max_hp_loss":0.0,"gold_gain":0.0,"event_name":"N\u0027loth","player_choice":"Traded Relic","floor":22.0,"relics_lost":["NeowsBlessing"],"gold_loss":0.0,"damage_taken":0.0,"relics_obtained":["Nloth\u0027s Gift"]}],"is_beta":false,"boss_relics":[{"not_picked":["Fusion Hammer","Orrery"],"picked":"Velvet Choker"}],"items_purged_floors":[8,12],"is_endless":false,"potions_floor_spawned":[2,11,16,20,23],"killed_by":"Automaton","ascension_level":9}