{"gold_per_floor":[114,127,127,202,202,233,233,263,263,263,288,306,306,117,117,264,264,300,20,20,58,101,101,101],"floor_reached":24,"playtime":1054,"items_purged":["Barricade"],"score":308,"play_id":"63cc8a5f-744c-46db-b428-c9381b6c56da","local_time":"20190502074041","is_ascension_mode":true,"campfire_choices":[{"data":"Bash","floor":7,"key":"SMITH"},{"data":"Shockwave","floor":10,"key":"SMITH"},{"data":"Metallicize","floor":13,"key":"SMITH"},{"data":"HandOfGreed","floor":15,"key":"SMITH"},{"floor":23,"key":"REST"}],"neow_cost":"NONE","seed_source_timestamp":507971833724772,"circlet_count":0,"master_deck":["Bash+1","Dropkick","Intimidate","Shockwave+1","Metallicize+1","Pummel","HandOfGreed+1","Barricade","Shrug It Off","Headbutt","Shrug It Off","Second Wind","Rupture","Body Slam","Ghostly Armor","Limit Break","Ghostly Armor","True Grit","Writhe","Uppercut+1"],"relics":["Burning Blood","NeowsBlessing","PreservedInsect","Vajra","Potion Belt","Bottled Flame","Pandora\u0027s Box","Pen Nib","Thread and Needle"],"potions_floor_usage":[1],"damage_taken":[{"damage":0,"enemies":"Cultist","floor":1,"turns":1},{"damage":0,"enemies":"Small Slimes","floor":2,"turns":1},{"damage":0,"enemies":"3 Sentries","floor":6,"turns":2},{"damage":20,"enemies":"Lagavulin","floor":8,"turns":6},{"damage":12,"enemies":"Gremlin Nob","floor":11,"turns":4},{"damage":4,"enemies":"Jaw Worm","floor":12,"turns":2},{"damage":27,"enemies":"Slime Boss","floor":16,"turns":12},{"damage":5,"enemies":"Shell Parasite","floor":18,"turns":9},{"damage":0,"enemies":"Chosen","floor":21,"turns":8},{"damage":56,"enemies":"Sentry and Sphere","floor":22,"turns":12},{"damage":63,"enemies":"Book of Stabbing","floor":24,"turns":7}],"seed_played":"-3536949681618025652","potions_obtained":[{"floor":1,"key":"Fruit Juice"},{"floor":2,"key":"GamblersBrew"},{"floor":8,"key":"AttackPotion"},{"floor":11,"key":"Weak Potion"},{"floor":18,"key":"FearPotion"},{"floor":21,"key":"Weak Potion"}],"is_trial":false,"path_per_floor":["T","?","?","?"],"character_chosen":"IRONCLAD","items_purchased":["HandOfGreed","Pen Nib","True Grit"],"campfire_rested":1,"item_purchase_floors":[14,19,19],"current_hp_per_floor":[83,85,85,74,79,85,85,71,71,71,65,67,67,67,67,46,79,80,80,80,86,36,63,0],"gold":101,"neow_bonus":"THREE_ENEMY_KILL","is_prod":false,"is_daily":false,"chose_seed":false,"campfire_upgraded":4,"win_rate":0,"timestamp":1556775641,"path_taken":["M","M","?","?","?","E","R","E","T","R","E","M","R","$","R","BOSS","M","$","?","M","M","R","E"],"build_version":"2019-01-23","purchased_purges":1,"victory":false,"max_hp_per_floor":[85,85,85,85,90,90,90,90,90,90,90,90,90,90,90,90,90,90,90,90,90,90,90,90],"card_choices":[{"not_picked":["Evolve","Sever Soul"],"picked":"Dropkick","floor":1},{"not_picked":["Feel No Pain","Pommel Strike"],"picked":"Intimidate","floor":2},{"not_picked":["Combust","Wild Strike","Evolve"],"picked":"SKIP","floor":6},{"not_picked":["Inflame","Havoc"],"picked":"Shockwave","floor":8},{"not_picked":["Cleave","Perfected Strike"],"picked":"Metallicize","floor":11},{"not_picked":["Twin Strike","Power Through"],"picked":"Pummel","floor":12},{"not_picked":["Fiend Fire","Bludgeon"],"picked":"Barricade","floor":16},{"not_picked":["Havoc","Sword Boomerang+1"],"picked":"Ghostly Armor","floor":18},{"not_picked":["Sentinel","Searing Blow"],"picked":"Uppercut+1","floor":21},{"not_picked":["Headbutt","Cleave","Flex"],"picked":"SKIP","floor":22}],"player_experience":203918,"relics_obtained":[{"floor":6,"key":"PreservedInsect"},{"floor":8,"key":"Vajra"},{"floor":9,"key":"Potion Belt"},{"floor":11,"key":"Bottled Flame"}],"event_choices":[{"damage_healed":0,"gold_gain":75,"player_choice":"Gather Gold","damage_taken":11,"max_hp_gain":0,"max_hp_loss":0,"event_name":"World of Goop","floor":4,"gold_loss":0},{"damage_healed":0,"gold_gain":0,"player_choice":"Donut","damage_taken":0,"max_hp_gain":5,"max_hp_loss":0,"event_name":"Big Fish","floor":5,"gold_loss":0},{"damage_healed":0,"gold_gain":0,"player_choice":"Opened","damage_taken":0,"relics_obtained":["Thread and Needle"],"max_hp_gain":0,"max_hp_loss":0,"event_name":"The Mausoleum","floor":20,"gold_loss":0,"cards_obtained":["Writhe"]}],"is_beta":false,"boss_relics":[{"not_picked":["Ectoplasm","Lizard Tail"],"picked":"Pandora\u0027s Box"}],"items_purged_floors":[19],"is_endless":false,"potions_floor_spawned":[1,2,8,11,18,21,22],"killed_by":"Book of Stabbing","ascension_level":6}