{"path_per_floor":["M","$","?","M","?","E","M","R","T","?","M","M","M","M","R","B",null,"M","M","?","?","$","R"],"character_chosen":"IRONCLAD","items_purchased":["Thunderclap","Perfected Strike","Bag of Preparation"],"gold_per_floor":[109,11,11,30,30,74,89,89,112,112,126,146,166,182,182,302,302,327,343,258,258,39,39,39],"floor_reached":24,"campfire_rested":1,"playtime":1532,"current_hp_per_floor":[80,80,85,85,64,56,62,62,69,69,75,79,79,75,75,30,92,62,37,37,37,37,64,0],"items_purged":["Defend_R"],"gold":39,"score":198,"play_id":"1f624caf-6384-4c8d-a74c-19031f0534bf","local_time":"20180410231104","is_prod":false,"is_daily":false,"is_ascension_mode":false,"campfire_upgraded":2,"timestamp":1523416264,"path_taken":["M","$","?","M","?","E","?","R","T","?","M","M","M","M","R","BOSS","M","M","?","?","$","R","E"],"build_version":"2018-04-05v2","purchased_purges":1,"victory":false,"master_deck":["Strike_R","Strike_R","Strike_R","Strike_R","Strike_R","Defend_R","Defend_R","Defend_R","Bash+1","Perfected Strike","Thunderclap","Perfected Strike","Flex+1","Rage+1","Barricade","Ghostly Armor","Heavy Blade","Limit Break","Perfected Strike","Metallicize"],"max_hp_per_floor":[80,80,85,85,85,85,85,85,92,92,92,92,92,92,92,92,92,92,92,92,92,92,92,92],"relics":["Burning Blood","Bloody Idol","Matryoshka","Prayer Wheel","Strawberry","Black Star","Pen Nib","Bag of Preparation"],"card_choices":[{"not_picked":["Burning Pact","Wild Strike"],"picked":"Perfected Strike","floor":1},{"not_picked":["Heavy Blade","Armaments"],"picked":"Flex","floor":6},{"not_picked":["Twin Strike","Corruption"],"picked":"Rage","floor":7},{"not_picked":["Anger","Warcry"],"picked":"Barricade","floor":12},{"not_picked":["Uppercut","Warcry"],"picked":"Ghostly Armor","floor":13},{"not_picked":["Sword Boomerang","Cleave"],"picked":"Heavy Blade","floor":14},{"not_picked":["Barricade","Juggernaut"],"picked":"Limit Break","floor":16},{"not_picked":["True Grit","Clash"],"picked":"Perfected Strike","floor":18},{"not_picked":["Rupture","Searing Blow"],"picked":"Metallicize","floor":19}],"player_experience":56155,"potions_floor_usage":[16,16,24,24,24],"damage_taken":[{"damage":6,"enemies":"Jaw Worm","floor":1,"turns":3},{"damage":1,"enemies":"Cultist","floor":4,"turns":3},{"damage":14,"enemies":"Gremlin Nob","floor":6,"turns":3},{"damage":0,"enemies":"2 Louse","floor":7,"turns":2},{"damage":0,"enemies":"2 Fungi Beasts","floor":11,"turns":3},{"damage":2,"enemies":"Blue Slaver","floor":12,"turns":2},{"damage":6,"enemies":"Lots of Slimes","floor":13,"turns":4},{"damage":10,"enemies":"Looter","floor":14,"turns":3},{"damage":51,"enemies":"The Guardian","floor":16,"turns":10},{"damage":36,"enemies":"2 Thieves","floor":18,"turns":5},{"damage":31,"enemies":"Shell Parasite","floor":19,"turns":5},{"damage":66,"enemies":"Gremlin Leader","floor":24,"turns":8}],"event_choices":[{"event_name":"Big Fish","player_choice":"Donut","floor":3,"damage_taken":0},{"event_name":"Golden Idol","player_choice":"Take Damage","floor":5,"damage_taken":0},{"event_name":"Liars Game","player_choice":"disagreed","floor":10,"damage_taken":0},{"event_name":"Addict","player_choice":"Obtained Relic","floor":20,"damage_taken":0},{"event_name":"Forgotten Altar","player_choice":"Gave Idol","floor":21,"damage_taken":0}],"boss_relics":[{"not_picked":["Ectoplasm","Orrery"],"picked":"Black Star"}],"potions_floor_spawned":[1,6,16,18,19],"seed_played":"-108585614880147619","killed_by":"Gremlin Leader","ascension_level":0,"is_trial":false}