{"gold_per_floor":[114,127,147,165,175,175,203,203,281,281,301,301,4,18,18,114,114,126,26,41,141,151,151,26,43,43,54,54,80,80,90,90,189,189,203,223,73,84,98,98],"floor_reached":40,"playtime":2467,"items_purged":["Strike_R","Strike_R","Strike_R","Defend_R"],"score":497,"play_id":"7b9e83fd-69a3-487d-96e6-1e5941550b17","local_time":"20190418073423","is_ascension_mode":true,"campfire_choices":[{"data":"Seeing Red","floor":6,"key":"SMITH"},{"data":"Pommel Strike","floor":8,"key":"SMITH"},{"data":"Armaments","floor":10,"key":"SMITH"},{"data":"Whirlwind","floor":12,"key":"SMITH"},{"data":"Seeing Red","floor":15,"key":"SMITH"},{"data":"Seeing Red","floor":23,"key":"SMITH"},{"data":"Flex","floor":28,"key":"SMITH"},{"floor":32,"key":"REST"}],"neow_cost":"TEN_PERCENT_HP_LOSS","seed_source_timestamp":353250010254665,"circlet_count":0,"master_deck":["Strike_R","Strike_R","Defend_R","Defend_R","Defend_R","Bash","Pommel Strike+1","Seeing Red+1","Whirlwind+1","Flex+1","Shrug It Off","Armaments+1","Thunderclap","Seeing Red+1","Berserk","Seeing Red+1","Offering","Battle Trance+1","Warcry+1","Whirlwind","Shrug It Off","Whirlwind+1","Double Tap","Warcry+1","Shrug It Off","Shrug It Off","Second Wind+1"],"relics":["Black Blood","Prayer Wheel","Odd Mushroom","Paper Frog","Philosopher\u0027s Stone","Dead Branch"],"potions_floor_usage":[4,16,27,31,31,33,40],"damage_taken":[{"damage":4,"enemies":"Cultist","floor":1,"turns":5},{"damage":6,"enemies":"2 Louse","floor":2,"turns":3},{"damage":0,"enemies":"Small Slimes","floor":3,"turns":2},{"damage":10,"enemies":"Exordium Wildlife","floor":4,"turns":4},{"damage":32,"enemies":"Large Slime","floor":5,"turns":10},{"damage":8,"enemies":"The Mushroom Lair","floor":7,"turns":3},{"damage":9,"enemies":"3 Louse","floor":11,"turns":3},{"damage":0,"enemies":"Looter","floor":14,"turns":2},{"damage":24,"enemies":"Hexaghost","floor":16,"turns":7},{"damage":13,"enemies":"Spheric Guardian","floor":18,"turns":3},{"damage":24,"enemies":"Shell Parasite","floor":20,"turns":4},{"damage":6,"enemies":"Snake Plant","floor":22,"turns":2},{"damage":6,"enemies":"Snecko","floor":25,"turns":1},{"damage":6,"enemies":"3 Cultists","floor":27,"turns":3},{"damage":6,"enemies":"Slavers","floor":29,"turns":1},{"damage":19,"enemies":"Shelled Parasite and Fungi","floor":31,"turns":4},{"damage":36,"enemies":"Champ","floor":33,"turns":7},{"damage":9,"enemies":"Orb Walker","floor":35,"turns":2},{"damage":52,"enemies":"3 Darklings","floor":36,"turns":3},{"damage":6,"enemies":"Jaw Worm Horde","floor":38,"turns":2},{"damage":12,"enemies":"4 Shapes","floor":39,"turns":2},{"damage":43,"enemies":"Giant Head","floor":40,"turns":5}],"seed_played":"-8593062540244575629","potions_obtained":[{"floor":2,"key":"Fire Potion"},{"floor":5,"key":"BloodPotion"},{"floor":14,"key":"SneckoOil"},{"floor":16,"key":"Strength Potion"},{"floor":25,"key":"Block Potion"},{"floor":29,"key":"Weak Potion"},{"floor":36,"key":"Ancient Potion"},{"floor":38,"key":"Fire Potion"}],"is_trial":false,"path_per_floor":["M","?","?","M","?"],"character_chosen":"IRONCLAD","items_purchased":["Seeing Red","Berserk"],"campfire_rested":1,"item_purchase_floors":[13,13],"current_hp_per_floor":[72,72,72,68,42,42,40,40,40,40,37,37,37,43,43,32,72,65,65,47,47,47,47,47,47,47,47,47,47,34,21,44,14,77,77,35,35,39,37,0],"gold":98,"neow_bonus":"ONE_RARE_RELIC","is_prod":false,"is_daily":false,"chose_seed":false,"campfire_upgraded":7,"win_rate":0,"timestamp":1555565663,"path_taken":["M","M","M","M","?","R","?","R","T","R","M","R","$","M","R","BOSS","M","$","M","?","M","R","$","M","T","?","R","E","?","M","R","BOSS","M","M","$","M","M","E"],"build_version":"2019-01-23","purchased_purges":4,"victory":false,"max_hp_per_floor":[72,72,72,72,72,72,72,72,72,72,72,72,72,72,72,72,72,72,72,72,72,72,72,72,72,72,72,72,72,77,77,77,77,77,77,77,77,77,77,77],"card_choices":[{"not_picked":["Iron Wave","Anger"],"picked":"Pommel Strike","floor":1},{"not_picked":["Thunderclap","Inflame","Wild Strike"],"picked":"SKIP","floor":1},{"not_picked":["Iron Wave","Cleave"],"picked":"Seeing Red","floor":2},{"not_picked":["Evolve","Flex"],"picked":"Whirlwind","floor":2},{"not_picked":["Clash","Entrench"],"picked":"Flex","floor":3},{"not_picked":["Dropkick","Entrench","Clash"],"picked":"SKIP","floor":3},{"not_picked":["Wild Strike","Iron Wave"],"picked":"Shrug It Off","floor":4},{"not_picked":["Flame Barrier","Bludgeon"],"picked":"Armaments","floor":4},{"not_picked":["Burning Pact","Twin Strike"],"picked":"Thunderclap","floor":5},{"not_picked":["Searing Blow","Havoc","Flex"],"picked":"SKIP","floor":5},{"not_picked":["Sentinel","Warcry","Headbutt"],"picked":"SKIP","floor":11},{"not_picked":["Clothesline","Pummel","Flex"],"picked":"SKIP","floor":11},{"not_picked":["Pommel Strike","Pummel"],"picked":"Seeing Red","floor":14},{"not_picked":["Warcry","Searing Blow","Headbutt"],"picked":"SKIP","floor":14},{"not_picked":["Feed","Dark Embrace"],"picked":"Offering","floor":16},{"not_picked":["Anger","Corruption","Heavy Blade+1"],"picked":"SKIP","floor":18},{"not_picked":["Armaments","Wild Strike","Feel No Pain"],"picked":"SKIP","floor":18},{"not_picked":["Seeing Red+1","Iron Wave","Havoc+1"],"picked":"SKIP","floor":20},{"not_picked":["Wild Strike","Armaments","Rage+1"],"picked":"SKIP","floor":20},{"not_picked":["Thunderclap","Anger+1"],"picked":"Battle Trance+1","floor":22},{"not_picked":["Headbutt","Wild Strike+1","Perfected Strike"],"picked":"SKIP","floor":22},{"not_picked":["Juggernaut","Cleave"],"picked":"Warcry+1","floor":25},{"not_picked":["Flex","Clash+1"],"picked":"Whirlwind","floor":25},{"not_picked":["Entrench","Body Slam","Flex"],"picked":"SKIP","floor":27},{"not_picked":["Inflame","Corruption","Twin Strike"],"picked":"SKIP","floor":27},{"not_picked":["Pummel","Berserk","Dropkick"],"picked":"SKIP","floor":29},{"not_picked":["Iron Wave","Clothesline+1"],"picked":"Shrug It Off","floor":31},{"not_picked":["Entrench+1","Dual Wield"],"picked":"Whirlwind+1","floor":31},{"not_picked":["Juggernaut","Immolate"],"picked":"Double Tap","floor":33},{"not_picked":["Twin Strike","Havoc"],"picked":"Warcry+1","floor":35},{"not_picked":["Blood for Blood+1","Headbutt","Iron Wave"],"picked":"SKIP","floor":35},{"not_picked":["Twin Strike","Armaments"],"picked":"Shrug It Off","floor":36},{"not_picked":["Headbutt+1","Pommel Strike","Clash+1"],"picked":"SKIP","floor":36},{"not_picked":["Heavy Blade","Dual Wield"],"picked":"Shrug It Off","floor":38},{"not_picked":["Bloodletting","Combust+1","Twin Strike+1"],"picked":"SKIP","floor":38},{"not_picked":["Demon Form","Twin Strike+1"],"picked":"Second Wind+1","floor":39},{"not_picked":["Twin Strike","Evolve+1","Anger"],"picked":"SKIP","floor":39}],"player_experience":90290,"relics_obtained":[{"floor":7,"key":"Odd Mushroom"},{"floor":9,"key":"Paper Frog"},{"floor":29,"key":"Dead Branch"}],"event_choices":[{"damage_healed":0,"gold_gain":0,"player_choice":"Fought Mushrooms","damage_taken":0,"max_hp_gain":0,"max_hp_loss":0,"event_name":"Mushrooms","floor":7,"gold_loss":0},{"damage_healed":0,"gold_gain":100,"player_choice":"Pray","damage_taken":0,"max_hp_gain":0,"max_hp_loss":0,"event_name":"Golden Shrine","floor":21,"gold_loss":0},{"damage_healed":0,"gold_gain":0,"player_choice":"Shed Blood","damage_taken":18,"max_hp_gain":5,"max_hp_loss":0,"event_name":"Forgotten Altar","floor":30,"gold_loss":0}],"is_beta":false,"boss_relics":[{"not_picked":["Pandora\u0027s Box","Sozu"],"picked":"Philosopher\u0027s Stone"},{"not_picked":["Calling Bell","Orrery"],"picked":"Black Blood"}],"items_purged_floors":[13,19,24,37],"is_endless":false,"potions_floor_spawned":[2,5,14,16,25,29,36,38],"killed_by":"Giant Head","ascension_level":2}