{"gold_per_floor":[111,4,4,14,25,25,25,40,40,40,56,69,69,103,103,180,180,199,199,46,46,57,92,92,92],"floor_reached":25,"playtime":3208,"items_purged":["Strike_G"],"score":442,"play_id":"3312736a-2d07-49e3-aa14-639b32ec3f6c","local_time":"20190209184846","is_ascension_mode":true,"campfire_choices":[{"data":"Noxious Fumes","floor":6,"key":"SMITH"},{"data":"Catalyst","floor":10,"key":"SMITH"},{"data":"Leg Sweep","floor":13,"key":"SMITH"},{"floor":15,"key":"REST"},{"data":"Wraith Form v2","floor":24,"key":"SMITH"}],"neow_cost":"PERCENT_DAMAGE","seed_source_timestamp":951508937706540,"circlet_count":0,"master_deck":["AscendersBane","Defend_G","Defend_G","Defend_G","Defend_G","Defend_G","Strike_G","Strike_G","Strike_G","Strike_G","Survivor","Neutralize","Swift Strike","Mayhem","Catalyst+1","Noxious Fumes+1","Bane","Leg Sweep+1","Backflip","PiercingWail","Dash","Dagger Spray","Calculated Gamble","A Thousand Cuts","Leg Sweep","Ghostly","Ghostly","Ghostly","Footwork+1","Wraith Form v2+1"],"relics":["Ring of the Snake","The Specimen","Paper Crane","Shuriken","Snecko Eye","Darkstone Periapt"],"potions_floor_usage":[5,14,25],"damage_taken":[{"damage":1,"enemies":"2 Louse","floor":1,"turns":3},{"damage":4,"enemies":"Jaw Worm","floor":4,"turns":3},{"damage":0,"enemies":"Cultist","floor":5,"turns":4},{"damage":13,"enemies":"Large Slime","floor":8,"turns":7},{"damage":0,"enemies":"Exordium Wildlife","floor":11,"turns":5},{"damage":4,"enemies":"Red Slaver","floor":12,"turns":4},{"damage":20,"enemies":"Gremlin Nob","floor":14,"turns":6},{"damage":21,"enemies":"The Guardian","floor":16,"turns":12},{"damage":15,"enemies":"Shell Parasite","floor":18,"turns":8},{"damage":1,"enemies":"Chosen","floor":22,"turns":7},{"damage":1,"enemies":"Book of Stabbing","floor":23,"turns":7},{"damage":34,"enemies":"Slavers","floor":25,"turns":13}],"seed_played":"2221126677483927736","potions_obtained":[{"floor":1,"key":"AttackPotion"},{"floor":4,"key":"PowerPotion"},{"floor":23,"key":"Dexterity Potion"}],"is_trial":false,"path_per_floor":["M","$","?","M","M","R","?","M","T","R","M","M","R","E","R","B",null,"M","?","$","?","M","E","R","E"],"character_chosen":"THE_SILENT","items_purchased":["Noxious Fumes","Bane","Footwork"],"campfire_rested":1,"item_purchase_floors":[2,2,20],"current_hp_per_floor":[43,43,65,61,61,61,61,48,48,48,48,44,44,24,43,22,55,40,33,33,33,32,31,31,0],"gold":92,"neow_bonus":"RANDOM_COLORLESS_2","is_prod":false,"is_daily":false,"chose_seed":false,"campfire_upgraded":4,"win_rate":0,"timestamp":1549734526,"path_taken":["M","$","?","M","M","R","?","?","T","R","M","M","R","E","R","BOSS","M","?","$","?","?","E","R","E"],"build_version":"2019-01-23","purchased_purges":1,"victory":false,"max_hp_per_floor":[66,66,66,66,66,66,66,66,66,66,66,66,66,66,66,66,66,66,33,33,33,33,33,33,33],"card_choices":[{"not_picked":["Deflect","Dodge and Roll"],"picked":"Catalyst","floor":1},{"not_picked":["Noxious Fumes","Flying Knee"],"picked":"Leg Sweep","floor":4},{"not_picked":["Terror","Dodge and Roll"],"picked":"Backflip","floor":5},{"not_picked":["Outmaneuver","Sucker Punch"],"picked":"PiercingWail","floor":8},{"not_picked":["Flying Knee","Deflect"],"picked":"Dash","floor":11},{"not_picked":["Dodge and Roll","Riddle With Holes"],"picked":"Dagger Spray","floor":12},{"not_picked":["Outmaneuver","Acrobatics"],"picked":"Calculated Gamble","floor":14},{"not_picked":["Phantasmal Killer","Die Die Die"],"picked":"A Thousand Cuts","floor":16},{"not_picked":["Riddle With Holes","Quick Slash"],"picked":"Leg Sweep","floor":18},{"not_picked":["Outmaneuver","Finisher","Underhanded Strike"],"picked":"SKIP","floor":22},{"not_picked":["Reflex","Skewer"],"picked":"Wraith Form v2","floor":23}],"player_experience":2749213,"relics_obtained":[{"floor":7,"key":"The Specimen"},{"floor":9,"key":"Paper Crane"},{"floor":14,"key":"Shuriken"},{"floor":23,"key":"Darkstone Periapt"}],"event_choices":[{"damage_healed":22,"gold_gain":0,"player_choice":"Banana","damage_taken":0,"max_hp_gain":0,"max_hp_loss":0,"event_name":"Big Fish","floor":3,"gold_loss":0},{"damage_healed":0,"gold_gain":0,"player_choice":"Relic","damage_taken":0,"max_hp_gain":0,"max_hp_loss":0,"event_name":"Wheel of Change","floor":7,"gold_loss":0},{"damage_healed":0,"gold_gain":0,"player_choice":"Became a Ghost","damage_taken":0,"max_hp_gain":0,"max_hp_loss":33,"event_name":"Ghosts","floor":19,"gold_loss":0,"cards_obtained":["Ghostly","Ghostly","Ghostly"]},{"damage_healed":0,"gold_gain":0,"player_choice":"Forge","damage_taken":0,"max_hp_gain":0,"max_hp_loss":0,"event_name":"Accursed Blacksmith","floor":21,"gold_loss":0,"cards_upgraded":["Footwork"]}],"is_beta":false,"boss_relics":[{"not_picked":["Eternal Feather","Tiny House"],"picked":"Snecko Eye"}],"items_purged_floors":[20],"is_endless":false,"potions_floor_spawned":[1,4,23],"killed_by":"Slavers","ascension_level":20}