{"gold_per_floor":[119,12,12,32,32,66,81,81,81,104,29,40,40,71,71,144,144,158,158,83,32,32,32,59,59,59,72,91,2,102,102],"floor_reached":31,"playtime":2594,"items_purged":["Strike_G"],"score":668,"play_id":"c41dfd47-9523-4266-a9db-53c8539f1aca","local_time":"20190220130322","is_ascension_mode":true,"campfire_choices":[{"data":"Footwork","floor":8,"key":"SMITH"},{"data":"Neutralize","floor":13,"key":"SMITH"},{"data":"Malaise","floor":15,"key":"SMITH"},{"floor":23,"key":"RECALL"},{"floor":25,"key":"REST"}],"neow_cost":"NONE","seed_source_timestamp":565946274648572,"circlet_count":0,"master_deck":["AscendersBane","Defend_G","Defend_G","Defend_G","Defend_G","Defend_G","Strike_G","Survivor","Neutralize+1","Dagger Spray","Footwork+1","Cloak And Dagger","Deadly Poison","Poisoned Stab+1","Flechettes+1","Caltrops","Malaise+1","Corpse Explosion","Backflip","Blade Dance","Wraith Form v2+1","PiercingWail","Expertise+1","Leg Sweep","Well Laid Plans","Well Laid Plans","Dodge and Roll"],"relics":["Ring of the Snake","NeowsBlessing","Molten Egg 2","Happy Flower","Oddly Smooth Stone","Fusion Hammer","Smiling Mask","Ancient Tea Set","Unceasing Top","Frozen Egg 2"],"potions_floor_usage":[14,24,24,30,31],"damage_taken":[{"damage":0,"enemies":"Cultist","floor":1,"turns":1},{"damage":0,"enemies":"Small Slimes","floor":4,"turns":1},{"damage":0,"enemies":"3 Sentries","floor":6,"turns":1},{"damage":0,"enemies":"2 Louse","floor":7,"turns":2},{"damage":11,"enemies":"Exordium Wildlife","floor":12,"turns":6},{"damage":19,"enemies":"Gremlin Nob","floor":14,"turns":4},{"damage":0,"enemies":"The Guardian","floor":16,"turns":12},{"damage":1,"enemies":"Shell Parasite","floor":18,"turns":8},{"damage":5,"enemies":"Book of Stabbing","floor":24,"turns":6},{"damage":0,"enemies":"3 Byrds","floor":27,"turns":2},{"damage":0,"enemies":"Sentry and Sphere","floor":28,"turns":7},{"damage":13,"enemies":"Colosseum Slavers","floor":30,"turns":5},{"damage":28,"enemies":"Colosseum Nobs","floor":30,"turns":5},{"damage":33,"enemies":"Chosen and Byrds","floor":31,"turns":7}],"seed_played":"3039259871576377570","potions_obtained":[{"floor":1,"key":"SneckoOil"},{"floor":6,"key":"Fire Potion"},{"floor":16,"key":"Swift Potion"},{"floor":18,"key":"LiquidBronze"},{"floor":28,"key":"PowerPotion"},{"floor":30,"key":"SpeedPotion"}],"is_trial":false,"path_per_floor":["M","$","?","M","?","E","M","R","T","T","$","M","R","E","R","B",null,"M","?","?","$","?","R","E","R","T","M","M","$","?","M"],"character_chosen":"THE_SILENT","items_purchased":["Footwork","Cloak And Dagger","PiercingWail","Well Laid Plans"],"campfire_rested":1,"item_purchase_floors":[2,2,21,29],"current_hp_per_floor":[59,59,66,66,66,66,66,66,66,66,66,55,55,36,36,36,59,58,58,58,58,58,58,53,66,66,66,66,66,25,0],"gold":102,"neow_bonus":"THREE_ENEMY_KILL","is_prod":false,"is_daily":false,"chose_seed":false,"campfire_upgraded":3,"win_rate":0,"timestamp":1550664202,"path_taken":["M","?","?","?","?","E","M","R","T","?","$","M","R","E","R","BOSS","M","?","?","$","?","R","E","R","T","M","?","?","?","M"],"build_version":"2019-01-23","purchased_purges":1,"victory":false,"max_hp_per_floor":[66,66,66,66,66,66,66,66,66,66,66,66,66,66,66,66,66,66,66,66,66,66,66,66,66,66,66,66,66,66,66],"card_choices":[{"not_picked":["Eviscerate","Underhanded Strike"],"picked":"Dagger Spray","floor":1},{"not_picked":["Deflect","Calculated Gamble"],"picked":"Deadly Poison","floor":4},{"not_picked":["Backflip","Blade Dance"],"picked":"Poisoned Stab","floor":6},{"not_picked":["Cloak And Dagger","Riddle With Holes+1"],"picked":"Flechettes+1","floor":7},{"not_picked":["Finisher+1","Deflect"],"picked":"Caltrops","floor":12},{"not_picked":["Tactician","Dagger Throw+1"],"picked":"Malaise","floor":14},{"not_picked":["Doppelganger","Grand Finale+1"],"picked":"Corpse Explosion","floor":16},{"not_picked":["Endless Agony+1","Underhanded Strike+1"],"picked":"Backflip","floor":18},{"not_picked":["Outmaneuver","Prepared"],"picked":"Expertise+1","floor":24},{"not_picked":["Riddle With Holes+1","Eviscerate+1"],"picked":"Leg Sweep","floor":27},{"not_picked":["Tactician","Poisoned Stab+1"],"picked":"Well Laid Plans","floor":28},{"not_picked":["Dagger Throw+1","All Out Attack+1"],"picked":"Dodge and Roll","floor":30}],"player_experience":2794741,"relics_obtained":[{"floor":6,"key":"Molten Egg 2"},{"floor":10,"key":"Happy Flower"},{"floor":14,"key":"Oddly Smooth Stone"},{"floor":24,"key":"Smiling Mask"},{"floor":26,"key":"Ancient Tea Set"},{"floor":30,"key":"Unceasing Top"},{"floor":30,"key":"Frozen Egg 2"}],"event_choices":[{"damage_healed":7,"gold_gain":0,"player_choice":"Full Heal","damage_taken":0,"max_hp_gain":0,"max_hp_loss":0,"event_name":"Wheel of Change","floor":3,"gold_loss":0},{"damage_healed":0,"gold_gain":0,"player_choice":"Leave","damage_taken":0,"max_hp_gain":0,"max_hp_loss":0,"event_name":"The Cleric","floor":5,"gold_loss":0},{"damage_healed":0,"gold_gain":0,"cards_transformed":["Strike_G","Strike_G"],"player_choice":"Became Test Subject","damage_taken":0,"max_hp_gain":0,"max_hp_loss":0,"event_name":"Drug Dealer","floor":19,"gold_loss":0,"cards_obtained":["Blade Dance","Wraith Form v2"]},{"cards_removed":["Strike_G"],"damage_healed":0,"gold_gain":0,"player_choice":"Gave Gold","damage_taken":0,"max_hp_gain":0,"max_hp_loss":0,"event_name":"Beggar","floor":20,"gold_loss":75},{"damage_healed":0,"gold_gain":0,"player_choice":"Forge","damage_taken":0,"max_hp_gain":0,"max_hp_loss":0,"event_name":"Accursed Blacksmith","floor":22,"gold_loss":0,"cards_upgraded":["Wraith Form v2"]},{"damage_healed":0,"gold_gain":0,"player_choice":"Fight","damage_taken":0,"max_hp_gain":0,"max_hp_loss":0,"event_name":"Colosseum","floor":30,"gold_loss":0},{"damage_healed":0,"gold_gain":0,"player_choice":"Fought Nobs","damage_taken":0,"max_hp_gain":0,"max_hp_loss":0,"event_name":"Colosseum","floor":30,"gold_loss":0}],"is_beta":false,"boss_relics":[{"not_picked":["White Beast Statue","Runic Dome"],"picked":"Fusion Hammer"}],"items_purged_floors":[11],"is_endless":false,"potions_floor_spawned":[1,6,16,18,28,30,30],"killed_by":"Chosen and Byrds","ascension_level":20}