{"gold_per_floor":[14,25,25,25,44,44,71,71,71,106,126,126,137,169,169,243,243,258,258,273,273,289,289,306,332,332,332,342,442,442,476,476,547,547,563,220,269,269,55,55,68,100,123,152,152,252,279,295,295,295,295,295,295,17,51,51],"floor_reached":57,"playtime":2911,"items_purged":["Defend_B","Defend_B"],"score":2992,"play_id":"1f6fa41f-cf72-4378-8636-03b24afe2a27","local_time":"20190510184236","is_ascension_mode":true,"campfire_choices":[{"data":"Beam Cell","floor":6.0,"key":"SMITH"},{"data":"Melter","floor":8.0,"key":"SMITH"},{"data":"Zap","floor":12.0,"key":"SMITH"},{"floor":15.0,"key":"REST"},{"data":"Turbo","floor":23.0,"key":"SMITH"},{"data":"Double Energy","floor":30.0,"key":"SMITH"},{"data":"Dualcast","floor":32.0,"key":"SMITH"},{"data":"Coolheaded","floor":40,"key":"SMITH"},{"data":"Skim","floor":45,"key":"SMITH"},{"floor":49,"key":"RECALL"},{"data":"Capacitor","floor":53,"key":"SMITH"}],"neow_cost":"NO_GOLD","seed_source_timestamp":9356799887634,"circlet_count":0,"master_deck":["AscendersBane","Zap+1","Dualcast+1","Beam Cell+1","Electrodynamics","Chill","Turbo+1","Melter+1","Echo Form","Double Energy+1","Skim+1","Loop","Cold Snap","Stack","Echo Form","Skim","Defragment+1","Conserve Battery","BootSequence","Coolheaded+1","Glacier","Blizzard+1","Go for the Eyes+1","Hologram+1","All For One+1","Thunder Strike+1","Darkness+1","Meteor Strike+1","Consume+1","Capacitor+1","Coolheaded+1","Turbo+1","Fusion+1","Stack+1","Echo Form","Coolheaded+1","Turbo+1","Purity+1","Reprogram+1"],"special_seed":0,"relics":["Cracked Core","Prayer Wheel","Pantograph","Oddly Smooth Stone","Orichalcum","Runic Pyramid","Centennial Puzzle","Molten Egg 2","Cables","Shovel","Toxic Egg 2","Nunchaku","Astrolabe","Ice Cream","Mango","DataDisk","Emotion Chip","Peace Pipe","Shuriken"],"potions_floor_usage":[37,55,56],"damage_taken":[{"damage":0.0,"enemies":"Cultist","floor":1.0,"turns":2.0},{"damage":10.0,"enemies":"Small Slimes","floor":2.0,"turns":3.0},{"damage":2.0,"enemies":"Jaw Worm","floor":5.0,"turns":3.0},{"damage":0.0,"enemies":"3 Sentries","floor":7.0,"turns":4.0},{"damage":18.0,"enemies":"Lagavulin","floor":10.0,"turns":6.0},{"damage":5.0,"enemies":"Gremlin Gang","floor":11.0,"turns":2.0},{"damage":5.0,"enemies":"Looter","floor":13.0,"turns":2.0},{"damage":20.0,"enemies":"Gremlin Nob","floor":14.0,"turns":4.0},{"damage":30.0,"enemies":"Slime Boss","floor":16.0,"turns":8.0},{"damage":2.0,"enemies":"Chosen","floor":18.0,"turns":6.0},{"damage":0.0,"enemies":"Spheric Guardian","floor":20.0,"turns":3.0},{"damage":1.0,"enemies":"3 Cultists","floor":22.0,"turns":5.0},{"damage":0.0,"enemies":"Snecko","floor":24.0,"turns":5.0},{"damage":20.0,"enemies":"Book of Stabbing","floor":25.0,"turns":8.0},{"damage":11.0,"enemies":"Snake Plant","floor":28.0,"turns":4.0},{"damage":6.0,"enemies":"Colosseum Slavers","floor":29.0,"turns":3.0},{"damage":7.0,"enemies":"Colosseum Nobs","floor":29.0,"turns":3.0},{"damage":12.0,"enemies":"Gremlin Leader","floor":31.0,"turns":6.0},{"damage":3.0,"enemies":"Champ","floor":33.0,"turns":8.0},{"damage":0,"enemies":"3 Darklings","floor":35,"turns":4},{"damage":16,"enemies":"2 Orb Walkers","floor":37,"turns":3},{"damage":9,"enemies":"3 Shapes","floor":41,"turns":3},{"damage":0,"enemies":"Giant Head","floor":42,"turns":7},{"damage":8,"enemies":"Nemesis","floor":44,"turns":5},{"damage":0,"enemies":"Mind Bloom Boss Battle","floor":46,"turns":5},{"damage":0,"enemies":"Giant Head","floor":47,"turns":6},{"damage":6,"enemies":"Writhing Mass","floor":48,"turns":3},{"damage":10,"enemies":"Donu and Deca","floor":50,"turns":7},{"damage":10,"enemies":"Time Eater","floor":51,"turns":10},{"damage":34,"enemies":"Shield and Spear","floor":55,"turns":6},{"damage":58,"enemies":"The Heart","floor":56,"turns":9}],"seed_played":"7691085522513718617","potions_obtained":[{"floor":1.0,"key":"Regen Potion"},{"floor":2.0,"key":"LiquidBronze"},{"floor":10.0,"key":"FocusPotion"},{"floor":13.0,"key":"Fruit Juice"},{"floor":16.0,"key":"Dexterity Potion"},{"floor":18.0,"key":"Fire Potion"},{"floor":29.0,"key":"Regen Potion"},{"floor":31.0,"key":"Energy Potion"},{"floor":35,"key":"Strength Potion"},{"floor":42,"key":"Dexterity Potion"},{"floor":48,"key":"GamblersBrew"},{"floor":55,"key":"SneckoOil"}],"is_trial":false,"path_per_floor":["M","M","$","?","M","R","E","R","T","E","M","R","M","E","R","B",null,"M","?","M","?","M","R","M","E","T","T","M","?","R","E","R","B",null,"M","$","?","?","$","R","M","E","T","E","R","?","E","M","R","B","B",null,"R","$","E","B",null],"character_chosen":"DEFECT","items_purchased":["Ice Cream","Capacitor","Coolheaded+1","Purity+1","GamblersBrew"],"campfire_rested":1,"item_purchase_floors":[36,39,39,54,54],"current_hp_per_floor":[64,54,54,54,52,52,52,52,52,34,29,29,29,9,31,26,64,62,62,62,62,61,61,61,41,41,41,30,17,17,19,19,41,67,67,67,65,65,65,65,56,56,56,48,48,73,73,67,67,75,75,83,83,83,49,16],"gold":51,"neow_bonus":"TRANSFORM_TWO_CARDS","is_prod":false,"is_daily":false,"chose_seed":false,"campfire_upgraded":9,"win_rate":0,"timestamp":1557484956,"path_taken":["M","M","?","?","M","R","E","R","T","E","M","R","M","E","R","BOSS","M","?","?","?","?","R","M","E","T","?","M","?","R","E","R","BOSS","M","$","?","?","$","R","M","E","T","E","R","?","E","M","R","BOSS","BOSS","R","$","E","BOSS"],"build_version":"2019-01-23","purchased_purges":2,"victory":true,"max_hp_per_floor":[71,71,71,71,71,71,71,71,71,71,71,71,76,76,76,76,76,76,76,76,76,76,76,76,76,76,76,76,76,76,76,76,76,76,76,76,90,85,85,85,85,85,85,85,85,85,85,85,85,85,85,85,85,85,85,85],"card_choices":[{"not_picked":["Lockon","Blizzard"],"picked":"Chill","floor":1.0},{"not_picked":["Beam Cell","Scrape"],"picked":"Turbo","floor":2.0},{"not_picked":["Compile Driver","Gash"],"picked":"Melter","floor":5.0},{"not_picked":["Static Discharge","Turbo"],"picked":"Echo Form","floor":7.0},{"not_picked":["Rebound","Streamline"],"picked":"Double Energy","floor":10.0},{"not_picked":["Lockon","Fusion"],"picked":"Skim","floor":11.0},{"not_picked":["Leap","Tempest"],"picked":"Cold Snap","floor":11.0},{"not_picked":["Aggregate","Cold Snap"],"picked":"Loop","floor":13.0},{"not_picked":["Redo","Chill"],"picked":"Cold Snap","floor":13.0},{"not_picked":["Sweeping Beam","Cold Snap"],"picked":"Stack","floor":14.0},{"not_picked":["Fission","Creative AI"],"picked":"Echo Form","floor":16.0},{"not_picked":["Scrape","Melter+1"],"picked":"Skim","floor":18.0},{"not_picked":["Gash","Hello World+1","Rebound"],"picked":"SKIP","floor":18.0},{"not_picked":["Streamline","Coolheaded"],"picked":"Defragment+1","floor":20.0},{"not_picked":["Redo","Streamline"],"picked":"Conserve Battery","floor":20.0},{"not_picked":["Steam","Barrage"],"picked":"BootSequence","floor":22.0},{"not_picked":["Rip and Tear","Stack","Barrage"],"picked":"SKIP","floor":22.0},{"not_picked":["Genetic Algorithm","Compile Driver"],"picked":"Coolheaded","floor":24.0},{"not_picked":["Barrage","Rainbow"],"picked":"Glacier","floor":24.0},{"not_picked":["Lockon","Leap","Beam Cell"],"picked":"SKIP","floor":25.0},{"not_picked":["Leap","Scrape+1"],"picked":"Blizzard+1","floor":28.0},{"not_picked":["Consume","Beam Cell+1","Streamline+1"],"picked":"SKIP","floor":28.0},{"not_picked":["Hologram","Leap"],"picked":"Go for the Eyes+1","floor":29.0},{"not_picked":["Barrage+1","Cold Snap+1"],"picked":"Hologram+1","floor":31.0},{"not_picked":["Rainbow+1","Electrodynamics"],"picked":"All For One+1","floor":33.0},{"not_picked":["Chill+1","Steam+1"],"picked":"Consume+1","floor":35},{"not_picked":["BootSequence+1","Doom and Gloom+1","Sweeping Beam+1"],"picked":"SKIP","floor":35},{"not_picked":["Redo+1","Static Discharge+1"],"picked":"Turbo+1","floor":41},{"not_picked":["Sunder+1","Streamline+1"],"picked":"Fusion+1","floor":41},{"not_picked":["Stack+1","Steam+1","Barrage+1"],"picked":"SKIP","floor":42},{"not_picked":["Steam+1","Barrage+1"],"picked":"Stack+1","floor":42},{"not_picked":["Biased Cognition","Leap+1"],"picked":"Echo Form","floor":44},{"not_picked":["Stack+1","Fusion+1","Auto Shields+1"],"picked":"SKIP","floor":47},{"not_picked":["Streamline+1","Rebound+1"],"picked":"Coolheaded+1","floor":48},{"not_picked":["Skim+1","Creative AI"],"picked":"Turbo+1","floor":48},{"not_picked":["Self Repair+1","Lockon+1"],"picked":"Reprogram+1","floor":55}],"player_experience":1604407,"relics_obtained":[{"floor":7.0,"key":"Prayer Wheel"},{"floor":9.0,"key":"Pantograph"},{"floor":10.0,"key":"Oddly Smooth Stone"},{"floor":14.0,"key":"Orichalcum"},{"floor":25.0,"key":"Centennial Puzzle"},{"floor":26.0,"key":"Molten Egg 2"},{"floor":27.0,"key":"Cables"},{"floor":29.0,"key":"Shovel"},{"floor":29.0,"key":"Toxic Egg 2"},{"floor":31.0,"key":"Nunchaku"},{"floor":37,"key":"Mango"},{"floor":44,"key":"DataDisk"},{"floor":46,"key":"Emotion Chip"},{"floor":47,"key":"Peace Pipe"},{"floor":55,"key":"Shuriken"}],"event_choices":[{"damage_healed":0.0,"max_hp_gain":0.0,"max_hp_loss":0.0,"gold_gain":0.0,"event_name":"The Cleric","player_choice":"Leave","floor":4.0,"gold_loss":0.0,"damage_taken":0.0},{"cards_removed":["Strike_B"],"damage_healed":0.0,"max_hp_gain":0.0,"max_hp_loss":0.0,"gold_gain":0.0,"event_name":"Purifier","player_choice":"Purged","floor":19.0,"gold_loss":0.0,"damage_taken":0.0},{"cards_removed":["Strike_B"],"damage_healed":0.0,"max_hp_gain":0.0,"max_hp_loss":0.0,"gold_gain":0.0,"event_name":"Bonfire Elementals","player_choice":"Offered Basic","floor":21.0,"gold_loss":0.0,"damage_taken":0.0},{"damage_healed":0.0,"max_hp_gain":0.0,"max_hp_loss":0.0,"gold_gain":0.0,"event_name":"Colosseum","player_choice":"Fight","floor":29.0,"gold_loss":0.0,"damage_taken":0.0},{"damage_healed":0.0,"max_hp_gain":0.0,"max_hp_loss":0.0,"gold_gain":0.0,"event_name":"Colosseum","player_choice":"Fought Nobs","floor":29.0,"gold_loss":0.0,"damage_taken":0.0},{"damage_healed":0,"gold_gain":0,"player_choice":"Fight","damage_taken":0,"max_hp_gain":0,"max_hp_loss":0,"event_name":"Mysterious Sphere","floor":37,"gold_loss":0},{"damage_healed":0,"gold_gain":0,"player_choice":"Max HP","damage_taken":0,"max_hp_gain":0,"max_hp_loss":5,"event_name":"Winding Halls","floor":38,"gold_loss":0},{"damage_healed":0,"gold_gain":0,"player_choice":"Fight","damage_taken":0,"max_hp_gain":0,"max_hp_loss":0,"event_name":"MindBloom","floor":46,"gold_loss":0}],"is_beta":false,"boss_relics":[{"not_picked":["Cursed Key","Calling Bell"],"picked":"Runic Pyramid"},{"not_picked":["Coffee Dripper","Black Star"],"picked":"Astrolabe"}],"items_purged_floors":[39,54],"is_endless":false,"potions_floor_spawned":[1,2,10,13,16,18,24,29,29,31,35,42,48,55],"ascension_level":20}