{"gold_per_floor":[113,113,130,305,2,2,16,16,16,43,58,158,58,74,74,179,179,199,217,40,40,56,90,90,90,90,100,100,113,113],"floor_reached":30,"playtime":1004,"items_purged":["Doubt","Strike_R","Strike_R"],"score":385,"play_id":"e3c01362-ef25-4041-aa16-f9c21dfe964e","local_time":"20190510073005","is_ascension_mode":true,"campfire_choices":[{"data":"Heavy Blade","floor":6,"key":"SMITH"},{"data":"Demon Form","floor":8,"key":"SMITH"},{"floor":15,"key":"REST"},{"data":"Shrug It Off","floor":24,"key":"SMITH"},{"floor":28,"key":"REST"}],"neow_cost":"TEN_PERCENT_HP_LOSS","seed_source_timestamp":1198573821270344,"circlet_count":0,"master_deck":["Strike_R","Strike_R","Strike_R","Defend_R","Defend_R","Defend_R","Defend_R+1","Bash","Demon Form+1","Heavy Blade+1","Seeing Red+1","Double Tap","Shockwave","Shrug It Off+1","Shrug It Off+1"],"relics":["Burning Blood","War Paint","Mercury Hourglass","Dead Branch","Sozu","FaceOfCleric","Juzu Bracelet","Thread and Needle"],"potions_floor_usage":[23],"damage_taken":[{"damage":1,"enemies":"Cultist","floor":1,"turns":4},{"damage":8,"enemies":"2 Louse","floor":3,"turns":3},{"damage":12,"enemies":"Jaw Worm","floor":7,"turns":3},{"damage":26,"enemies":"Gremlin Nob","floor":10,"turns":4},{"damage":21,"enemies":"Gremlin Gang","floor":11,"turns":4},{"damage":19,"enemies":"Blue Slaver","floor":14,"turns":4},{"damage":11,"enemies":"The Guardian","floor":16,"turns":7},{"damage":20,"enemies":"2 Thieves","floor":18,"turns":4},{"damage":5,"enemies":"Shell Parasite","floor":19,"turns":4},{"damage":27,"enemies":"Snake Plant","floor":22,"turns":4},{"damage":0,"enemies":"Gremlin Leader","floor":23,"turns":4},{"damage":18,"enemies":"Shelled Parasite and Fungi","floor":27,"turns":5},{"damage":14,"enemies":"Snecko","floor":29,"turns":4},{"damage":58,"enemies":"Slavers","floor":30,"turns":7}],"seed_played":"-8735047463636962772","potions_obtained":[{"floor":1,"key":"FearPotion"},{"floor":11,"key":"Strength Potion"},{"floor":14,"key":"AttackPotion"}],"is_trial":false,"path_per_floor":["?","?","?","M","?"],"character_chosen":"IRONCLAD","items_purchased":["Double Tap","War Paint","Shrug It Off"],"campfire_rested":2,"item_purchase_floors":[5,5,20],"current_hp_per_floor":[72,77,75,75,75,75,69,69,69,49,34,34,34,21,44,39,68,54,55,55,55,35,42,42,42,42,31,55,48,0],"gold":113,"neow_bonus":"THREE_RARE_CARDS","is_prod":false,"is_daily":false,"chose_seed":false,"campfire_upgraded":3,"win_rate":0,"timestamp":1557466205,"path_taken":["M","?","M","?","$","R","M","R","T","E","M","?","$","?","R","BOSS","M","M","$","?","M","E","R","$","T","M","R","M","E"],"build_version":"2019-01-23","purchased_purges":3,"victory":false,"max_hp_per_floor":[72,77,77,77,77,77,77,77,77,77,77,77,77,77,77,77,77,77,77,77,77,78,79,79,79,79,80,80,81,81],"card_choices":[{"not_picked":["Limit Break","Exhume"],"picked":"Demon Form","floor":0},{"not_picked":["Rupture","Clothesline"],"picked":"Heavy Blade","floor":1},{"not_picked":["Perfected Strike","Twin Strike"],"picked":"Seeing Red","floor":3},{"not_picked":["Corruption","Clash","Pommel Strike"],"picked":"SKIP","floor":7},{"not_picked":["Clash","Power Through","Spot Weakness"],"picked":"SKIP","floor":10},{"not_picked":["Sword Boomerang","Rampage"],"picked":"Shockwave","floor":11},{"not_picked":["Armaments","Twin Strike","Flex"],"picked":"SKIP","floor":14},{"not_picked":["Havoc","Power Through","Warcry"],"picked":"SKIP","floor":18},{"not_picked":["Body Slam+1","Warcry","Flex"],"picked":"SKIP","floor":19},{"not_picked":["Intimidate","Havoc","Flex"],"picked":"SKIP","floor":22},{"not_picked":["Feel No Pain","Hemokinesis","Dual Wield"],"picked":"SKIP","floor":23},{"not_picked":["Body Slam","Clothesline","Anger"],"picked":"SKIP","floor":27},{"not_picked":["Carnage","Ghostly Armor"],"picked":"Shrug It Off+1","floor":29}],"player_experience":260361,"relics_obtained":[{"floor":9,"key":"Mercury Hourglass"},{"floor":10,"key":"Dead Branch"},{"floor":23,"key":"Juzu Bracelet"},{"floor":26,"key":"Thread and Needle"}],"event_choices":[{"damage_healed":0,"gold_gain":0,"player_choice":"Donut","damage_taken":0,"max_hp_gain":5,"max_hp_loss":0,"event_name":"Big Fish","floor":2,"gold_loss":0},{"damage_healed":0,"gold_gain":175,"player_choice":"AGREE","damage_taken":0,"max_hp_gain":0,"max_hp_loss":0,"event_name":"Liars Game","floor":4,"gold_loss":0,"cards_obtained":["Doubt"]},{"damage_healed":0,"gold_gain":100,"player_choice":"Pray","damage_taken":0,"max_hp_gain":0,"max_hp_loss":0,"event_name":"Golden Shrine","floor":12,"gold_loss":0},{"damage_healed":0,"gold_gain":0,"player_choice":"Trade","damage_taken":0,"relics_obtained":["FaceOfCleric"],"max_hp_gain":0,"max_hp_loss":0,"event_name":"FaceTrader","floor":21,"gold_loss":0}],"is_beta":false,"boss_relics":[{"not_picked":["Ectoplasm","Runic Dome"],"picked":"Sozu"}],"items_purged_floors":[5,13,20],"is_endless":false,"potions_floor_spawned":[1,11,14,16,22,23],"killed_by":"Slavers","ascension_level":8}