{"gold_per_floor":[114,127,144,45,45,45,45,45,45,45,77,93,41,54,54,54],"floor_reached":16,"playtime":798,"items_purged":["Strike_G"],"score":200,"play_id":"13b3c57d-8426-4af3-b658-202df4f60374","local_time":"20190406043029","is_ascension_mode":true,"campfire_choices":[{"data":"Neutralize","floor":6,"key":"SMITH"},{"data":"Dodge and Roll","floor":8,"key":"SMITH"},{"data":"Calculated Gamble","floor":10,"key":"SMITH"},{"floor":15,"key":"REST"}],"neow_cost":"NONE","seed_source_timestamp":801916415156955,"circlet_count":0,"master_deck":["AscendersBane","Defend_G","Defend_G","Defend_G","Defend_G","Defend_G","Strike_G","Strike_G","Strike_G","Strike_G","Survivor","Neutralize+1","Deadly Poison+1","Calculated Gamble+1","Dodge and Roll+1","Bane","Catalyst+1","Catalyst+1","Backflip+1","Concentrate+1"],"relics":["Ring of the Snake","NeowsBlessing","Toxic Egg 2","Vajra"],"potions_floor_usage":[11,16],"damage_taken":[{"damage":0,"enemies":"Cultist","floor":1,"turns":1},{"damage":0,"enemies":"Small Slimes","floor":2,"turns":1},{"damage":0,"enemies":"2 Louse","floor":3,"turns":1},{"damage":24,"enemies":"Gremlin Nob","floor":11,"turns":4},{"damage":11,"enemies":"Exordium Wildlife","floor":12,"turns":3},{"damage":0,"enemies":"3 Louse","floor":14,"turns":4},{"damage":43,"enemies":"Slime Boss","floor":16,"turns":14}],"seed_played":"2660181117388805985","potions_obtained":[{"floor":2,"key":"SteroidPotion"},{"floor":12,"key":"Dexterity Potion"}],"is_trial":false,"path_per_floor":["M","M","M","$","?","R","?","R","T","R","E","M","$","M","R","B"],"character_chosen":"THE_SILENT","items_purchased":["Bane","Backflip+1"],"campfire_rested":1,"item_purchase_floors":[4,13],"current_hp_per_floor":[59,59,59,59,59,59,59,59,59,59,35,24,24,24,43,0],"gold":54,"neow_bonus":"THREE_ENEMY_KILL","is_prod":false,"is_daily":false,"chose_seed":false,"campfire_upgraded":3,"win_rate":0,"timestamp":1554517829,"path_taken":["M","?","M","$","?","R","?","R","T","R","E","M","?","M","R","BOSS"],"build_version":"2019-01-23","purchased_purges":1,"victory":false,"max_hp_per_floor":[66,66,66,66,66,66,66,66,66,66,66,66,66,66,66,66],"card_choices":[{"not_picked":["Expertise","PiercingWail"],"picked":"Deadly Poison","floor":1},{"not_picked":["Masterful Stab","Bane"],"picked":"Calculated Gamble","floor":2},{"not_picked":["Slice","Prepared"],"picked":"Dodge and Roll","floor":3},{"not_picked":["Accuracy","Underhanded Strike"],"picked":"Catalyst+1","floor":11},{"not_picked":["Tactician+1","Well Laid Plans"],"picked":"Catalyst+1","floor":12},{"not_picked":["Flying Knee","Quick Slash"],"picked":"Concentrate+1","floor":14}],"player_experience":3029457,"relics_obtained":[{"floor":9,"key":"Toxic Egg 2"},{"floor":11,"key":"Vajra"}],"event_choices":[{"damage_healed":0,"gold_gain":0,"player_choice":"Leave","damage_taken":0,"max_hp_gain":0,"max_hp_loss":0,"event_name":"The Cleric","floor":5,"gold_loss":0},{"damage_healed":0,"gold_gain":0,"player_choice":"Grow","damage_taken":0,"max_hp_gain":0,"max_hp_loss":0,"event_name":"Living Wall","floor":7,"gold_loss":0,"cards_upgraded":["Deadly Poison"]}],"is_beta":false,"boss_relics":[],"items_purged_floors":[4],"is_endless":false,"potions_floor_spawned":[2,12],"killed_by":"Slime Boss","ascension_level":20}