{"gold_per_floor":[109,109,123,123,140,12,29,48,48,62,62,81,81,95,95,95],"floor_reached":16,"playtime":1240,"items_purged":["Strike_B"],"score":96,"play_id":"9eb33d46-6407-4792-85ce-76d8a99a4b93","local_time":"20190425180355","is_ascension_mode":false,"campfire_choices":[{"data":"Dualcast","floor":13,"key":"SMITH"},{"data":"Consume","floor":15,"key":"SMITH"}],"neow_cost":"NONE","seed_source_timestamp":63644193665800,"circlet_count":0,"master_deck":["Strike_B","Strike_B","Defend_B","Defend_B+1","Defend_B","Defend_B","Zap+1","Dualcast+1","Auto Shields","BootSequence","BootSequence","Reinforced Body","Beam Cell","Cold Snap","Consume+1","Redo"],"relics":["Cracked Core","Shuriken"],"potions_floor_usage":[16,16],"damage_taken":[{"damage":0,"enemies":"Small Slimes","floor":1,"turns":3},{"damage":0,"enemies":"Cultist","floor":3,"turns":4},{"damage":0,"enemies":"Jaw Worm","floor":5,"turns":4},{"damage":2,"enemies":"3 Louse","floor":7,"turns":3},{"damage":2,"enemies":"Blue Slaver","floor":8,"turns":5},{"damage":0,"enemies":"Large Slime","floor":10,"turns":6},{"damage":0,"enemies":"Exordium Wildlife","floor":12,"turns":7},{"damage":1,"enemies":"Red Slaver","floor":14,"turns":4},{"damage":4,"enemies":"Slime Boss","floor":16,"turns":12}],"seed_played":"5722954765818794600","potions_obtained":[{"floor":3,"key":"Ancient Potion"},{"floor":4,"key":"Swift Potion"},{"floor":4,"key":"EssenceOfSteel"},{"floor":4,"key":"FairyPotion"}],"is_trial":false,"path_per_floor":["?","?","M","?"],"character_chosen":"DEFECT","items_purchased":["Beam Cell"],"campfire_rested":0,"item_purchase_floors":[6],"current_hp_per_floor":[75,68,68,68,68,68,66,64,64,64,49,49,49,48,48,44],"gold":95,"neow_bonus":"THREE_CARDS","is_prod":false,"is_daily":false,"chose_seed":false,"campfire_upgraded":2,"win_rate":0,"timestamp":1556240635,"path_taken":["M","?","M","?","M","$","M","?","T","M","?","M","R","M","R","BOSS"],"build_version":"2019-01-23","purchased_purges":1,"victory":false,"max_hp_per_floor":[75,75,75,75,75,75,75,75,75,75,75,75,75,75,75,75],"card_choices":[{"not_picked":["Rebound","Cold Snap"],"picked":"Auto Shields","floor":0},{"not_picked":["Hologram","Cold Snap"],"picked":"BootSequence","floor":1},{"not_picked":["Auto Shields","Stack"],"picked":"BootSequence","floor":3},{"not_picked":["Barrage","Double Energy"],"picked":"Reinforced Body","floor":5},{"not_picked":["Biased Cognition","Leap"],"picked":"Cold Snap","floor":7},{"not_picked":["Recycle","Steam","Conserve Battery"],"picked":"SKIP","floor":8},{"not_picked":["BootSequence","Stack"],"picked":"Consume","floor":10},{"not_picked":["Stack","Compile Driver"],"picked":"Redo","floor":12},{"not_picked":["Streamline","Amplify","Rip and Tear"],"picked":"SKIP","floor":14}],"player_experience":72084,"relics_obtained":[{"floor":9,"key":"Shuriken"}],"event_choices":[{"cards_removed":["Strike_B"],"damage_healed":0,"gold_gain":0,"player_choice":"Card Removal","damage_taken":7,"max_hp_gain":0,"max_hp_loss":0,"event_name":"Golden Wing","floor":2,"gold_loss":0},{"damage_healed":0,"gold_gain":0,"player_choice":"Got Potions","damage_taken":0,"max_hp_gain":0,"max_hp_loss":0,"event_name":"Lab","floor":4,"gold_loss":0},{"damage_healed":0,"gold_gain":0,"player_choice":"Entered Light","damage_taken":15,"max_hp_gain":0,"max_hp_loss":0,"event_name":"Shining Light","floor":11,"gold_loss":0,"cards_upgraded":["Zap","Defend_B"]}],"is_beta":false,"boss_relics":[],"items_purged_floors":[6],"is_endless":false,"potions_floor_spawned":[3,5,10,12],"killed_by":"Slime Boss","ascension_level":0}