{"gold_per_floor":[110,110,110,130,146,146,176,99,124,37,50,50,50,70,70,145,145,164,184,234,250,250],"floor_reached":22,"playtime":2205,"items_purged":[],"score":372,"play_id":"c46f843b-de31-4e42-b425-ca228c4245e0","local_time":"20190422075816","is_ascension_mode":true,"campfire_choices":[{"data":"Disarm","floor":6,"key":"SMITH"},{"data":"Spot Weakness","floor":13,"key":"SMITH"},{"data":"Barricade","floor":15,"key":"SMITH"}],"neow_cost":"NONE","seed_source_timestamp":956807399549,"circlet_count":0,"master_deck":["AscendersBane","Strike_R","Strike_R","Strike_R","Defend_R","Defend_R","Defend_R","Defend_R","Bash","Heavy Blade","Armaments+1","Clothesline","Disarm+1","Cleave","Spot Weakness+1","Whirlwind","Sword Boomerang","Offering","Barricade+1","Feed","Headbutt","Burning Pact"],"relics":["Burning Blood","Bag of Marbles","Ornamental Fan","Blood Vial","Sozu"],"potions_floor_usage":[16,16,18],"damage_taken":[{"damage":0,"enemies":"2 Louse","floor":1,"turns":3},{"damage":1,"enemies":"Small Slimes","floor":4,"turns":4},{"damage":0,"enemies":"Cultist","floor":5,"turns":3},{"damage":28,"enemies":"Lagavulin","floor":7,"turns":11},{"damage":10,"enemies":"Red Slaver","floor":11,"turns":3},{"damage":13,"enemies":"Looter","floor":14,"turns":2},{"damage":32,"enemies":"Hexaghost","floor":16,"turns":12},{"damage":31,"enemies":"Chosen","floor":18,"turns":4},{"damage":25,"enemies":"Shell Parasite","floor":19,"turns":5},{"damage":20,"enemies":"Snecko","floor":21,"turns":5},{"damage":16,"enemies":"Cultist and Chosen","floor":22,"turns":3}],"seed_played":"3834126964135009182","potions_obtained":[{"floor":7,"key":"Weak Potion"},{"floor":11,"key":"AttackPotion"},{"floor":16,"key":"Poison Potion"}],"is_trial":false,"path_per_floor":["M","?","?","M","M","R","E","$","T","$","M","?","R","M","R","B",null,"M","M","?","M","M"],"character_chosen":"IRONCLAD","items_purchased":["Spot Weakness","Whirlwind"],"campfire_rested":0,"item_purchase_floors":[8,10],"current_hp_per_floor":[74,74,74,75,75,75,53,53,53,53,51,51,51,46,46,22,62,39,22,22,10,0],"gold":250,"neow_bonus":"TRANSFORM_CARD","is_prod":false,"is_daily":false,"chose_seed":false,"campfire_upgraded":3,"win_rate":0,"timestamp":1555912696,"path_taken":["M","?","?","?","M","R","E","?","T","$","M","?","R","M","R","BOSS","M","M","?","M","M"],"build_version":"2019-01-23","purchased_purges":0,"victory":false,"max_hp_per_floor":[75,75,75,75,75,75,75,75,75,75,75,75,75,75,75,75,75,75,75,75,75,75],"card_choices":[{"not_picked":["Sword Boomerang","Combust"],"picked":"Armaments","floor":1},{"not_picked":["Anger","Armaments"],"picked":"Clothesline","floor":4},{"not_picked":["Clothesline","Bloodletting"],"picked":"Disarm","floor":5},{"not_picked":["Combust","Clothesline"],"picked":"Cleave","floor":7},{"not_picked":["Body Slam","Iron Wave"],"picked":"Sword Boomerang","floor":11},{"not_picked":["True Grit","Shrug It Off"],"picked":"Barricade","floor":14},{"not_picked":["Fiend Fire","Barricade"],"picked":"Feed","floor":16},{"not_picked":["Sword Boomerang","Flex","Second Wind"],"picked":"SKIP","floor":18},{"not_picked":["Pommel Strike","Armaments"],"picked":"Headbutt","floor":19},{"not_picked":["Dual Wield","Pommel Strike"],"picked":"Burning Pact","floor":21}],"player_experience":3163638,"relics_obtained":[{"floor":3,"key":"Bag of Marbles"},{"floor":7,"key":"Ornamental Fan"},{"floor":9,"key":"Blood Vial"}],"event_choices":[{"damage_healed":0,"gold_gain":0,"player_choice":"Grow","damage_taken":0,"max_hp_gain":0,"max_hp_loss":0,"event_name":"Living Wall","floor":2,"gold_loss":0,"cards_upgraded":["Armaments"]},{"damage_healed":0,"gold_gain":0,"player_choice":"Relic","damage_taken":0,"max_hp_gain":0,"max_hp_loss":0,"event_name":"Wheel of Change","floor":3,"gold_loss":0},{"damage_healed":0,"gold_gain":0,"cards_transformed":["Strike_R"],"player_choice":"Transformed","damage_taken":0,"max_hp_gain":0,"max_hp_loss":0,"event_name":"Transmorgrifier","floor":12,"gold_loss":0,"cards_obtained":["Offering"]},{"damage_healed":0,"gold_gain":50,"player_choice":"Stole From Cult","damage_taken":0,"max_hp_gain":0,"max_hp_loss":0,"event_name":"Nest","floor":20,"gold_loss":0}],"is_beta":false,"boss_relics":[{"not_picked":["Empty Cage","Runic Cube"],"picked":"Sozu"}],"items_purged_floors":[],"is_endless":false,"potions_floor_spawned":[7,11,14,16,18,19,21],"killed_by":"Cultist and Chosen","ascension_level":20}