{"gold_per_floor":[117,117,127,139,158,191,215,233,259,162,162,188,188,205,205,301,301,318,329,13,13,25,25,50,66,116,116,116,41,61,61,61,156,156,172,172,172,20,31,31,62,80,127,8,8,20,72,88,88,88,88,88,11,43,43],"floor_reached":55,"playtime":3806,"items_purged":["Strike_G","Defend_G","Strike_G"],"score":787,"play_id":"9af15e0c-31f9-4424-bb53-84ed5a2aa56a","local_time":"20190411182204","is_ascension_mode":true,"campfire_choices":[{"floor":13,"key":"REST"},{"data":"Crippling Poison","floor":15,"key":"SMITH"},{"floor":23,"key":"REST"},{"floor":27,"key":"REST"},{"floor":32,"key":"REST"},{"floor":40,"key":"RECALL"},{"data":"Catalyst","floor":45,"key":"SMITH"},{"floor":49,"key":"REST"},{"data":"After Image","floor":52,"key":"SMITH"}],"neow_cost":"NONE","seed_source_timestamp":1930133034703496,"circlet_count":0,"master_deck":["Defend_G","Defend_G","Defend_G","Strike_G","Strike_G","Survivor","Neutralize","Dagger Throw+1","Dagger Spray","Quick Slash","Backstab","Die Die Die","Crippling Poison+1","PiercingWail","Crippling Poison","Backstab","A Thousand Cuts","Envenom","Cloak And Dagger","Well Laid Plans","Cloak And Dagger","Necronomicurse","Poisoned Stab+1","Noxious Fumes+1","After Image+1","Expertise+1","Poisoned Stab+1","Die Die Die","Catalyst","Terror","Catalyst+1","Calculated Gamble","Deadly Poison","Finesse","Backstab","Dagger Spray+1","Expertise+1"],"relics":["Ring of the Snake","NeowsBlessing","Singing Bowl","Odd Mushroom","Dream Catcher","Anchor","HoveringKite","Membership Card","Necronomicon","Orichalcum","Regal Pillow","Shuriken","Tough Bandages","Runic Pyramid","Bronze Scales","Gremlin Horn","Girya","Tingsha"],"potions_floor_usage":[16,16,16,16,16,22,22,24,30,47,50,50,50,55,55,55],"damage_taken":[{"damage":0,"enemies":"Small Slimes","floor":1,"turns":1},{"damage":0,"enemies":"Cultist","floor":3,"turns":1},{"damage":0,"enemies":"Jaw Worm","floor":4,"turns":1},{"damage":6,"enemies":"3 Louse","floor":5,"turns":3},{"damage":14,"enemies":"Gremlin Nob","floor":6,"turns":4},{"damage":9,"enemies":"The Mushroom Lair","floor":7,"turns":3},{"damage":0,"enemies":"Lots of Slimes","floor":8,"turns":1},{"damage":21,"enemies":"Lagavulin","floor":12,"turns":8},{"damage":0,"enemies":"Looter","floor":14,"turns":1},{"damage":34,"enemies":"The Guardian","floor":16,"turns":11},{"damage":0,"enemies":"3 Byrds","floor":18,"turns":3},{"damage":4,"enemies":"2 Thieves","floor":19,"turns":3},{"damage":8,"enemies":"Shelled Parasite and Fungi","floor":22,"turns":5},{"damage":31,"enemies":"Slavers","floor":24,"turns":5},{"damage":14,"enemies":"Snecko","floor":25,"turns":5},{"damage":25,"enemies":"Sentry and Sphere","floor":30,"turns":6},{"damage":21,"enemies":"Collector","floor":33,"turns":8},{"damage":2,"enemies":"3 Shapes","floor":35,"turns":4},{"damage":0,"enemies":"Orb Walker","floor":39,"turns":4},{"damage":8,"enemies":"Nemesis","floor":41,"turns":5},{"damage":3,"enemies":"3 Darklings","floor":42,"turns":4},{"damage":9,"enemies":"Sphere and 2 Shapes","floor":46,"turns":4},{"damage":4,"enemies":"2 Orb Walkers","floor":47,"turns":4},{"damage":15,"enemies":"Maw","floor":48,"turns":5},{"damage":75,"enemies":"Awakened One","floor":50,"turns":10},{"damage":48,"enemies":"Shield and Spear","floor":54,"turns":8},{"damage":37,"enemies":"The Heart","floor":55,"turns":5}],"seed_played":"-1233150538033570744","potions_obtained":[{"floor":1,"key":"Explosive Potion"},{"floor":6,"key":"Strength Potion"},{"floor":7,"key":"EntropicBrew"},{"floor":8,"key":"GhostInAJar"},{"floor":18,"key":"Explosive Potion"},{"floor":19,"key":"Strength Potion"},{"floor":24,"key":"Explosive Potion"},{"floor":41,"key":"GhostInAJar"},{"floor":46,"key":"PowerPotion"},{"floor":47,"key":"AttackPotion"},{"floor":54,"key":"GamblersBrew"}],"is_trial":false,"path_per_floor":["?","M","M","?","?","M","?","T","?","T","?","?","M","$","?"],"character_chosen":"THE_SILENT","items_purchased":["PiercingWail","Well Laid Plans","Membership Card","Cloak And Dagger","Bronze Scales","Terror","GhostInAJar","Deadly Poison","Finesse","LiquidBronze","LiquidBronze"],"campfire_rested":5,"item_purchase_floors":[10,20,20,20,38,38,38,44,44,53,53],"current_hp_per_floor":[70,70,70,70,64,50,41,43,43,43,43,22,43,43,43,9,72,72,68,68,52,44,65,34,22,22,61,61,61,36,36,73,52,76,74,74,74,74,74,74,68,65,65,65,65,56,52,39,78,3,80,80,80,34,0],"gold":43,"neow_bonus":"THREE_ENEMY_KILL","is_prod":false,"is_daily":false,"chose_seed":false,"campfire_upgraded":3,"win_rate":0,"timestamp":1554999724,"path_taken":["M","?","M","?","?","E","?","M","T","$","?","E","R","M","R","BOSS","M","?","$","?","M","R","E","M","T","R","?","?","M","?","R","BOSS","M","?","?","$","?","R","E","M","T","?","R","M","?","M","R","BOSS","R","$","E","BOSS"],"build_version":"2019-01-23","purchased_purges":3,"victory":false,"max_hp_per_floor":[70,70,70,70,70,70,70,72,72,72,72,72,72,72,72,72,72,72,72,72,72,72,72,72,74,74,76,76,76,76,76,76,76,76,76,76,76,76,76,76,78,78,78,78,78,78,78,80,80,80,80,80,80,82,82],"card_choices":[{"not_picked":["Endless Agony","Deflect"],"picked":"Dagger Throw","floor":1},{"not_picked":["Sucker Punch","Flechettes"],"picked":"Dagger Spray","floor":3},{"not_picked":["Prepared","Bane"],"picked":"Quick Slash","floor":4},{"not_picked":["Dodge and Roll","Masterful Stab"],"picked":"Backstab","floor":5},{"not_picked":["Wraith Form v2","Slice"],"picked":"Die Die Die","floor":6},{"not_picked":["Bouncing Flask","Caltrops"],"picked":"Crippling Poison","floor":7},{"not_picked":["Bouncing Flask","Escape Plan","Acrobatics"],"picked":"Singing Bowl","floor":8},{"not_picked":["Slice","Deadly Poison"],"picked":"Crippling Poison","floor":12},{"not_picked":["Quick Slash","Infinite Blades"],"picked":"Backstab","floor":13},{"not_picked":["Calculated Gamble","Backflip"],"picked":"A Thousand Cuts","floor":14},{"not_picked":["Die Die Die","Bullet Time"],"picked":"Envenom","floor":16},{"not_picked":["Riddle With Holes+1","Dagger Throw"],"picked":"Slice+1","floor":18},{"not_picked":["Prepared","Underhanded Strike+1"],"picked":"Cloak And Dagger","floor":19},{"not_picked":["Eviscerate","Dash"],"picked":"Poisoned Stab+1","floor":22},{"not_picked":["Eviscerate","Deflect"],"picked":"Noxious Fumes+1","floor":23},{"not_picked":["Flying Knee","Riddle With Holes"],"picked":"After Image","floor":24},{"not_picked":["Bouncing Flask","Outmaneuver","Deflect"],"picked":"Singing Bowl","floor":25},{"not_picked":["Blade Dance","Dodge and Roll","Quick Slash"],"picked":"Singing Bowl","floor":27},{"not_picked":["PiercingWail","Dagger Throw"],"picked":"Expertise+1","floor":30},{"not_picked":["Backflip","Wraith Form v2"],"picked":"Poisoned Stab+1","floor":32},{"not_picked":["Unload","Venomology"],"picked":"Die Die Die","floor":33},{"not_picked":["All Out Attack+1","Bane"],"picked":"Catalyst","floor":35},{"not_picked":["Eviscerate+1","Dagger Throw"],"picked":"Catalyst","floor":39},{"not_picked":["Flying Knee+1","Catalyst","Well Laid Plans"],"picked":"Singing Bowl","floor":41},{"not_picked":["Acrobatics","Predator"],"picked":"Calculated Gamble","floor":42},{"not_picked":["Poisoned Stab+1","Dagger Throw"],"picked":"Backstab","floor":46},{"not_picked":["Cloak And Dagger+1","Eviscerate+1"],"picked":"Dagger Spray+1","floor":47},{"not_picked":["Sucker Punch","Outmaneuver+1","Predator+1"],"picked":"Singing Bowl","floor":48},{"not_picked":["Endless Agony","Masterful Stab"],"picked":"Expertise+1","floor":49},{"not_picked":["Tools of the Trade","Acrobatics+1","Tactician+1"],"picked":"Singing Bowl","floor":54}],"player_experience":65153,"relics_obtained":[{"floor":6,"key":"Singing Bowl"},{"floor":7,"key":"Odd Mushroom"},{"floor":9,"key":"Dream Catcher"},{"floor":12,"key":"Anchor"},{"floor":21,"key":"Necronomicon"},{"floor":24,"key":"Orichalcum"},{"floor":26,"key":"Regal Pillow"},{"floor":28,"key":"Shuriken"},{"floor":31,"key":"Tough Bandages"},{"floor":41,"key":"Gremlin Horn"},{"floor":47,"key":"Girya"},{"floor":54,"key":"Tingsha"}],"event_choices":[{"damage_healed":0,"gold_gain":0,"player_choice":"Upgraded","damage_taken":0,"max_hp_gain":0,"max_hp_loss":0,"event_name":"Upgrade Shrine","floor":2,"gold_loss":0,"cards_upgraded":["Dagger Throw"]},{"damage_healed":0,"gold_gain":0,"player_choice":"Fought Mushrooms","damage_taken":0,"max_hp_gain":0,"max_hp_loss":0,"event_name":"Mushrooms","floor":7,"gold_loss":0},{"damage_healed":0,"gold_gain":0,"player_choice":"Bought 0 Potions","damage_taken":0,"max_hp_gain":0,"max_hp_loss":0,"event_name":"The Woman in Blue","floor":11,"gold_loss":0},{"damage_healed":0,"gold_gain":0,"player_choice":"Obtained Book","damage_taken":16,"max_hp_gain":0,"max_hp_loss":0,"event_name":"Cursed Tome","floor":21,"gold_loss":0},{"cards_removed":["Strike_G"],"damage_healed":0,"gold_gain":0,"player_choice":"Gave Gold","damage_taken":0,"max_hp_gain":0,"max_hp_loss":0,"event_name":"Beggar","floor":29,"gold_loss":75},{"cards_removed":["Slice"],"damage_healed":0,"gold_gain":0,"player_choice":"Removed Attack","damage_taken":0,"max_hp_gain":0,"max_hp_loss":0,"event_name":"Falling","floor":36,"gold_loss":0},{"cards_removed":["Defend_G"],"damage_healed":0,"gold_gain":0,"player_choice":"Offered Basic","damage_taken":0,"max_hp_gain":0,"max_hp_loss":0,"event_name":"Bonfire Elementals","floor":37,"gold_loss":0},{"damage_healed":0,"gold_gain":0,"player_choice":"Fight","damage_taken":0,"max_hp_gain":0,"max_hp_loss":0,"event_name":"Mysterious Sphere","floor":47,"gold_loss":0}],"is_beta":false,"boss_relics":[{"not_picked":["Ectoplasm","Tiny House"],"picked":"HoveringKite"},{"not_picked":["Snecko Eye","Runic Dome"],"picked":"Runic Pyramid"}],"items_purged_floors":[10,20,44],"is_endless":false,"potions_floor_spawned":[1,6,7,8,14,18,19,24,41,46,47,48,54],"killed_by":"The Heart","ascension_level":1}