{"gold_per_floor":[118,81,81,98,109,144,158,171,171,188,188,205,205,223,223,302,332,344,344,355,372,10,10,22,22,22,42,59,59],"floor_reached":29,"playtime":1752,"items_purged":["Shame"],"score":419,"play_id":"88cf959d-85d7-44d5-b1dc-a8ef1340a1f2","local_time":"20190504183106","is_ascension_mode":true,"campfire_choices":[{"floor":11.0,"key":"REST"},{"data":"Footwork","floor":13.0,"key":"SMITH"},{"floor":15.0,"key":"REST"},{"floor":23.0,"key":"REST"},{"floor":25.0,"key":"REST"}],"neow_cost":"NONE","seed_source_timestamp":164803424282926,"circlet_count":0,"master_deck":["AscendersBane","Defend_G","Defend_G","Defend_G","Defend_G","Defend_G","Strike_G","Strike_G","Strike_G","Strike_G","Strike_G","Survivor","Neutralize","Riddle With Holes","Dash","Leg Sweep","Die Die Die","Flying Knee","Outmaneuver","Footwork+1","Corpse Explosion","Flying Knee","Leg Sweep","Dagger Throw","Choke","After Image","Decay","Decay","Noxious Fumes","Footwork","Infinite Blades","Bouncing Flask+1","Cloak And Dagger"],"special_seed":0,"relics":["Snecko Eye","StoneCalendar","Question Card","Calling Bell","The Specimen","Ornamental Fan","Tiny Chest","Matryoshka","Oddly Smooth Stone","Nunchaku"],"potions_floor_usage":[28],"damage_taken":[{"damage":0.0,"enemies":"Cultist","floor":1.0,"turns":5.0},{"damage":0.0,"enemies":"Small Slimes","floor":4.0,"turns":3.0},{"damage":18.0,"enemies":"2 Louse","floor":5.0,"turns":3.0},{"damage":9.0,"enemies":"Lagavulin","floor":6.0,"turns":9.0},{"damage":1.0,"enemies":"Looter","floor":7.0,"turns":3.0},{"damage":10.0,"enemies":"Large Slime","floor":8.0,"turns":6.0},{"damage":0.0,"enemies":"Exordium Wildlife","floor":10.0,"turns":2.0},{"damage":4.0,"enemies":"Blue Slaver","floor":12.0,"turns":4.0},{"damage":7.0,"enemies":"2 Fungi Beasts","floor":14.0,"turns":2.0},{"damage":10.0,"enemies":"Slime Boss","floor":16.0,"turns":7.0},{"damage":9.0,"enemies":"Chosen","floor":18.0,"turns":5.0},{"damage":27.0,"enemies":"Shell Parasite","floor":20.0,"turns":7.0},{"damage":6.0,"enemies":"Snake Plant","floor":21.0,"turns":6.0},{"damage":1.0,"enemies":"Snecko","floor":24.0,"turns":6.0},{"damage":28,"enemies":"Sentry and Sphere","floor":27,"turns":5},{"damage":16,"enemies":"Shelled Parasite and Fungi","floor":28,"turns":4},{"damage":12,"enemies":"Snake Plant","floor":29,"turns":1}],"seed_played":"-1513093393321613993","potions_obtained":[{"floor":1.0,"key":"GhostInAJar"},{"floor":8.0,"key":"GamblersBrew"},{"floor":12.0,"key":"Fire Potion"},{"floor":16.0,"key":"SneckoOil"},{"floor":18.0,"key":"Explosive Potion"},{"floor":27,"key":"Ancient Potion"},{"floor":28,"key":"FearPotion"}],"is_trial":false,"path_per_floor":["M","$","?","M","M","E","M","M","T","M","R","M","R","M","R","B",null,"M","?","M","M","$","R","M","R","T","M","M","M"],"character_chosen":"THE_SILENT","items_purchased":["Dash","Matryoshka"],"campfire_rested":4,"item_purchase_floors":[2,22],"current_hp_per_floor":[59,59,59,59,41,32,31,21,21,21,40,36,36,29,48,38,59,50,50,23,17,17,36,35,54,54,26,10,0],"gold":59,"neow_bonus":"BOSS_RELIC","is_prod":false,"is_daily":false,"chose_seed":false,"campfire_upgraded":1,"win_rate":0,"timestamp":1557019866,"path_taken":["M","$","?","M","M","E","?","M","T","M","R","M","R","M","R","BOSS","M","?","M","M","$","R","M","R","T","M","?","M"],"build_version":"2019-01-23","purchased_purges":1,"victory":false,"max_hp_per_floor":[66,66,66,66,66,66,66,66,66,66,66,66,66,66,66,66,66,66,66,66,66,66,66,66,66,66,66,66,66],"card_choices":[{"not_picked":["Blur","Cloak And Dagger"],"picked":"Riddle With Holes","floor":1.0},{"not_picked":["Bane","Slice"],"picked":"Outmaneuver","floor":4.0},{"not_picked":["Dagger Spray","Outmaneuver"],"picked":"Footwork","floor":5.0},{"not_picked":["Endless Agony","Blade Dance"],"picked":"Corpse Explosion","floor":6.0},{"not_picked":["Prepared","Blade Dance"],"picked":"Flying Knee","floor":7.0},{"not_picked":["Underhanded Strike","Acrobatics"],"picked":"Leg Sweep","floor":8.0},{"not_picked":["Prepared","Dodge and Roll","Escape Plan"],"picked":"Dagger Throw","floor":10.0},{"not_picked":["Deadly Poison","Masterful Stab","Blade Dance","Bouncing Flask"],"picked":"SKIP","floor":12.0},{"not_picked":["Escape Plan","Quick Slash","Deadly Poison"],"picked":"Choke","floor":14.0},{"not_picked":["Venomology","Night Terror","Unload"],"picked":"After Image","floor":16.0},{"not_picked":["Prepared","Dagger Spray","Quick Slash"],"picked":"Noxious Fumes","floor":18.0},{"not_picked":["Dagger Throw","A Thousand Cuts","Deflect"],"picked":"Infinite Blades","floor":20.0},{"not_picked":["Prepared","Dagger Throw","Finisher"],"picked":"Bouncing Flask+1","floor":21.0},{"not_picked":["Poisoned Stab","Deflect","Quick Slash","Prepared"],"picked":"SKIP","floor":24.0},{"not_picked":["Quick Slash","Concentrate","Acrobatics","Masterful Stab"],"picked":"SKIP","floor":27},{"not_picked":["Dagger Throw","Deflect","Escape Plan"],"picked":"Cloak And Dagger","floor":28}],"player_experience":644657,"relics_obtained":[{"floor":6.0,"key":"StoneCalendar"},{"floor":9.0,"key":"Question Card"},{"floor":17.0,"key":"The Specimen"},{"floor":17.0,"key":"Ornamental Fan"},{"floor":17.0,"key":"Tiny Chest"},{"floor":26.0,"key":"Oddly Smooth Stone"},{"floor":26.0,"key":"Nunchaku"}],"event_choices":[{"damage_healed":0.0,"max_hp_gain":0.0,"max_hp_loss":0.0,"gold_gain":0.0,"event_name":"Match and Keep!","player_choice":"3 cards matched","floor":3.0,"gold_loss":0.0,"damage_taken":0.0,"cards_obtained":["Leg Sweep","Die Die Die","Flying Knee"]},{"damage_healed":0.0,"max_hp_gain":0.0,"max_hp_loss":0.0,"gold_gain":0.0,"event_name":"Match and Keep!","player_choice":"1 cards matched","floor":19.0,"gold_loss":0.0,"damage_taken":0.0,"cards_obtained":["Footwork"]}],"is_beta":false,"boss_relics":[{"not_picked":["Lizard Tail","Tiny House"],"picked":"Calling Bell"}],"items_purged_floors":[22],"is_endless":false,"potions_floor_spawned":[1,8,12,14,16,18,20,27,28],"killed_by":"Snake Plant","ascension_level":16}