{"path_per_floor":["M","M","M","M","?","R","M","R","T","T","M","$","M","M","R","B",null,"M","?","$","M","M","R","M"],"character_chosen":"IRONCLAD","items_purchased":["Fiend Fire","Secret Technique"],"gold_per_floor":[118,138,158,172,172,172,189,189,189,189,205,70,90,105,105,209,209,219,219,41,32,49,49,63,63],"floor_reached":25,"campfire_rested":1,"playtime":1880,"current_hp_per_floor":[74,68,68,58,58,58,58,58,58,58,58,58,58,58,80,70,80,76,76,76,74,71,71,5,0],"items_purged":[],"gold":63,"score":199,"play_id":"e20e2d64-ee3e-4f4f-bcbd-4418840c6275","local_time":"20180408222155","is_prod":false,"is_daily":false,"is_ascension_mode":false,"campfire_upgraded":3,"timestamp":1523240515,"path_taken":["M","M","M","M","?","R","M","R","T","?","M","$","M","M","R","BOSS","M","?","$","M","M","R","M","M"],"build_version":"2018-04-05v2","purchased_purges":0,"victory":false,"master_deck":["Strike_R","Strike_R","Strike_R","Strike_R","Strike_R","Defend_R","Defend_R","Defend_R","Defend_R","Bash","Whirlwind+1","Power Through+1","Shrug It Off","Intimidate","Pommel Strike","Thunderclap","Fiend Fire","Infernal Blade+1","Impervious","Infernal Blade","Seeing Red","Shrug It Off","Armaments","Fire Breathing","Secret Technique","Berserk","Warcry","Anger"],"max_hp_per_floor":[80,80,80,80,80,80,80,80,80,80,80,80,80,80,80,80,80,80,80,80,80,80,80,80,80],"relics":["Runic Dome","Oddly Smooth Stone","Thread and Needle","Nloth\u0027s Gift"],"card_choices":[{"not_picked":["Anger","Clash"],"picked":"Whirlwind","floor":1},{"not_picked":["Hemokinesis","Heavy Blade"],"picked":"Power Through","floor":2},{"not_picked":["Clothesline","Anger"],"picked":"Shrug It Off","floor":3},{"not_picked":["Whirlwind","Headbutt"],"picked":"Intimidate","floor":4},{"not_picked":["Iron Wave","Shrug It Off"],"picked":"Pommel Strike","floor":7},{"not_picked":["Clothesline","Anger"],"picked":"Thunderclap","floor":11},{"not_picked":["Whirlwind","Searing Blow"],"picked":"Infernal Blade","floor":14},{"not_picked":["Fiend Fire","Offering"],"picked":"Impervious","floor":16},{"not_picked":["Anger","Iron Wave"],"picked":"Infernal Blade","floor":17},{"not_picked":["Sword Boomerang","Flame Barrier"],"picked":"Seeing Red","floor":17},{"not_picked":["Clash","Pommel Strike"],"picked":"Shrug It Off","floor":17},{"not_picked":["Perfected Strike","Shrug It Off"],"picked":"Armaments","floor":17},{"not_picked":["Intimidate","Thunderclap"],"picked":"Fire Breathing","floor":18},{"not_picked":["Headbutt","Flame Barrier"],"picked":"Berserk","floor":21},{"not_picked":["Sever Soul","Ghostly Armor"],"picked":"Warcry","floor":22},{"not_picked":["Rampage","Thunderclap"],"picked":"Anger","floor":24}],"player_experience":32851,"potions_floor_usage":[25],"damage_taken":[{"damage":6,"enemies":"2 Louse","floor":1,"turns":3},{"damage":6,"enemies":"Cultist","floor":2,"turns":3},{"damage":0,"enemies":"Small Slimes","floor":3,"turns":3},{"damage":10,"enemies":"Exordium Wildlife","floor":4,"turns":4},{"damage":0,"enemies":"Looter","floor":7,"turns":2},{"damage":0,"enemies":"Lots of Slimes","floor":11,"turns":1},{"damage":0,"enemies":"3 Louse","floor":13,"turns":1},{"damage":0,"enemies":"Looter","floor":14,"turns":2},{"damage":10,"enemies":"Slime Boss","floor":16,"turns":10},{"damage":4,"enemies":"Shell Parasite","floor":18,"turns":5},{"damage":2,"enemies":"2 Thieves","floor":21,"turns":5},{"damage":3,"enemies":"Snake Plant","floor":22,"turns":6},{"damage":66,"enemies":"Cultist and Chosen","floor":24,"turns":8},{"damage":10,"enemies":"Snecko","floor":25,"turns":2}],"event_choices":[{"event_name":"The Lab","player_choice":"Got Potions","floor":5,"damage_taken":0},{"event_name":"N\u0027loth","player_choice":"Traded a Orrery","floor":19,"damage_taken":0}],"boss_relics":[{"not_picked":["Mark of Pain","Eternal Feather"],"picked":"Orrery"}],"potions_floor_spawned":[1,11,14,16,22],"seed_played":"7151522947169152999","killed_by":"Snecko","ascension_level":0,"is_trial":false}