{"gold_per_floor":[112,131,131,151,151,151,76,92,92,92,126,143,143,175,175,252,252,266,286,286,297,313,313,326,343,343,343],"floor_reached":27,"playtime":1085,"items_purged":[],"score":479,"play_id":"5a44e8b9-0606-4277-be9b-fb3a03d65a2b","local_time":"20190504233122","is_ascension_mode":true,"campfire_choices":[{"data":"Steam","floor":6,"key":"SMITH"},{"data":"Consume","floor":10,"key":"SMITH"},{"data":"Defragment","floor":13,"key":"SMITH"},{"floor":15,"key":"REST"},{"floor":23,"key":"REST"}],"neow_cost":"NONE","seed_source_timestamp":29002193395300,"circlet_count":0,"master_deck":["AscendersBane","Strike_B","Strike_B","Strike_B","Defend_B","Defend_B","Defend_B","Defend_B","Zap+1","Dualcast","Ball Lightning","Steam+1","Consume+1","Coolheaded","Defragment+1","FTL","Sweeping Beam","Conserve Battery","All For One","Barrage","Go for the Eyes","Coolheaded","Seek","Leap","Beam Cell","Machine Learning"],"relics":["Cracked Core","Incense Burner","Gambling Chip","Dream Catcher","FossilizedHelix","Inserter","Singing Bowl"],"potions_floor_usage":[14,14,21,21],"damage_taken":[{"damage":0,"enemies":"Small Slimes","floor":1,"turns":3},{"damage":4,"enemies":"Jaw Worm","floor":2,"turns":3},{"damage":0,"enemies":"Cultist","floor":4,"turns":3},{"damage":3,"enemies":"Looter","floor":8,"turns":2},{"damage":20,"enemies":"3 Sentries","floor":11,"turns":8},{"damage":5,"enemies":"Exordium Wildlife","floor":12,"turns":5},{"damage":0,"enemies":"Gremlin Nob","floor":14,"turns":2},{"damage":23,"enemies":"Slime Boss","floor":16,"turns":9},{"damage":6,"enemies":"Chosen","floor":18,"turns":4},{"damage":9,"enemies":"3 Byrds","floor":19,"turns":4},{"damage":0,"enemies":"Snake Plant","floor":21,"turns":3},{"damage":0,"enemies":"Cultist and Chosen","floor":22,"turns":5},{"damage":12,"enemies":"3 Cultists","floor":24,"turns":5},{"damage":15,"enemies":"Snake Plant","floor":25,"turns":6},{"damage":22,"enemies":"Book of Stabbing","floor":27,"turns":4}],"seed_played":"1627022915632425232","potions_obtained":[{"floor":2,"key":"Fire Potion"},{"floor":8,"key":"Strength Potion"},{"floor":16,"key":"EssenceOfSteel"},{"floor":18,"key":"EssenceOfSteel"}],"is_trial":false,"path_per_floor":["M","M","?","M","?","R","$","M","T","R","E","M","R","E","R","B",null,"M","M","?","M","M","R","M","M","T","E"],"character_chosen":"DEFECT","items_purchased":["Consume"],"campfire_rested":2,"item_purchase_floors":[7],"current_hp_per_floor":[64,60,60,60,60,60,60,57,57,57,37,32,32,32,53,30,61,55,46,26,26,26,48,36,21,21,0],"gold":343,"neow_bonus":"REMOVE_CARD","is_prod":false,"is_daily":false,"chose_seed":false,"campfire_upgraded":3,"win_rate":0,"timestamp":1557037882,"path_taken":["M","M","?","M","?","R","$","M","T","R","E","M","R","E","R","BOSS","M","?","?","M","M","R","M","M","T","E"],"build_version":"2019-01-23","purchased_purges":0,"victory":false,"max_hp_per_floor":[71,71,71,71,71,71,71,71,71,71,71,71,71,71,71,71,71,71,71,76,76,76,76,76,76,76,76],"card_choices":[{"not_picked":["Rip and Tear","Barrage"],"picked":"Ball Lightning","floor":1},{"not_picked":["Doom and Gloom","Stack"],"picked":"Steam","floor":2},{"not_picked":["Barrage","Gash"],"picked":"White Noise","floor":4},{"not_picked":["Ball Lightning","Meteor Strike"],"picked":"Coolheaded","floor":8},{"not_picked":["Ball Lightning","Scrape"],"picked":"Defragment","floor":11},{"not_picked":["Turbo","Compile Driver"],"picked":"FTL","floor":12},{"not_picked":["Rebound","Steam"],"picked":"Sweeping Beam","floor":14},{"not_picked":["Blizzard","Doom and Gloom"],"picked":"Conserve Battery","floor":15},{"not_picked":["Creative AI","Hyperbeam"],"picked":"All For One","floor":16},{"not_picked":["Coolheaded","Compile Driver"],"picked":"Barrage","floor":18},{"not_picked":["Steam Power","Streamline"],"picked":"Go for the Eyes","floor":19},{"not_picked":["Capacitor","Defragment"],"picked":"Coolheaded","floor":21},{"not_picked":["Redo","Steam+1"],"picked":"Seek","floor":22},{"not_picked":["Streamline","Rip and Tear"],"picked":"Leap","floor":23},{"not_picked":["Genetic Algorithm","Go for the Eyes"],"picked":"Beam Cell","floor":24},{"not_picked":["Tempest","Turbo"],"picked":"Machine Learning","floor":25}],"player_experience":453996,"relics_obtained":[{"floor":9,"key":"Gambling Chip"},{"floor":11,"key":"Dream Catcher"},{"floor":14,"key":"FossilizedHelix"},{"floor":26,"key":"Singing Bowl"}],"event_choices":[{"damage_healed":0,"gold_gain":0,"player_choice":"Grow","damage_taken":0,"max_hp_gain":0,"max_hp_loss":0,"event_name":"Living Wall","floor":3,"gold_loss":0,"cards_upgraded":["Zap"]},{"cards_removed":["White Noise"],"damage_healed":0,"gold_gain":0,"player_choice":"Gave Card","damage_taken":0,"relics_obtained":["Incense Burner"],"max_hp_gain":0,"max_hp_loss":0,"event_name":"WeMeetAgain","floor":5,"gold_loss":0},{"damage_healed":0,"gold_gain":0,"player_choice":"Shed Blood","damage_taken":25,"max_hp_gain":5,"max_hp_loss":0,"event_name":"Forgotten Altar","floor":20,"gold_loss":0}],"is_beta":false,"boss_relics":[{"not_picked":["Snecko Eye","Runic Pyramid"],"picked":"Inserter"}],"items_purged_floors":[],"is_endless":false,"potions_floor_spawned":[2,8,16,18],"killed_by":"Book of Stabbing","ascension_level":18}