{"gold_per_floor":[111,111,134,134,144,144,174,174,219,231,271,299,43,55,55,55],"floor_reached":16,"playtime":1011,"items_purged":[],"score":266,"play_id":"13467d23-1c2a-45aa-b919-b1882750b507","local_time":"20190204071915","is_ascension_mode":true,"campfire_choices":[{"data":"Neutralize","floor":6,"key":"SMITH"},{"data":"Deadly Poison","floor":8,"key":"SMITH"},{"data":"Backflip","floor":10,"key":"SMITH"},{"floor":15,"key":"REST"}],"neow_cost":"NONE","seed_source_timestamp":480329568294150,"circlet_count":0,"master_deck":["AscendersBane","Defend_G+1","Defend_G","Defend_G","Defend_G","Defend_G","Strike_G","Strike_G","Strike_G","Strike_G","Strike_G","Survivor","Neutralize+1","Backflip+1","Deadly Poison+1","Prepared","Deflect+1","Catalyst","Deadly Poison","Well Laid Plans","Dagger Spray"],"relics":["Ring of the Snake","NeowsBlessing","Happy Flower","Anchor","Meat on the Bone","MawBank","Potion Belt","War Paint"],"potions_floor_usage":[11,16,16],"damage_taken":[{"damage":0,"enemies":"Jaw Worm","floor":1,"turns":1},{"damage":0,"enemies":"Small Slimes","floor":5,"turns":1},{"damage":0,"enemies":"Lagavulin","floor":7,"turns":1},{"damage":28,"enemies":"Gremlin Nob","floor":11,"turns":4},{"damage":0,"enemies":"Cultist","floor":12,"turns":3},{"damage":0,"enemies":"Blue Slaver","floor":14,"turns":4},{"damage":62,"enemies":"Slime Boss","floor":16,"turns":12}],"seed_played":"-3373159429957272518","potions_obtained":[{"floor":5,"key":"Dexterity Potion"},{"floor":7,"key":"Poison Potion"},{"floor":14,"key":"SkillPotion"}],"is_trial":false,"path_per_floor":["M","?","T","?","M","R","E","R","T","R","E","M","$","M","R","B"],"character_chosen":"THE_SILENT","items_purchased":["Deadly Poison","Well Laid Plans","War Paint"],"campfire_rested":1,"item_purchase_floors":[13,13,13],"current_hp_per_floor":[59,48,48,39,39,39,39,39,39,39,23,35,35,35,54,0],"gold":55,"neow_bonus":"THREE_ENEMY_KILL","is_prod":false,"is_daily":false,"chose_seed":false,"campfire_upgraded":3,"win_rate":0,"timestamp":1549261155,"path_taken":["M","?","?","?","M","R","E","R","T","R","E","M","$","M","R","BOSS"],"build_version":"2019-01-23","purchased_purges":0,"victory":false,"max_hp_per_floor":[66,66,66,66,66,66,66,66,66,66,66,66,66,66,66,66],"card_choices":[{"not_picked":["Dagger Throw","Choke"],"picked":"Backflip","floor":1},{"not_picked":["Caltrops","Underhanded Strike"],"picked":"Deadly Poison","floor":5},{"not_picked":["Blade Dance","Eviscerate"],"picked":"Prepared","floor":7},{"not_picked":["Sucker Punch","Prepared"],"picked":"Deflect","floor":11},{"not_picked":["Backflip","Leg Sweep"],"picked":"Catalyst","floor":12},{"not_picked":["Cloak And Dagger","Prepared"],"picked":"Dagger Spray","floor":14}],"player_experience":2717921,"relics_obtained":[{"floor":3,"key":"Anchor"},{"floor":7,"key":"Meat on the Bone"},{"floor":9,"key":"MawBank"},{"floor":11,"key":"Potion Belt"}],"event_choices":[{"damage_healed":0,"gold_gain":0,"player_choice":"Success","damage_taken":11,"relics_obtained":["Happy Flower"],"max_hp_gain":0,"max_hp_loss":0,"event_name":"Scrap Ooze","floor":2,"gold_loss":0},{"damage_healed":0,"gold_gain":0,"player_choice":"Damaged","damage_taken":9,"max_hp_gain":0,"max_hp_loss":0,"event_name":"Wheel of Change","floor":4,"gold_loss":0}],"is_beta":false,"boss_relics":[],"items_purged_floors":[],"is_endless":false,"potions_floor_spawned":[5,7,14],"killed_by":"Slime Boss","ascension_level":20}