{"gold_per_floor":[367,58,233,47,47,47,58,58,85,110,142,142,17,34,34,132,132,102,24,39,49,49],"floor_reached":22,"playtime":747,"items_purged":["Writhe","Doubt","Defend_R"],"score":228,"play_id":"65ebc19f-f43f-4efd-a362-3a06f20d174d","local_time":"20190427082042","is_ascension_mode":true,"campfire_choices":[{"data":"Searing Blow","floor":6,"key":"SMITH"},{"data":"Searing Blow+1","floor":8,"key":"SMITH"},{"data":"Searing Blow+2","floor":15,"key":"SMITH"}],"neow_cost":"CURSE","seed_source_timestamp":78694992831279,"circlet_count":0,"master_deck":["Strike_R","Strike_R","Strike_R","Strike_R","Defend_R","Defend_R","Defend_R","Bash","Seeing Red","Searing Blow+3","Evolve","Pommel Strike","True Grit","Double Tap","Shockwave","Intimidate","Battle Trance"],"relics":["Burning Blood","Oddly Smooth Stone","Odd Mushroom","Lantern","Coffee Dripper"],"potions_floor_usage":[16,16],"damage_taken":[{"damage":7,"enemies":"2 Louse","floor":1,"turns":3},{"damage":0,"enemies":"Small Slimes","floor":7,"turns":2},{"damage":20,"enemies":"The Mushroom Lair","floor":10,"turns":6},{"damage":18,"enemies":"Gremlin Nob","floor":11,"turns":4},{"damage":0,"enemies":"Cultist","floor":14,"turns":2},{"damage":60,"enemies":"Hexaghost","floor":16,"turns":10},{"damage":28,"enemies":"2 Thieves","floor":18,"turns":5},{"damage":26,"enemies":"Shell Parasite","floor":20,"turns":4},{"damage":17,"enemies":"Shelled Parasite and Fungi","floor":21,"turns":3},{"damage":16,"enemies":"Sentry and Sphere","floor":22,"turns":3}],"seed_played":"475816330885868308","potions_obtained":[{"floor":7,"key":"PowerPotion"},{"floor":11,"key":"Energy Potion"},{"floor":14,"key":"FearPotion"},{"floor":18,"key":"SpeedPotion"},{"floor":21,"key":"PowerPotion"}],"is_trial":false,"path_per_floor":["?","?","M","?","?","$","M"],"character_chosen":"IRONCLAD","items_purchased":["Searing Blow","Oddly Smooth Stone","Evolve","Pommel Strike","Intimidate"],"campfire_rested":0,"item_purchase_floors":[2,2,4,4,19],"current_hp_per_floor":[79,79,79,79,79,79,80,80,80,66,54,59,59,65,65,11,67,45,45,25,14,0],"gold":49,"neow_bonus":"TWO_FIFTY_GOLD","is_prod":false,"is_daily":false,"chose_seed":false,"campfire_upgraded":3,"win_rate":0,"timestamp":1556346042,"path_taken":["M","$","?","$","?","R","?","R","T","?","E","?","?","M","R","BOSS","M","$","M","?","M"],"build_version":"2019-01-23","purchased_purges":3,"victory":false,"max_hp_per_floor":[80,80,80,80,80,80,80,80,80,80,80,85,85,85,85,85,85,85,85,85,85,85],"card_choices":[{"not_picked":["Rampage","Headbutt"],"picked":"Seeing Red","floor":1},{"not_picked":["Clothesline","Perfected Strike","Corruption"],"picked":"SKIP","floor":7},{"not_picked":["Heavy Blade","Anger"],"picked":"True Grit","floor":10},{"not_picked":["Searing Blow","Cleave","Whirlwind"],"picked":"SKIP","floor":11},{"not_picked":["Spot Weakness","Twin Strike","Evolve"],"picked":"SKIP","floor":14},{"not_picked":["Feed","Barricade"],"picked":"Double Tap","floor":16},{"not_picked":["Twin Strike","Sword Boomerang+1"],"picked":"Shockwave","floor":18},{"not_picked":["Twin Strike","Armaments","Headbutt"],"picked":"SKIP","floor":20},{"not_picked":["Whirlwind","Rupture"],"picked":"Battle Trance","floor":21}],"player_experience":164093,"relics_obtained":[{"floor":10,"key":"Odd Mushroom"},{"floor":11,"key":"Lantern"}],"event_choices":[{"damage_healed":0,"gold_gain":175,"player_choice":"AGREE","damage_taken":0,"max_hp_gain":0,"max_hp_loss":0,"event_name":"Liars Game","floor":3,"gold_loss":0,"cards_obtained":["Doubt"]},{"cards_removed":["Strike_R"],"damage_healed":0,"gold_gain":0,"player_choice":"Offered Basic","damage_taken":0,"max_hp_gain":0,"max_hp_loss":0,"event_name":"Bonfire Elementals","floor":5,"gold_loss":0},{"damage_healed":0,"gold_gain":0,"player_choice":"Fought Mushrooms","damage_taken":0,"max_hp_gain":0,"max_hp_loss":0,"event_name":"Mushrooms","floor":10,"gold_loss":0},{"damage_healed":0,"gold_gain":0,"player_choice":"Donut","damage_taken":0,"max_hp_gain":5,"max_hp_loss":0,"event_name":"Big Fish","floor":12,"gold_loss":0}],"is_beta":false,"boss_relics":[{"not_picked":["Lizard Tail","Fusion Hammer"],"picked":"Coffee Dripper"}],"items_purged_floors":[2,4,13],"is_endless":false,"potions_floor_spawned":[7,11,14,18,21],"killed_by":"Sentry and Sphere","ascension_level":5}