{"gold_per_floor":[109,89,109,34,53,53,78,78,78,135,150,169,169,196,196,270,270,249,261,276,11,26,26,26],"floor_reached":24,"playtime":3107,"items_purged":["Strike_G","Strike_G"],"score":436,"play_id":"2c9be5dc-e4ee-4f7c-ad01-b1674e920651","local_time":"20190313132142","is_ascension_mode":true,"campfire_choices":[{"data":"Neutralize","floor":6,"key":"SMITH"},{"data":"Predator","floor":8,"key":"SMITH"},{"data":"Leg Sweep","floor":13,"key":"SMITH"},{"floor":15,"key":"REST"},{"floor":23,"key":"REST"}],"neow_cost":"NONE","seed_source_timestamp":607860389263434,"circlet_count":0,"master_deck":["AscendersBane","Defend_G","Defend_G","Defend_G","Defend_G","Defend_G","Strike_G","Strike_G","Strike_G+1","Survivor","Neutralize+1","Venomology","Predator+1","Dagger Spray+1","All Out Attack","Dagger Spray","Leg Sweep+1","Backstab","Backflip","Deadly Poison","After Image","Deflect","Dodge and Roll"],"relics":["Ring of the Snake","Mango","Bird Faced Urn","Tiny Chest","Blood Vial","Busted Crown","Whetstone"],"potions_floor_usage":[3,5,7,7,10,11,11,14,14,14,16,16,20,22,24,24],"damage_taken":[{"damage":4,"enemies":"Small Slimes","floor":1,"turns":4},{"damage":0,"enemies":"Cultist","floor":3,"turns":4},{"damage":0,"enemies":"Jaw Worm","floor":5,"turns":5},{"damage":10,"enemies":"3 Sentries","floor":7,"turns":5},{"damage":6,"enemies":"Gremlin Nob","floor":10,"turns":3},{"damage":13,"enemies":"Large Slime","floor":11,"turns":9},{"damage":3,"enemies":"Exordium Wildlife","floor":12,"turns":4},{"damage":12,"enemies":"Lagavulin","floor":14,"turns":7},{"damage":15,"enemies":"The Guardian","floor":16,"turns":19},{"damage":16,"enemies":"2 Thieves","floor":18,"turns":4},{"damage":37,"enemies":"Spheric Guardian","floor":19,"turns":6},{"damage":10,"enemies":"Snake Plant","floor":20,"turns":5},{"damage":4,"enemies":"Centurion and Healer","floor":22,"turns":10},{"damage":64,"enemies":"Gremlin Leader","floor":24,"turns":8}],"seed_played":"3387979662669956562","potions_obtained":[{"floor":1,"key":"Block Potion"},{"floor":2,"key":"SkillPotion"},{"floor":12,"key":"PowerPotion"},{"floor":14,"key":"GamblersBrew"},{"floor":19,"key":"GhostInAJar"},{"floor":22,"key":"Regen Potion"}],"is_trial":false,"path_per_floor":["M","?","M","$","M","R","E","R","T","E","M","M","R","E","R","B",null,"M","M","M","$","M","R","E"],"character_chosen":"THE_SILENT","items_purchased":["Whetstone"],"campfire_rested":2,"item_purchase_floors":[21],"current_hp_per_floor":[55,55,55,55,55,55,59,59,59,53,40,37,37,27,51,38,70,56,23,17,17,17,41,0],"gold":26,"neow_bonus":"ONE_RANDOM_RARE_CARD","is_prod":false,"is_daily":false,"chose_seed":false,"campfire_upgraded":3,"win_rate":0,"timestamp":1552479702,"path_taken":["M","?","M","$","M","R","E","R","T","E","M","?","R","E","R","BOSS","M","?","?","$","M","R","E"],"build_version":"2019-01-23","purchased_purges":2,"victory":false,"max_hp_per_floor":[66,66,66,66,66,66,80,80,80,80,80,80,80,80,80,80,80,80,80,80,80,80,80,80],"card_choices":[{"not_picked":["Prepared","Flying Knee"],"picked":"Predator","floor":1},{"not_picked":["Dagger Throw","Backflip"],"picked":"Dagger Spray","floor":3},{"not_picked":["Backstab","Underhanded Strike"],"picked":"All Out Attack","floor":5},{"not_picked":["Accuracy","Riddle With Holes"],"picked":"Dagger Spray","floor":7},{"not_picked":["Skewer","Crippling Poison"],"picked":"Leg Sweep","floor":10},{"not_picked":["Blade Dance","Quick Slash"],"picked":"Backstab","floor":11},{"not_picked":["Setup","Eviscerate"],"picked":"Backflip","floor":12},{"not_picked":["Blade Dance","Outmaneuver"],"picked":"Deadly Poison","floor":14},{"not_picked":["Phantasmal Killer","Venomology"],"picked":"After Image","floor":16},{"not_picked":["Bane"],"picked":"SKIP","floor":18},{"not_picked":["Bane"],"picked":"SKIP","floor":19},{"not_picked":[],"picked":"Deflect","floor":20},{"not_picked":[],"picked":"Dodge and Roll","floor":22}],"player_experience":2910163,"relics_obtained":[{"floor":7,"key":"Mango"},{"floor":9,"key":"Bird Faced Urn"},{"floor":10,"key":"Tiny Chest"},{"floor":14,"key":"Blood Vial"}],"event_choices":[{"damage_healed":0,"gold_gain":0,"player_choice":"Bought 1 Potion","damage_taken":0,"max_hp_gain":0,"max_hp_loss":0,"event_name":"The Woman in Blue","floor":2,"gold_loss":0}],"is_beta":false,"boss_relics":[{"not_picked":["Pandora\u0027s Box","Lizard Tail"],"picked":"Busted Crown"}],"items_purged_floors":[4,21],"is_endless":false,"potions_floor_spawned":[1,5,12,14,19,22],"killed_by":"Gremlin Leader","ascension_level":20}