{"gold_per_floor":[115,115,130,130,80,106,116,116,116,146,146,71,71,81,81,182,182,200,220,238,252,167,200,200,232,259,259,142,156,156,176,176,281,281,291,191,207,217,234,234,265,265,265,265,265,265,279,298,298,298,298,298,20,55,55],"floor_reached":55,"playtime":3373,"items_purged":["Strike_B","Strike_B+1","Defend_B","Writhe"],"score":757,"play_id":"6c36550a-94f0-444f-ad1f-fab3a78d5a1e","local_time":"20190417093354","is_ascension_mode":true,"campfire_choices":[{"floor":8.0,"key":"REST"},{"data":"Coolheaded","floor":11.0,"key":"SMITH"},{"data":"Scrape","floor":13.0,"key":"SMITH"},{"floor":15.0,"key":"RECALL"},{"floor":30.0,"key":"REST"},{"data":"Hologram","floor":32.0,"key":"SMITH"},{"data":"Fission","floor":40.0,"key":"SMITH"},{"data":"Beam Cell","floor":46.0,"key":"SMITH"},{"data":"All For One","floor":49.0,"key":"SMITH"},{"data":"Gash","floor":52.0,"key":"SMITH"}],"neow_cost":"NONE","seed_source_timestamp":0,"circlet_count":0,"master_deck":["Defend_B+1","Zap+1","Dualcast","Coolheaded+1","Scrape+1","Gash","Gash+1","All For One+1","Undo","Gash","Skim+1","BootSequence","Leap","Hologram+1","Fission+1","Go for the Eyes+1","Beam Cell+1","Coolheaded+1","Hologram+1"],"special_seed":0,"relics":["FrozenCore","Matryoshka","Strawberry","War Paint","Gremlin Horn","The Courier","Happy Flower","Sundial","Ancient Tea Set","Regal Pillow","Spirit Poop","Empty Cage","Lantern","DollysMirror","Cables"],"potions_floor_usage":[55,55],"damage_taken":[{"damage":1.0,"enemies":"Jaw Worm","floor":1.0,"turns":3.0},{"damage":0.0,"enemies":"2 Louse","floor":3.0,"turns":2.0},{"damage":34.0,"enemies":"Lagavulin","floor":6.0,"turns":12.0},{"damage":8.0,"enemies":"Small Slimes","floor":7.0,"turns":3.0},{"damage":10.0,"enemies":"Gremlin Nob","floor":10.0,"turns":3.0},{"damage":0.0,"enemies":"2 Fungi Beasts","floor":14.0,"turns":3.0},{"damage":3.0,"enemies":"Slime Boss","floor":16.0,"turns":6.0},{"damage":0.0,"enemies":"Shell Parasite","floor":18.0,"turns":4.0},{"damage":18.0,"enemies":"2 Thieves","floor":19.0,"turns":3.0},{"damage":0.0,"enemies":"3 Cultists","floor":20.0,"turns":3.0},{"damage":14.0,"enemies":"Snake Plant","floor":21.0,"turns":3.0},{"damage":50.0,"enemies":"Book of Stabbing","floor":23.0,"turns":6.0},{"damage":15.0,"enemies":"Gremlin Leader","floor":25.0,"turns":5.0},{"damage":0.0,"enemies":"Snecko","floor":29.0,"turns":3.0},{"damage":6.0,"enemies":"Chosen and Byrds","floor":31.0,"turns":7.0},{"damage":33.0,"enemies":"Collector","floor":33.0,"turns":6.0},{"damage":0.0,"enemies":"3 Darklings","floor":35.0,"turns":4.0},{"damage":4.0,"enemies":"Orb Walker","floor":37.0,"turns":3.0},{"damage":10.0,"enemies":"Maw","floor":38.0,"turns":5.0},{"damage":26.0,"enemies":"Writhing Mass","floor":39.0,"turns":3.0},{"damage":2.0,"enemies":"Nemesis","floor":41.0,"turns":5.0},{"damage":0.0,"enemies":"Sphere and 2 Shapes","floor":47.0,"turns":2.0},{"damage":0.0,"enemies":"Spire Growth","floor":48.0,"turns":3.0},{"damage":78.0,"enemies":"Time Eater","floor":50.0,"turns":8.0},{"damage":25,"enemies":"Shield and Spear","floor":54,"turns":4},{"damage":68,"enemies":"The Heart","floor":55,"turns":3}],"seed_played":"-1817160175480195249","potions_obtained":[{"floor":3.0,"key":"Fire Potion"},{"floor":6.0,"key":"Fire Potion"},{"floor":14.0,"key":"LiquidBronze"},{"floor":20.0,"key":"GamblersBrew"},{"floor":21.0,"key":"FearPotion"},{"floor":25.0,"key":"SteroidPotion"},{"floor":37.0,"key":"Energy Potion"},{"floor":38.0,"key":"Ancient Potion"},{"floor":54,"key":"EssenceOfSteel"}],"is_trial":false,"path_per_floor":["?","?","?","?","?","?","M","?","?","?"],"character_chosen":"DEFECT","items_purchased":["Leap","DollysMirror"],"campfire_rested":2,"item_purchase_floors":[28,53],"current_hp_per_floor":[81,81,81,65,65,31,23,47,54,44,44,44,44,44,44,41,89,89,71,71,64,64,21,21,13,13,13,13,13,54,55,55,22,89,89,89,89,86,60,60,65,65,65,87,87,87,87,87,87,9,89,89,89,64,0],"gold":55,"neow_bonus":"TEN_PERCENT_HP_BONUS","is_prod":false,"is_daily":false,"chose_seed":false,"campfire_upgraded":7,"win_rate":0,"timestamp":1555486434,"path_taken":["M","?","M","?","?","E","M","R","T","E","R","$","R","M","R","BOSS","M","M","M","M","?","E","?","E","T","?","$","M","R","?","R","BOSS","M","$","M","M","M","R","E","?","T","?","?","R","M","M","R","BOSS","R","$","E","BOSS"],"build_version":"2019-01-23","purchased_purges":4,"victory":false,"max_hp_per_floor":[82,82,82,82,82,82,82,82,89,89,89,89,89,89,89,89,89,89,89,89,89,89,89,89,89,89,89,89,89,89,89,89,89,89,89,89,89,89,89,89,89,89,89,89,89,89,89,89,89,89,89,89,89,89,89],"card_choices":[{"not_picked":["Streamline","Aggregate"],"picked":"Coolheaded","floor":1.0},{"not_picked":["Steam","Barrage"],"picked":"Scrape","floor":3.0},{"not_picked":["Go for the Eyes","Rainbow"],"picked":"Gash","floor":6.0},{"not_picked":["Turbo","Loop"],"picked":"Gash","floor":7.0},{"not_picked":["Streamline","Rebound","Melter"],"picked":"SKIP","floor":10.0},{"not_picked":["Blizzard","Lockon","Rebound"],"picked":"SKIP","floor":14.0},{"not_picked":["Hyperbeam","Machine Learning"],"picked":"All For One","floor":16.0},{"not_picked":["Cold Snap","Reinforced Body"],"picked":"Undo","floor":18.0},{"not_picked":["Force Field","Tempest+1"],"picked":"Gash","floor":19.0},{"not_picked":["Loop+1","Cold Snap"],"picked":"Self Repair","floor":20.0},{"not_picked":["Conserve Battery","Redo+1"],"picked":"Skim+1","floor":21.0},{"not_picked":["Rip and Tear","Aggregate"],"picked":"BootSequence","floor":23.0},{"not_picked":["Barrage","Consume","Biased Cognition"],"picked":"SKIP","floor":25.0},{"not_picked":["Blizzard","Glacier"],"picked":"Hologram","floor":29.0},{"not_picked":["Redo","Sunder+1","Tempest"],"picked":"SKIP","floor":31.0},{"not_picked":["Amplify","Hyperbeam"],"picked":"Fission","floor":33.0},{"not_picked":["Streamline","Steam+1","Stack+1"],"picked":"SKIP","floor":35.0},{"not_picked":["Sweeping Beam+1","Steam","Steam Power+1"],"picked":"SKIP","floor":37.0},{"not_picked":["Streamline","Undo","Turbo+1"],"picked":"SKIP","floor":38.0},{"not_picked":["Streamline","Undo","Turbo+1"],"picked":"SKIP","floor":38.0},{"not_picked":["Compile Driver+1","Rebound+1"],"picked":"Go for the Eyes+1","floor":39.0},{"not_picked":["Echo Form","Recycle"],"picked":"Beam Cell","floor":41.0},{"not_picked":["Go for the Eyes+1","Streamline+1","Cold Snap+1"],"picked":"SKIP","floor":47.0},{"not_picked":["Beam Cell","Static Discharge"],"picked":"Coolheaded+1","floor":48.0},{"not_picked":["White Noise+1","Reprogram+1","Redo"],"picked":"SKIP","floor":54}],"player_experience":83220,"relics_obtained":[{"floor":6.0,"key":"Matryoshka"},{"floor":9.0,"key":"Strawberry"},{"floor":9.0,"key":"War Paint"},{"floor":10.0,"key":"Gremlin Horn"},{"floor":23.0,"key":"Happy Flower"},{"floor":25.0,"key":"Sundial"},{"floor":26.0,"key":"Ancient Tea Set"},{"floor":26.0,"key":"Regal Pillow"},{"floor":41.0,"key":"Lantern"},{"floor":54,"key":"Cables"}],"event_choices":[{"cards_removed":["Defend_B"],"damage_healed":0.0,"max_hp_gain":0.0,"max_hp_loss":0.0,"gold_gain":0.0,"event_name":"Living Wall","player_choice":"Forget","floor":2.0,"gold_loss":0.0,"damage_taken":0.0},{"damage_healed":0.0,"max_hp_gain":0.0,"max_hp_loss":0.0,"gold_gain":0.0,"event_name":"Shining Light","player_choice":"Entered Light","floor":4.0,"gold_loss":0.0,"damage_taken":16.0,"cards_upgraded":["Strike_B","Strike_B"]},{"cards_removed":["Strike_B"],"damage_healed":0.0,"max_hp_gain":0.0,"max_hp_loss":0.0,"gold_gain":0.0,"event_name":"The Cleric","player_choice":"Card Removal","floor":5.0,"gold_loss":50.0,"damage_taken":0.0},{"damage_healed":0.0,"max_hp_gain":0.0,"max_hp_loss":0.0,"gold_gain":0.0,"event_name":"Addict","player_choice":"Obtained Relic","floor":22.0,"gold_loss":85.0,"damage_taken":0.0,"relics_obtained":["The Courier"]},{"damage_healed":0.0,"max_hp_gain":0.0,"max_hp_loss":0.0,"gold_gain":0.0,"event_name":"Forgotten Altar","player_choice":"Smashed Altar","floor":24.0,"gold_loss":0.0,"damage_taken":0.0,"cards_obtained":["Decay"]},{"cards_removed":["Decay"],"damage_healed":0.0,"max_hp_gain":0.0,"max_hp_loss":0.0,"gold_gain":0.0,"event_name":"Bonfire Elementals","player_choice":"Offered Curse","floor":27.0,"gold_loss":0.0,"damage_taken":0.0,"relics_obtained":["Spirit Poop"]},{"damage_healed":0.0,"max_hp_gain":0.0,"max_hp_loss":0.0,"gold_gain":0.0,"event_name":"Tomb of Lord Red Mask","player_choice":"Ignored","floor":42.0,"gold_loss":0.0,"damage_taken":0.0},{"damage_healed":22.0,"max_hp_gain":0.0,"max_hp_loss":0.0,"gold_gain":0.0,"event_name":"Winding Halls","player_choice":"Writhe","floor":44.0,"gold_loss":0.0,"damage_taken":0.0,"cards_obtained":["Writhe"]},{"cards_removed":["Self Repair"],"damage_healed":0.0,"max_hp_gain":0.0,"max_hp_loss":0.0,"gold_gain":0.0,"event_name":"Falling","player_choice":"Removed Power","floor":45.0,"gold_loss":0.0,"damage_taken":0.0}],"is_beta":false,"boss_relics":[{"not_picked":["Nuclear Battery","Pandora\u0027s Box"],"picked":"FrozenCore"},{"not_picked":["Snecko Eye","Busted Crown"],"picked":"Empty Cage"}],"items_purged_floors":[12,28,36,53],"is_endless":false,"potions_floor_spawned":[3,6,14,20,21,25,37,38,39,47,48,54],"killed_by":"The Heart","ascension_level":1}