{"gold_per_floor":[111,111,111,111,38,38,51,90,90,103,127,127,148,181,181,181],"floor_reached":16,"playtime":869,"items_purged":[],"score":160,"play_id":"74501e7a-0249-4597-bdd5-5144916c101f","local_time":"20190510215108","is_ascension_mode":true,"campfire_choices":[{"floor":6,"key":"REST"},{"floor":12,"key":"REST"},{"floor":15,"key":"REST"}],"neow_cost":"NONE","seed_source_timestamp":554376338870891,"circlet_count":0,"master_deck":["Strike_R","Strike_R","Strike_R","Strike_R","Defend_R","Defend_R","Defend_R","Defend_R","Bash","Offering","Ghostly Armor","Shrug It Off","Entrench"],"relics":["Burning Blood","Dream Catcher","Golden Idol","Singing Bowl","Ancient Tea Set","Oddly Smooth Stone","Self Forming Clay"],"potions_floor_usage":[8,14],"damage_taken":[{"damage":12,"enemies":"Small Slimes","floor":1,"turns":4},{"damage":6,"enemies":"2 Louse","floor":7,"turns":3},{"damage":39,"enemies":"Gremlin Nob","floor":8,"turns":5},{"damage":6,"enemies":"Jaw Worm","floor":10,"turns":3},{"damage":8,"enemies":"Blue Slaver","floor":11,"turns":3},{"damage":6,"enemies":"Exordium Wildlife","floor":13,"turns":4},{"damage":31,"enemies":"3 Sentries","floor":14,"turns":11},{"damage":69,"enemies":"The Guardian","floor":16,"turns":13}],"seed_played":"7849370171972689377","potions_obtained":[{"floor":1,"key":"EssenceOfSteel"},{"floor":11,"key":"Strength Potion"}],"is_trial":false,"path_per_floor":["M","?","?","T","$","R","M","E","T","M","M","R","M","E","R","B"],"character_chosen":"IRONCLAD","items_purchased":["Offering"],"campfire_rested":3,"item_purchase_floors":[5],"current_hp_per_floor":[66,46,39,39,39,65,67,36,36,36,36,62,64,41,68,0],"gold":181,"neow_bonus":"RANDOM_COMMON_RELIC","is_prod":false,"is_daily":false,"chose_seed":false,"campfire_upgraded":0,"win_rate":0,"timestamp":1557517868,"path_taken":["M","?","?","?","?","R","M","E","T","?","M","R","M","E","R","BOSS"],"build_version":"2019-01-23","purchased_purges":0,"victory":false,"max_hp_per_floor":[80,80,80,80,80,82,84,86,86,86,88,88,90,92,92,92],"card_choices":[{"not_picked":["Hemokinesis","True Grit","Iron Wave"],"picked":"SKIP","floor":1},{"not_picked":["Sever Soul","Ghostly Armor","Fire Breathing"],"picked":"Singing Bowl","floor":6},{"not_picked":["Thunderclap","Sword Boomerang","Pommel Strike"],"picked":"Singing Bowl","floor":7},{"not_picked":["Infernal Blade","Uppercut","Sword Boomerang"],"picked":"Singing Bowl","floor":8},{"not_picked":["Pommel Strike","Anger"],"picked":"Ghostly Armor","floor":10},{"not_picked":["Twin Strike","Spot Weakness","Anger"],"picked":"Singing Bowl","floor":11},{"not_picked":["Exhume","Rage"],"picked":"Shrug It Off","floor":12},{"not_picked":["Burning Pact","Sword Boomerang","Warcry"],"picked":"Singing Bowl","floor":13},{"not_picked":["Havoc","Iron Wave","Feel No Pain"],"picked":"Singing Bowl","floor":14},{"not_picked":["Bloodletting","Heavy Blade"],"picked":"Entrench","floor":15}],"player_experience":449212,"relics_obtained":[{"floor":4,"key":"Singing Bowl"},{"floor":8,"key":"Ancient Tea Set"},{"floor":9,"key":"Oddly Smooth Stone"},{"floor":14,"key":"Self Forming Clay"}],"event_choices":[{"damage_healed":0,"gold_gain":0,"player_choice":"Take Damage","damage_taken":20,"relics_obtained":["Golden Idol"],"max_hp_gain":0,"max_hp_loss":0,"event_name":"Golden Idol","floor":2,"gold_loss":0},{"cards_removed":["Strike_R"],"damage_healed":0,"gold_gain":0,"player_choice":"Card Removal","damage_taken":7,"max_hp_gain":0,"max_hp_loss":0,"event_name":"Golden Wing","floor":3,"gold_loss":0}],"is_beta":false,"boss_relics":[],"items_purged_floors":[],"is_endless":false,"potions_floor_spawned":[1,11],"killed_by":"The Guardian","ascension_level":9}