{"gold_per_floor":[119,135,152,172,184,211,136,152,223,223,223,239,239,239,239,343,343,353,368,368,387,407,442,442,461,488,62,74,74,93,93],"floor_reached":31,"playtime":3142,"items_purged":["Strike_G","Strike_G"],"score":288,"play_id":"8733f017-84a9-400a-9804-f6c4282b96fc","local_time":"20190505204703","is_ascension_mode":false,"campfire_choices":[{"data":"Blade Dance","floor":11.0,"key":"SMITH"},{"data":"Outmaneuver","floor":13.0,"key":"SMITH"},{"floor":15.0,"key":"REST"},{"data":"Venomology","floor":24,"key":"SMITH"}],"neow_cost":"NONE","seed_source_timestamp":0,"circlet_count":0,"master_deck":["Defend_G","Defend_G","Strike_G+1","Strike_G+1","Survivor","Neutralize","Poisoned Stab","Deadly Poison","Blade Dance","Blade Dance+1","Glass Knife","Slice","Prepared","Outmaneuver+1","Venomology+1","Skewer+1","Flying Knee+1","Ghostly","Ghostly","Ghostly","Ghostly","Ghostly","Backstab","Noxious Fumes","Noxious Fumes","Enlightenment","Prepared+1","Backflip+1"],"special_seed":0,"relics":["Ring of the Snake","NeowsBlessing","Whetstone","Letter Opener","Empty Cage","Nunchaku","Pen Nib","Toxic Egg 2"],"potions_floor_usage":[23,25,25,28,30,30,30],"damage_taken":[{"damage":0.0,"enemies":"2 Louse","floor":1.0,"turns":1.0},{"damage":0.0,"enemies":"Small Slimes","floor":2.0,"turns":1.0},{"damage":0.0,"enemies":"Cultist","floor":3.0,"turns":1.0},{"damage":3.0,"enemies":"Exordium Thugs","floor":4.0,"turns":5.0},{"damage":2.0,"enemies":"Blue Slaver","floor":5.0,"turns":4.0},{"damage":33.0,"enemies":"3 Sentries","floor":6.0,"turns":8.0},{"damage":3.0,"enemies":"Lots of Slimes","floor":8.0,"turns":4.0},{"damage":0.0,"enemies":"Looter","floor":12.0,"turns":3.0},{"damage":62.0,"enemies":"The Guardian","floor":16.0,"turns":10.0},{"damage":2,"enemies":"Chosen","floor":18,"turns":4},{"damage":30,"enemies":"2 Thieves","floor":19,"turns":5},{"damage":1,"enemies":"Centurion and Healer","floor":21,"turns":5},{"damage":2,"enemies":"Cultist and Chosen","floor":22,"turns":8},{"damage":10,"enemies":"Book of Stabbing","floor":23,"turns":6},{"damage":3,"enemies":"Chosen and Byrds","floor":25,"turns":6},{"damage":11,"enemies":"Snecko","floor":28,"turns":6},{"damage":3,"enemies":"Snake Plant","floor":30,"turns":5},{"damage":30,"enemies":"Cultist and Chosen","floor":31,"turns":4}],"seed_played":"-6324546918774876679","potions_obtained":[{"floor":2.0,"key":"EssenceOfSteel"},{"floor":3.0,"key":"Regen Potion"},{"floor":4.0,"key":"AttackPotion"},{"floor":19,"key":"AttackPotion"},{"floor":21,"key":"GhostInAJar"},{"floor":25,"key":"Dexterity Potion"}],"is_trial":false,"path_per_floor":["M","M","M","M","M","E","$","M","T","?","R","M","R","?","R","B",null,"M","M","?","M","M","E","R","M","T","$","M","?","M","M"],"character_chosen":"THE_SILENT","items_purchased":["Enlightenment","Toxic Egg 2"],"campfire_rested":1,"item_purchase_floors":[27,27],"current_hp_per_floor":[70,70,70,67,65,32,32,29,29,29,29,29,29,29,50,3,70,68,38,35,34,32,22,22,19,19,19,8,8,5,0],"gold":93,"neow_bonus":"THREE_ENEMY_KILL","is_prod":false,"is_daily":false,"chose_seed":false,"campfire_upgraded":3,"win_rate":0.0,"timestamp":1557103623,"path_taken":["M","M","M","M","M","E","$","M","T","?","R","M","R","?","R","BOSS","M","M","?","M","M","E","R","M","T","$","M","?","M","M"],"build_version":"2019-01-23","purchased_purges":2,"victory":false,"max_hp_per_floor":[70,70,70,70,70,70,70,70,70,70,70,70,70,70,70,70,70,70,70,35,35,35,35,35,35,35,35,35,35,35,35],"card_choices":[{"not_picked":["Deadly Poison","Outmaneuver"],"picked":"Poisoned Stab","floor":1.0},{"not_picked":["Caltrops","Dodge and Roll"],"picked":"Deadly Poison","floor":2.0},{"not_picked":["Escape Plan","Quick Slash"],"picked":"Blade Dance","floor":3.0},{"not_picked":["Flying Knee","Slice"],"picked":"Blade Dance","floor":4.0},{"not_picked":["Dagger Spray","Noxious Fumes"],"picked":"Glass Knife","floor":5.0},{"not_picked":["Poisoned Stab","Backstab"],"picked":"Slice","floor":6.0},{"not_picked":["Slice","Bane"],"picked":"Prepared","floor":8.0},{"not_picked":["Dash","Poisoned Stab"],"picked":"Outmaneuver","floor":12.0},{"not_picked":["Bullet Time","Doppelganger"],"picked":"Venomology","floor":16.0},{"not_picked":["Deflect","Crippling Poison"],"picked":"Skewer+1","floor":18},{"not_picked":["Deadly Poison","Noxious Fumes"],"picked":"Flying Knee+1","floor":19},{"not_picked":["Quick Slash","Slice"],"picked":"Backstab","floor":21},{"not_picked":["Riddle With Holes","Finisher"],"picked":"Noxious Fumes","floor":22},{"not_picked":["Flying Knee","Wraith Form v2","Distraction"],"picked":"SKIP","floor":23},{"not_picked":["Skewer+1","Predator+1"],"picked":"Noxious Fumes","floor":25},{"not_picked":["Leg Sweep+1","Dagger Throw"],"picked":"Prepared+1","floor":28},{"not_picked":["Dash","Expertise+1"],"picked":"Backflip+1","floor":30}],"player_experience":94440,"relics_obtained":[{"floor":6.0,"key":"Whetstone"},{"floor":9.0,"key":"Letter Opener"},{"floor":23,"key":"Nunchaku"},{"floor":26,"key":"Pen Nib"}],"event_choices":[{"cards_removed":["Strike_G"],"damage_healed":0.0,"max_hp_gain":0.0,"max_hp_loss":0.0,"gold_gain":0.0,"event_name":"Living Wall","player_choice":"Forget","floor":10.0,"gold_loss":0.0,"damage_taken":0.0},{"damage_healed":0.0,"max_hp_gain":0.0,"max_hp_loss":0.0,"gold_gain":0.0,"event_name":"Liars Game","player_choice":"Ignored","floor":14.0,"gold_loss":0.0,"damage_taken":0.0},{"damage_healed":0,"gold_gain":0,"player_choice":"Became a Ghost","damage_taken":0,"max_hp_gain":0,"max_hp_loss":35,"event_name":"Ghosts","floor":20,"gold_loss":0,"cards_obtained":["Ghostly","Ghostly","Ghostly","Ghostly","Ghostly"]},{"cards_removed":["Defend_G"],"damage_healed":0,"gold_gain":0,"player_choice":"Elegance","damage_taken":0,"max_hp_gain":0,"max_hp_loss":0,"event_name":"Back to Basics","floor":29,"gold_loss":0}],"is_beta":false,"boss_relics":[{"not_picked":["WristBlade","Tiny House"],"picked":"Empty Cage"}],"items_purged_floors":[7,27],"is_endless":false,"potions_floor_spawned":[2,3,4,19,21,25],"killed_by":"Cultist and Chosen","ascension_level":0}