{"gold_per_floor":[113,132,146,157,175,175,186,197,275,306,318,330,355,378,390,504,516,544,195,120,135,162,162,195,195,273,300,313,346,103,103,103,103],"floor_reached":33,"playtime":1879,"items_purged":["Seeing Red","Strike_R"],"score":340,"play_id":"a34df4df-f144-4d38-91c2-2868be57be84","local_time":"20190419070944","is_ascension_mode":true,"campfire_choices":[{"data":"Metallicize","floor":6,"key":"SMITH"},{"data":"Body Slam","floor":12,"key":"SMITH"},{"data":"Armaments","floor":15,"key":"SMITH"},{"data":"Armaments","floor":23,"key":"SMITH"},{"floor":25,"key":"REST"},{"floor":32,"key":"REST"}],"neow_cost":"NONE","seed_source_timestamp":438757668739475,"circlet_count":0,"master_deck":["Strike_R","Strike_R","Defend_R","Defend_R","Defend_R","Defend_R","Bash","Warcry","Metallicize+1","Juggernaut+1","Shockwave","Body Slam+1","Armaments+1","Offering","Ghostly Armor+1","Armaments+1","Shrug It Off+1","Feed","Body Slam"],"relics":["Burning Blood","Dream Catcher","MawBank","Black Star","Torii","Bag of Marbles","Blood Vial","Nunchaku","Tiny Chest","Ancient Tea Set","War Paint","Matryoshka","Regal Pillow","Bronze Scales"],"potions_floor_usage":[10,10,10,16,24,27,29],"damage_taken":[{"damage":0,"enemies":"Small Slimes","floor":1,"turns":3},{"damage":10,"enemies":"2 Louse","floor":2,"turns":4},{"damage":20,"enemies":"Jaw Worm","floor":3,"turns":4},{"damage":9,"enemies":"2 Fungi Beasts","floor":4,"turns":6},{"damage":16,"enemies":"Lots of Slimes","floor":5,"turns":4},{"damage":11,"enemies":"3 Louse","floor":7,"turns":4},{"damage":4,"enemies":"Blue Slaver","floor":8,"turns":4},{"damage":4,"enemies":"Lagavulin","floor":10,"turns":6},{"damage":7,"enemies":"Large Slime","floor":13,"turns":7},{"damage":8,"enemies":"Exordium Thugs","floor":14,"turns":6},{"damage":15,"enemies":"Hexaghost","floor":16,"turns":9},{"damage":33,"enemies":"Spheric Guardian","floor":18,"turns":6},{"damage":7,"enemies":"2 Thieves","floor":21,"turns":4},{"damage":16,"enemies":"Gremlin Leader","floor":24,"turns":8},{"damage":8,"enemies":"Book of Stabbing","floor":27,"turns":8},{"damage":7,"enemies":"3 Cultists","floor":28,"turns":6},{"damage":63,"enemies":"Gremlin Leader","floor":29,"turns":10},{"damage":63,"enemies":"Automaton","floor":33,"turns":6}],"seed_played":"-6410954421110812451","potions_obtained":[{"floor":2,"key":"Regen Potion"},{"floor":3,"key":"Ancient Potion"},{"floor":5,"key":"SpeedPotion"},{"floor":10,"key":"PowerPotion"},{"floor":18,"key":"Weak Potion"},{"floor":21,"key":"AttackPotion"},{"floor":28,"key":"SkillPotion"}],"is_trial":false,"path_per_floor":["?","?","T","?"],"character_chosen":"IRONCLAD","items_purchased":["Torii","Bronze Scales"],"campfire_rested":2,"item_purchase_floors":[19,30],"current_hp_per_floor":[80,76,62,59,49,49,44,46,46,62,55,55,54,52,52,43,80,53,53,53,52,52,52,42,66,66,66,67,12,12,12,51,0],"gold":103,"neow_bonus":"RANDOM_COMMON_RELIC","is_prod":false,"is_daily":false,"chose_seed":false,"campfire_upgraded":4,"win_rate":0,"timestamp":1555650584,"path_taken":["M","M","M","M","M","R","M","M","T","E","?","R","M","M","R","BOSS","M","$","?","M","?","R","E","R","T","E","M","E","$","?","R","BOSS"],"build_version":"2019-01-23","purchased_purges":2,"victory":false,"max_hp_per_floor":[80,80,80,80,80,80,80,80,80,80,80,80,80,80,80,80,80,80,80,80,80,80,80,80,80,80,80,80,80,80,80,80,80],"card_choices":[{"not_picked":["True Grit","Havoc"],"picked":"Warcry","floor":1},{"not_picked":["Combust","Twin Strike"],"picked":"Metallicize","floor":2},{"not_picked":["Shockwave","Heavy Blade"],"picked":"Seeing Red","floor":3},{"not_picked":["Perfected Strike","Heavy Blade"],"picked":"Juggernaut","floor":4},{"not_picked":["Cleave","Disarm"],"picked":"Shockwave","floor":5},{"not_picked":["Wild Strike","Clothesline"],"picked":"Body Slam","floor":7},{"not_picked":["Infernal Blade","Warcry","Second Wind"],"picked":"SKIP","floor":8},{"not_picked":["Sentinel","Bludgeon","Pummel"],"picked":"SKIP","floor":10},{"not_picked":["Headbutt","Cleave"],"picked":"Armaments","floor":13},{"not_picked":["Headbutt","Anger","Heavy Blade"],"picked":"SKIP","floor":14},{"not_picked":["Fiend Fire","Dark Embrace"],"picked":"Offering","floor":16},{"not_picked":["Sentinel","True Grit"],"picked":"Ghostly Armor","floor":18},{"not_picked":["Havoc","Pommel Strike"],"picked":"Armaments","floor":21},{"not_picked":["Second Wind","Ghostly Armor+1"],"picked":"Shrug It Off","floor":24},{"not_picked":["Wild Strike","Rupture+1","Hemokinesis"],"picked":"SKIP","floor":27},{"not_picked":["Flex","Iron Wave"],"picked":"Feed","floor":28},{"not_picked":["True Grit+1","Sentinel"],"picked":"Body Slam","floor":29}],"player_experience":98573,"relics_obtained":[{"floor":10,"key":"MawBank"},{"floor":22,"key":"Bag of Marbles"},{"floor":24,"key":"Blood Vial"},{"floor":24,"key":"Nunchaku"},{"floor":26,"key":"Tiny Chest"},{"floor":27,"key":"Ancient Tea Set"},{"floor":27,"key":"War Paint"},{"floor":29,"key":"Matryoshka"},{"floor":29,"key":"Regal Pillow"}],"event_choices":[{"cards_removed":["Strike_R"],"damage_healed":0,"gold_gain":0,"player_choice":"Card Removal","damage_taken":7,"max_hp_gain":0,"max_hp_loss":0,"event_name":"Golden Wing","floor":11,"gold_loss":0},{"cards_removed":["Strike_R"],"damage_healed":0,"gold_gain":0,"player_choice":"Gave Gold","damage_taken":0,"max_hp_gain":0,"max_hp_loss":0,"event_name":"Beggar","floor":20,"gold_loss":75},{"damage_healed":0,"gold_gain":0,"player_choice":"Forge","damage_taken":0,"max_hp_gain":0,"max_hp_loss":0,"event_name":"Accursed Blacksmith","floor":31,"gold_loss":0,"cards_upgraded":["Juggernaut"]}],"is_beta":false,"boss_relics":[{"not_picked":["Astrolabe","Empty Cage"],"picked":"Black Star"}],"items_purged_floors":[19,30],"is_endless":false,"potions_floor_spawned":[2,3,5,7,10,18,21,28],"killed_by":"Automaton","ascension_level":2}