{"gold_per_floor":[112,112,123,123,73,73,35,69,96,124,140,140,154,12,12,109,109,123,23,39,39,39,39,73,73,128,146,146,162,37,49,49,149,149,164,164,211,17,29,61,61,61,87,87,113,113,127,127,127,127,127,127,9,9],"floor_reached":54,"playtime":2448,"items_purged":["Strike_B","Hyperbeam","Fusion"],"score":992,"play_id":"769d55b1-b0ee-4817-bab2-8880d2adb891","local_time":"20190503184613","is_ascension_mode":true,"campfire_choices":[{"data":"Zap","floor":6.0,"key":"SMITH"},{"data":"Defragment","floor":15,"key":"SMITH"},{"data":"Fission","floor":23,"key":"SMITH"},{"data":"Defragment","floor":25,"key":"SMITH"},{"data":"Darkness","floor":28,"key":"SMITH"},{"data":"Hologram","floor":32,"key":"SMITH"},{"floor":41,"key":"REST"},{"data":"Redo","floor":44,"key":"SMITH"},{"floor":46,"key":"REST"},{"floor":49,"key":"RECALL"},{"data":"Multi-Cast","floor":52,"key":"SMITH"}],"neow_cost":"NONE","seed_source_timestamp":632888174320194,"circlet_count":0,"master_deck":["Zap+1","Dualcast","Echo Form","Cold Snap","Coolheaded","Genetic Algorithm","Defragment+1","Leap","Coolheaded","Hologram+1","Defragment+1","Fission+1","Darkness+1","Cold Snap","Go for the Eyes","Redo+1","Consume","BootSequence+1","Multi-Cast+1","Conserve Battery+1","Writhe","Ball Lightning+1","Self Repair","Redo+1","Doom and Gloom","Seek","Leap","Redo+1","Doubt","White Noise","Conserve Battery"],"special_seed":0,"relics":["Cracked Core","Bronze Scales","Bag of Marbles","GremlinMask","Pandora\u0027s Box","MutagenicStrength","Sundial","Orichalcum","Inserter","Du-Vu Doll","DataDisk","Centennial Puzzle","Pear"],"potions_floor_usage":[16,31,33,33,39,40,45],"damage_taken":[{"damage":0.0,"enemies":"Cultist","floor":1.0,"turns":4.0},{"damage":2.0,"enemies":"Jaw Worm","floor":3.0,"turns":6.0},{"damage":18,"enemies":"Lagavulin","floor":8,"turns":10},{"damage":8,"enemies":"Gremlin Nob","floor":10,"turns":4},{"damage":2,"enemies":"2 Louse","floor":11,"turns":2},{"damage":0,"enemies":"Large Slime","floor":13,"turns":5},{"damage":0,"enemies":"Slime Boss","floor":16,"turns":12},{"damage":0,"enemies":"3 Byrds","floor":18,"turns":3},{"damage":1,"enemies":"Spheric Guardian","floor":20,"turns":5},{"damage":6,"enemies":"Book of Stabbing","floor":24,"turns":5},{"damage":9,"enemies":"Centurion and Healer","floor":27,"turns":7},{"damage":15,"enemies":"Snake Plant","floor":29,"turns":4},{"damage":0,"enemies":"Sentry and Sphere","floor":31,"turns":5},{"damage":27,"enemies":"Collector","floor":33,"turns":11},{"damage":11,"enemies":"Orb Walker","floor":35,"turns":5},{"damage":26,"enemies":"2 Orb Walkers","floor":37,"turns":5},{"damage":25,"enemies":"3 Shapes","floor":39,"turns":4},{"damage":6,"enemies":"Nemesis","floor":40,"turns":7},{"damage":33,"enemies":"Reptomancer","floor":45,"turns":9},{"damage":25,"enemies":"Jaw Worm Horde","floor":47,"turns":4},{"damage":79,"enemies":"Donu and Deca","floor":50,"turns":9},{"damage":92,"enemies":"Shield and Spear","floor":54,"turns":3}],"seed_played":"-6194891155196713644","potions_obtained":[{"floor":8,"key":"Weak Potion"},{"floor":10,"key":"Block Potion"},{"floor":13,"key":"Explosive Potion"},{"floor":16,"key":"Fruit Juice"},{"floor":18,"key":"Ancient Potion"},{"floor":37,"key":"PowerPotion"},{"floor":39,"key":"Energy Potion"},{"floor":40,"key":"Regen Potion"}],"is_trial":false,"path_per_floor":["?","?","?","?","M","?","?","$","M","?","?","?","M","?"],"character_chosen":"DEFECT","items_purchased":["Genetic Algorithm","Defragment","Self Repair","Redo","Doom and Gloom","White Noise","Conserve Battery"],"campfire_rested":2,"item_purchase_floors":[7,14,38,38,38,53,53],"current_hp_per_floor":[68,68,66,71,71,71,71,53,53,45,43,43,43,43,43,48,76,76,76,75,75,75,75,69,69,69,60,60,45,45,45,45,18,68,57,78,52,52,34,28,53,53,53,53,52,80,55,95,95,23,77,77,77,0],"gold":9,"neow_bonus":"ONE_RANDOM_RARE_CARD","is_prod":false,"is_daily":false,"chose_seed":false,"campfire_upgraded":8,"win_rate":0,"timestamp":1556901973,"path_taken":["M","?","M","?","?","R","$","E","T","E","M","?","?","$","R","BOSS","M","$","M","?","?","R","E","R","T","M","R","M","?","?","R","BOSS","M","?","?","$","M","E","R","?","T","R","E","R","?","?","R","BOSS","R","$","E"],"build_version":"2019-01-23","purchased_purges":3,"victory":false,"max_hp_per_floor":[75,75,75,80,80,80,80,80,80,80,80,80,80,80,80,85,85,85,85,85,85,85,85,85,85,85,85,85,85,85,85,85,85,85,85,85,85,85,85,85,85,85,85,85,95,95,95,95,95,95,95,95,95,95],"card_choices":[{"not_picked":["Leap","Aggregate"],"picked":"Cold Snap","floor":1.0},{"not_picked":["Blizzard","Melter"],"picked":"Coolheaded","floor":3.0},{"not_picked":["Force Field","Rebound"],"picked":"Defragment","floor":8},{"not_picked":["Beam Cell","Stack"],"picked":"Leap","floor":10},{"not_picked":["Loop","Sunder"],"picked":"Coolheaded","floor":11},{"not_picked":["Compile Driver","Doom and Gloom"],"picked":"Hologram","floor":13},{"not_picked":["Meteor Strike","Reboot"],"picked":"Fission","floor":16},{"not_picked":["Reinforced Body","Hologram","Recycle"],"picked":"SKIP","floor":18},{"not_picked":["Streamline+1","Force Field"],"picked":"Redo","floor":20},{"not_picked":["Conserve Battery","Sweeping Beam"],"picked":"Consume","floor":24},{"not_picked":["Sweeping Beam","Fusion+1","Melter+1"],"picked":"SKIP","floor":27},{"not_picked":["Consume","Rebound"],"picked":"BootSequence+1","floor":29},{"not_picked":["Rebound","Undo","Heatsinks"],"picked":"SKIP","floor":31},{"not_picked":["Fission","Biased Cognition"],"picked":"Multi-Cast","floor":33},{"not_picked":["Recycle+1","Hello World"],"picked":"Conserve Battery+1","floor":35},{"not_picked":["Capacitor","Hologram"],"picked":"Ball Lightning+1","floor":37},{"not_picked":["Ball Lightning","Hologram","Rebound+1"],"picked":"SKIP","floor":39},{"not_picked":["Stack+1","Conserve Battery"],"picked":"Seek","floor":40},{"not_picked":["Static Discharge","Stack"],"picked":"Leap","floor":45},{"not_picked":["Auto Shields","Turbo"],"picked":"Redo+1","floor":47}],"player_experience":210334,"relics_obtained":[{"floor":8,"key":"Bronze Scales"},{"floor":10,"key":"Bag of Marbles"},{"floor":24,"key":"Sundial"},{"floor":26,"key":"Orichalcum"},{"floor":37,"key":"Du-Vu Doll"},{"floor":40,"key":"DataDisk"},{"floor":43,"key":"Centennial Puzzle"},{"floor":45,"key":"Pear"}],"event_choices":[{"cards_removed":["Strike_B"],"damage_healed":0.0,"max_hp_gain":0.0,"max_hp_loss":0.0,"gold_gain":0.0,"event_name":"Living Wall","player_choice":"Forget","floor":2.0,"gold_loss":0.0,"damage_taken":0.0},{"damage_healed":0.0,"max_hp_gain":5.0,"max_hp_loss":0.0,"gold_gain":0.0,"event_name":"Big Fish","player_choice":"Donut","floor":4.0,"gold_loss":0.0,"damage_taken":0.0},{"cards_removed":["Defend_B"],"damage_healed":0.0,"max_hp_gain":0.0,"max_hp_loss":0.0,"gold_gain":0.0,"event_name":"The Cleric","player_choice":"Card Removal","floor":5.0,"gold_loss":50.0,"damage_taken":0.0},{"damage_healed":0,"gold_gain":0,"player_choice":"Trade","damage_taken":0,"relics_obtained":["GremlinMask"],"max_hp_gain":0,"max_hp_loss":0,"event_name":"FaceTrader","floor":12,"gold_loss":0},{"damage_healed":0,"gold_gain":0,"player_choice":"Ignored","damage_taken":0,"max_hp_gain":0,"max_hp_loss":0,"event_name":"Ghosts","floor":21,"gold_loss":0},{"damage_healed":0,"gold_gain":0,"player_choice":"Inject Mutagens","damage_taken":0,"relics_obtained":["MutagenicStrength"],"max_hp_gain":0,"max_hp_loss":0,"event_name":"Drug Dealer","floor":22,"gold_loss":0},{"damage_healed":21,"gold_gain":0,"player_choice":"Writhe","damage_taken":0,"max_hp_gain":0,"max_hp_loss":0,"event_name":"Winding Halls","floor":36,"gold_loss":0,"cards_obtained":["Writhe"]},{"damage_healed":0,"gold_gain":0,"player_choice":"Fight","damage_taken":0,"max_hp_gain":0,"max_hp_loss":0,"event_name":"Mysterious Sphere","floor":37,"gold_loss":0},{"damage_healed":0,"gold_gain":0,"player_choice":"Forge","damage_taken":0,"max_hp_gain":0,"max_hp_loss":0,"event_name":"Accursed Blacksmith","floor":42,"gold_loss":0,"cards_upgraded":["Redo"]},{"damage_healed":40,"gold_gain":0,"player_choice":"Heal","damage_taken":0,"max_hp_gain":0,"max_hp_loss":0,"event_name":"MindBloom","floor":48,"gold_loss":0,"cards_obtained":["Doubt"]}],"is_beta":false,"boss_relics":[{"not_picked":["Black Star","Ectoplasm"],"picked":"Pandora\u0027s Box"},{"not_picked":["Cursed Key","FrozenCore"],"picked":"Inserter"}],"items_purged_floors":[14,19,30],"is_endless":false,"potions_floor_spawned":[8,10,13,16,18,20,37,39,40],"killed_by":"Shield and Spear","ascension_level":6}