{"gold_per_floor":[210,228,240,255,225,225,257,28,106,106,117,128,146,146],"floor_reached":14,"playtime":646,"items_purged":["Strike_R"],"score":103,"play_id":"5ba2242c-76b5-4c17-aca5-4471082c430d","local_time":"20190418084740","is_ascension_mode":true,"campfire_choices":[{"data":"Pommel Strike","floor":6,"key":"SMITH"},{"data":"Armaments","floor":10,"key":"SMITH"}],"neow_cost":"NONE","seed_source_timestamp":359470699657456,"circlet_count":0,"master_deck":["Strike_R","Strike_R","Strike_R","Strike_R","Defend_R","Defend_R","Defend_R","Defend_R","Bash","Intimidate","Armaments+1","Whirlwind","Pommel Strike+1","Bloodletting","Burning Pact","Whirlwind"],"relics":["Burning Blood","Pocketwatch","Pen Nib"],"potions_floor_usage":[7,13],"damage_taken":[{"damage":1,"enemies":"Cultist","floor":1,"turns":3},{"damage":5,"enemies":"Small Slimes","floor":2,"turns":5},{"damage":2,"enemies":"2 Louse","floor":3,"turns":3},{"damage":18,"enemies":"Exordium Wildlife","floor":4,"turns":6},{"damage":4,"enemies":"Looter","floor":5,"turns":4},{"damage":20,"enemies":"Gremlin Nob","floor":7,"turns":5},{"damage":9,"enemies":"Large Slime","floor":11,"turns":6},{"damage":7,"enemies":"3 Louse","floor":12,"turns":2},{"damage":10,"enemies":"Exordium Wildlife","floor":13,"turns":4},{"damage":54,"enemies":"3 Sentries","floor":14,"turns":4}],"seed_played":"-3465426200598956121","potions_obtained":[{"floor":1,"key":"Weak Potion"},{"floor":7,"key":"Block Potion"}],"is_trial":false,"path_per_floor":["M","M"],"character_chosen":"IRONCLAD","items_purchased":["Pen Nib"],"campfire_rested":0,"item_purchase_floors":[8],"current_hp_per_floor":[80,80,80,68,70,70,56,56,56,56,53,52,48,0],"gold":146,"neow_bonus":"HUNDRED_GOLD","is_prod":false,"is_daily":false,"chose_seed":false,"campfire_upgraded":2,"win_rate":0,"timestamp":1555570060,"path_taken":["M","M","M","?","?","R","E","$","T","R","M","M","M","E"],"build_version":"2019-01-23","purchased_purges":1,"victory":false,"max_hp_per_floor":[80,80,80,80,80,80,80,80,80,80,80,80,80,80],"card_choices":[{"not_picked":["Sentinel","Battle Trance","Twin Strike"],"picked":"SKIP","floor":1},{"not_picked":["Sword Boomerang","Wild Strike"],"picked":"Intimidate","floor":2},{"not_picked":["Warcry","Sword Boomerang"],"picked":"Armaments","floor":3},{"not_picked":["Thunderclap","Wild Strike"],"picked":"Whirlwind","floor":4},{"not_picked":["Feel No Pain","Sword Boomerang"],"picked":"Pommel Strike","floor":5},{"not_picked":["Metallicize","Fire Breathing"],"picked":"Bloodletting","floor":7},{"not_picked":["Searing Blow","Armaments","Twin Strike"],"picked":"SKIP","floor":11},{"not_picked":["Immolate","Infernal Blade"],"picked":"Burning Pact","floor":12},{"not_picked":["Reckless Charge","Clothesline"],"picked":"Whirlwind","floor":13}],"player_experience":95570,"relics_obtained":[{"floor":7,"key":"Pocketwatch"}],"event_choices":[],"is_beta":false,"boss_relics":[],"items_purged_floors":[8],"is_endless":false,"potions_floor_spawned":[1,7],"killed_by":"3 Sentries","ascension_level":2}