{"gold_per_floor":[109,124,143,162,162,193,210,210,210,210,224,224,149,149,149,222,222,240,250,250,250,175,175,6,40,91,91,107,107],"floor_reached":29,"playtime":1479,"items_purged":["Strike_R"],"score":437,"play_id":"4fda6300-83f5-4005-a6ca-b17b9ae01f8a","local_time":"20190504112145","is_ascension_mode":true,"campfire_choices":[{"floor":8.0,"key":"REST"},{"data":"True Grit","floor":10.0,"key":"SMITH"},{"data":"Bash","floor":12.0,"key":"SMITH"},{"floor":15.0,"key":"REST"},{"floor":23.0,"key":"REST"},{"floor":27,"key":"REST"}],"neow_cost":"NONE","seed_source_timestamp":146388659503864,"circlet_count":0,"master_deck":["AscendersBane","Strike_R","Strike_R","Strike_R","Defend_R","Defend_R","Defend_R","Defend_R","Bash+1","Shrug It Off","Rupture","True Grit+1","Disarm","Pummel","Pummel","Rupture","Pain","Immolate","Combust","Shrug It Off","Decay","Combust+1","Blood for Blood","Warcry+1","Clash"],"special_seed":0,"relics":["Burning Blood","Ginger","Question Card","WarpedTongs","Eternal Feather","Ancient Tea Set","Happy Flower","Prayer Wheel","Dream Catcher"],"potions_floor_usage":[25],"damage_taken":[{"damage":4.0,"enemies":"Small Slimes","floor":1.0,"turns":5.0},{"damage":0.0,"enemies":"Cultist","floor":2.0,"turns":3.0},{"damage":2.0,"enemies":"Jaw Worm","floor":3.0,"turns":5.0},{"damage":2.0,"enemies":"2 Fungi Beasts","floor":4.0,"turns":6.0},{"damage":72.0,"enemies":"Lagavulin","floor":6.0,"turns":14.0},{"damage":12.0,"enemies":"Large Slime","floor":7.0,"turns":9.0},{"damage":15.0,"enemies":"Exordium Wildlife","floor":11.0,"turns":6.0},{"damage":28.0,"enemies":"Slime Boss","floor":16.0,"turns":12.0},{"damage":47.0,"enemies":"Spheric Guardian","floor":18.0,"turns":6.0},{"damage":19.0,"enemies":"Chosen","floor":19.0,"turns":5.0},{"damage":45,"enemies":"Book of Stabbing","floor":25,"turns":5},{"damage":37,"enemies":"Sentry and Sphere","floor":28,"turns":5},{"damage":27,"enemies":"Snecko","floor":29,"turns":3}],"seed_played":"2599304207765616240","potions_obtained":[{"floor":3.0,"key":"SkillPotion"},{"floor":4.0,"key":"Regen Potion"},{"floor":6.0,"key":"Explosive Potion"},{"floor":16.0,"key":"Poison Potion"},{"floor":18.0,"key":"EssenceOfSteel"}],"is_trial":false,"path_per_floor":["M","M","M","M","?","E","M","R","T","R","M","R","$","?","R","B",null,"M","M","?","?","?","R","$","E","T","R","M","M"],"character_chosen":"IRONCLAD","items_purchased":["Happy Flower"],"campfire_rested":4,"item_purchase_floors":[24],"current_hp_per_floor":[70,75,75,75,80,29,23,47,47,47,38,38,38,38,62,40,70,29,16,16,16,16,52,52,13,13,49,18,0],"gold":107,"neow_bonus":"REMOVE_CARD","is_prod":false,"is_daily":false,"chose_seed":false,"campfire_upgraded":2,"win_rate":0,"timestamp":1556994105,"path_taken":["M","M","M","M","?","E","M","R","T","R","M","R","$","?","R","BOSS","M","?","?","?","?","R","$","E","T","R","M","M"],"build_version":"2019-01-23","purchased_purges":1,"victory":false,"max_hp_per_floor":[75,75,75,75,80,80,80,80,80,80,80,80,80,80,80,80,80,80,80,80,80,80,80,80,80,80,80,80,80],"card_choices":[{"not_picked":["Flex","Perfected Strike"],"picked":"Shrug It Off","floor":1.0},{"not_picked":["Clash","Burning Pact"],"picked":"Rupture","floor":2.0},{"not_picked":["Sword Boomerang","Clothesline"],"picked":"True Grit","floor":3.0},{"not_picked":["Rampage","Dual Wield"],"picked":"Disarm","floor":4.0},{"not_picked":["Wild Strike","Perfected Strike"],"picked":"Pummel","floor":6.0},{"not_picked":["Power Through","Wild Strike"],"picked":"Pummel","floor":7.0},{"not_picked":["Pommel Strike","Flex","Twin Strike"],"picked":"Rupture","floor":11.0},{"not_picked":["Feed","Fiend Fire","Barricade"],"picked":"Immolate","floor":16.0},{"not_picked":["Thunderclap+1","Seeing Red","Body Slam"],"picked":"Combust","floor":18.0},{"not_picked":["Twin Strike","Ghostly Armor","Anger"],"picked":"Shrug It Off","floor":19.0},{"not_picked":["Ghostly Armor","Twin Strike","True Grit"],"picked":"Combust+1","floor":25},{"not_picked":["Iron Wave","Anger","Power Through"],"picked":"Blood for Blood","floor":27},{"not_picked":["Body Slam","Intimidate","Whirlwind"],"picked":"Warcry+1","floor":28},{"not_picked":["Body Slam","Cleave","Sever Soul"],"picked":"Clash","floor":28}],"player_experience":633920,"relics_obtained":[{"floor":6.0,"key":"Ginger"},{"floor":9.0,"key":"Question Card"},{"floor":25,"key":"Prayer Wheel"},{"floor":26,"key":"Dream Catcher"}],"event_choices":[{"damage_healed":0.0,"max_hp_gain":5.0,"max_hp_loss":0.0,"gold_gain":0.0,"event_name":"Big Fish","player_choice":"Donut","floor":5.0,"gold_loss":0.0,"damage_taken":0.0},{"damage_healed":0.0,"max_hp_gain":0.0,"max_hp_loss":0.0,"gold_gain":0.0,"event_name":"Accursed Blacksmith","player_choice":"Rummage","floor":14.0,"gold_loss":0.0,"damage_taken":0.0,"relics_obtained":["WarpedTongs"],"cards_obtained":["Pain"]},{"damage_healed":0.0,"max_hp_gain":0.0,"max_hp_loss":0.0,"gold_gain":0.0,"event_name":"The Mausoleum","player_choice":"Opened","floor":20.0,"gold_loss":0.0,"damage_taken":0.0,"relics_obtained":["Ancient Tea Set"],"cards_obtained":["Writhe"]},{"damage_healed":0.0,"max_hp_gain":0.0,"max_hp_loss":0.0,"gold_gain":0.0,"event_name":"Forgotten Altar","player_choice":"Smashed Altar","floor":21.0,"gold_loss":0.0,"damage_taken":0.0,"cards_obtained":["Decay"]},{"cards_removed":["Writhe"],"damage_healed":0.0,"max_hp_gain":0.0,"max_hp_loss":0.0,"gold_gain":0.0,"event_name":"Beggar","player_choice":"Gave Gold","floor":22.0,"gold_loss":75.0,"damage_taken":0.0}],"is_beta":false,"boss_relics":[{"not_picked":["Lizard Tail","Black Star"],"picked":"Eternal Feather"}],"items_purged_floors":[13],"is_endless":false,"potions_floor_spawned":[3,4,6,16,18],"killed_by":"Snecko","ascension_level":16}