{"gold_per_floor":[110,120,120,46,110,127,127,52,52,102,120,34,101,119,119,220,220,239,139,189,251,270,270,320,320,320,338,338,418,468,482,482,482],"floor_reached":33,"playtime":1952,"items_purged":["Defend_G","Strike_G"],"score":343,"play_id":"8dfbdfa3-5f08-4436-9235-65688347ab15","local_time":"20190419102328","is_ascension_mode":true,"campfire_choices":[{"data":"PiercingWail","floor":7,"key":"SMITH"},{"data":"Venomology","floor":15,"key":"SMITH"},{"data":"Noxious Fumes","floor":23,"key":"SMITH"},{"data":"Noxious Fumes","floor":25,"key":"SMITH"},{"floor":28,"key":"REST"},{"floor":32,"key":"REST"}],"neow_cost":"NONE","seed_source_timestamp":450307371806232,"circlet_count":0,"master_deck":["Defend_G","Defend_G","Defend_G","Strike_G","Strike_G","Strike_G","Strike_G","Survivor","Neutralize","Blur","Dagger Spray","Deadly Poison","PiercingWail+1","Blur","Dodge and Roll","Venomology+1","Quick Slash+1","Tools of the Trade","Noxious Fumes+1","Quick Slash+1","Noxious Fumes+1","Masterful Stab+1","Writhe","Dash+1"],"relics":["Ring of the Snake","SsserpentHead","Molten Egg 2","Orrery","Red Mask","Mummified Hand"],"potions_floor_usage":[13,14,16,16,16,22,22,22,24,24,27,29,29,31,31],"damage_taken":[{"damage":2,"enemies":"2 Louse","floor":1,"turns":3},{"damage":0,"enemies":"Cultist","floor":2,"turns":6},{"damage":1,"enemies":"Jaw Worm","floor":5,"turns":5},{"damage":11,"enemies":"Red Slaver","floor":6,"turns":6},{"damage":9,"enemies":"Exordium Wildlife","floor":11,"turns":8},{"damage":5,"enemies":"Gremlin Gang","floor":13,"turns":5},{"damage":5,"enemies":"3 Louse","floor":14,"turns":4},{"damage":0,"enemies":"The Guardian","floor":16,"turns":14},{"damage":20,"enemies":"Chosen","floor":18,"turns":8},{"damage":25,"enemies":"Spheric Guardian","floor":21,"turns":8},{"damage":38,"enemies":"Shelled Parasite and Fungi","floor":22,"turns":7},{"damage":15,"enemies":"Colosseum Slavers","floor":24,"turns":7},{"damage":18,"enemies":"Centurion and Healer","floor":27,"turns":7},{"damage":21,"enemies":"Masked Bandits","floor":29,"turns":4},{"damage":3,"enemies":"Chosen and Byrds","floor":31,"turns":4},{"damage":36,"enemies":"Automaton","floor":33,"turns":6}],"seed_played":"3809530071886261096","potions_obtained":[{"floor":6,"key":"Dexterity Potion"},{"floor":11,"key":"GhostInAJar"},{"floor":14,"key":"Strength Potion"},{"floor":21,"key":"Poison Potion"},{"floor":22,"key":"PowerPotion"},{"floor":29,"key":"Fire Potion"}],"is_trial":false,"path_per_floor":["?","M","?","$","M","?","M","?","?","?"],"character_chosen":"THE_SILENT","items_purchased":["Deadly Poison","PiercingWail","Grand Finale+1"],"campfire_rested":2,"item_purchase_floors":[4,4,12],"current_hp_per_floor":[75,75,75,75,74,63,63,63,63,56,47,47,42,37,37,37,77,57,57,87,62,39,39,24,24,24,6,32,11,11,8,34,0],"gold":482,"neow_bonus":"TEN_PERCENT_HP_BONUS","is_prod":false,"is_daily":false,"chose_seed":false,"campfire_upgraded":4,"win_rate":0,"timestamp":1555662208,"path_taken":["M","M","?","$","?","M","R","$","T","?","M","?","?","M","R","BOSS","M","$","?","?","M","R","?","R","T","M","R","?","?","M","R","BOSS"],"build_version":"2019-01-23","purchased_purges":2,"victory":false,"max_hp_per_floor":[77,77,77,77,77,77,77,77,77,77,77,77,77,77,77,77,77,77,77,87,87,87,87,87,87,87,87,87,87,87,87,87,87],"card_choices":[{"not_picked":["Acrobatics","Backflip"],"picked":"Blur","floor":1},{"not_picked":["Heel Hook","Acrobatics"],"picked":"Dagger Spray","floor":2},{"not_picked":["Bane","Acrobatics"],"picked":"Blur","floor":5},{"not_picked":["Acrobatics","Heel Hook"],"picked":"Dodge and Roll","floor":6},{"not_picked":["PiercingWail","Backflip","Acrobatics"],"picked":"SKIP","floor":11},{"not_picked":["All Out Attack+1","Underhanded Strike+1"],"picked":"Venomology","floor":13},{"not_picked":["Underhanded Strike+1","Deadly Poison"],"picked":"Quick Slash+1","floor":14},{"not_picked":["Night Terror","Wraith Form v2"],"picked":"Tools of the Trade","floor":16},{"not_picked":["Slice+1","Terror"],"picked":"Noxious Fumes","floor":17},{"not_picked":["Backflip","Acrobatics"],"picked":"Quick Slash+1","floor":17},{"not_picked":["Bullet Time","Distraction","PiercingWail"],"picked":"SKIP","floor":18},{"not_picked":["Acrobatics","Blade Dance","Backflip"],"picked":"SKIP","floor":21},{"not_picked":["Calculated Gamble","Crippling Poison+1"],"picked":"Noxious Fumes","floor":22},{"not_picked":["Flying Knee+1","Escape Plan+1"],"picked":"Masterful Stab+1","floor":27},{"not_picked":["Dagger Throw+1","Deadly Poison+1"],"picked":"Dash+1","floor":31}],"player_experience":107337,"relics_obtained":[{"floor":9,"key":"Molten Egg 2"},{"floor":29,"key":"Red Mask"}],"event_choices":[{"damage_healed":0,"gold_gain":0,"player_choice":"Trade","damage_taken":0,"relics_obtained":["SsserpentHead"],"max_hp_gain":0,"max_hp_loss":0,"event_name":"FaceTrader","floor":3,"gold_loss":0},{"cards_removed":["Defend_G"],"damage_healed":0,"gold_gain":0,"player_choice":"Card Removal","damage_taken":7,"max_hp_gain":0,"max_hp_loss":0,"event_name":"Golden Wing","floor":10,"gold_loss":0},{"cards_removed":["Grand Finale"],"damage_healed":20,"gold_gain":0,"player_choice":"Offered Rare","damage_taken":0,"max_hp_gain":10,"max_hp_loss":0,"event_name":"Bonfire Elementals","floor":20,"gold_loss":0},{"damage_healed":0,"gold_gain":0,"player_choice":"Fight","damage_taken":0,"max_hp_gain":0,"max_hp_loss":0,"event_name":"Colosseum","floor":24,"gold_loss":0},{"damage_healed":0,"gold_gain":0,"player_choice":"Fled From Nobs","damage_taken":0,"max_hp_gain":0,"max_hp_loss":0,"event_name":"Colosseum","floor":24,"gold_loss":0},{"damage_healed":0,"gold_gain":0,"player_choice":"Fought Bandits","damage_taken":0,"max_hp_gain":0,"max_hp_loss":0,"event_name":"Masked Bandits","floor":29,"gold_loss":0},{"damage_healed":0,"gold_gain":0,"player_choice":"Opened","damage_taken":0,"relics_obtained":["Mummified Hand"],"max_hp_gain":0,"max_hp_loss":0,"event_name":"The Mausoleum","floor":30,"gold_loss":0,"cards_obtained":["Writhe"]}],"is_beta":false,"boss_relics":[{"not_picked":["Snecko Eye","WristBlade"],"picked":"Orrery"}],"items_purged_floors":[8,19],"is_endless":false,"potions_floor_spawned":[6,11,14,21,22,29],"killed_by":"Automaton","ascension_level":2}