{"gold_per_floor":[109,184,204,204,225,268,268,193,216,239,278,278,31,54,54,183,183,207,232,232,255,268,292,331,352,377,414,449,476,503,546,558,701,713,739,775,160,160,183,519,539,539,539,575,588,612,628,648,648,648],"floor_reached":51,"playtime":3464,"items_purged":["Bash","Intimidate","Feed+1"],"score":901,"play_id":"a483f857-2c31-46b6-b8ae-33f626c76afb","local_time":"20190104223157","is_ascension_mode":false,"campfire_choices":[{"data":"Perfected Strike","floor":7,"key":"SMITH"},{"data":"Perfected Strike","floor":12,"key":"SMITH"},{"floor":15,"key":"REST"},{"floor":32,"key":"REST"},{"floor":42,"key":"REST"},{"floor":49,"key":"REST"}],"neow_cost":"NONE","seed_source_timestamp":15418861135128,"circlet_count":0,"master_deck":["Strike_R","Strike_R","Strike_R","Strike_R","Strike_R","Defend_R","Defend_R","Defend_R","Defend_R","Perfected Strike+1","Power Through","Perfected Strike+1","Perfected Strike+1","Perfected Strike+1","Berserk","Perfected Strike+1","Pommel Strike+1","Power Through+1","Seeing Red+1","Offering","Pommel Strike+1","Thunderclap+1","Perfected Strike+1","Pommel Strike+1","Power Through+1","Dual Wield+1","Seeing Red","Parasite","Twin Strike+1","Pommel Strike+1"],"relics":["Burning Blood","Pen Nib","Golden Idol","Strawberry","Blood Vial","Molten Egg 2","Dream Catcher","Fusion Hammer","Matryoshka","Anchor","MawBank","Red Mask","Black Star","Potion Belt","Unceasing Top","Charon\u0027s Ashes","Old Coin","PreservedInsect","Self Forming Clay","Happy Flower","Bag of Marbles"],"potions_floor_usage":[24,28],"damage_taken":[{"damage":0,"enemies":"Small Slimes","floor":1,"turns":3},{"damage":3,"enemies":"Jaw Worm","floor":3,"turns":3},{"damage":0,"enemies":"2 Louse","floor":5,"turns":3},{"damage":34,"enemies":"3 Sentries","floor":6,"turns":10},{"damage":0,"enemies":"2 Fungi Beasts","floor":10,"turns":2},{"damage":11,"enemies":"Gremlin Nob","floor":11,"turns":4},{"damage":8,"enemies":"Red Slaver","floor":14,"turns":2},{"damage":42,"enemies":"The Guardian","floor":16,"turns":10},{"damage":5,"enemies":"2 Thieves","floor":18,"turns":3},{"damage":0,"enemies":"Shell Parasite","floor":19,"turns":2},{"damage":12,"enemies":"3 Cultists","floor":21,"turns":5},{"damage":0,"enemies":"Snecko","floor":22,"turns":2},{"damage":0,"enemies":"Sentry and Sphere","floor":23,"turns":2},{"damage":21,"enemies":"Slavers","floor":24,"turns":5},{"damage":21,"enemies":"Snake Plant","floor":25,"turns":2},{"damage":8,"enemies":"3 Cultists","floor":27,"turns":4},{"damage":4,"enemies":"Centurion and Healer","floor":28,"turns":4},{"damage":7,"enemies":"Snecko","floor":29,"turns":3},{"damage":0,"enemies":"Snake Plant","floor":30,"turns":1},{"damage":0,"enemies":"Masked Bandits","floor":31,"turns":2},{"damage":50,"enemies":"Collector","floor":33,"turns":8},{"damage":20,"enemies":"3 Darklings","floor":35,"turns":4},{"damage":0,"enemies":"Orb Walker","floor":36,"turns":2},{"damage":32,"enemies":"3 Darklings","floor":39,"turns":4},{"damage":0,"enemies":"Nemesis","floor":40,"turns":3},{"damage":5,"enemies":"4 Shapes","floor":41,"turns":3},{"damage":6,"enemies":"Giant Head","floor":44,"turns":4},{"damage":10,"enemies":"Writhing Mass","floor":45,"turns":4},{"damage":4,"enemies":"Jaw Worm Horde","floor":46,"turns":3},{"damage":0,"enemies":"Spire Growth","floor":47,"turns":2},{"damage":19,"enemies":"Maw","floor":48,"turns":4},{"damage":74,"enemies":"Awakened One","floor":50,"turns":7}],"seed_played":"7687174670531518660","potions_obtained":[{"floor":3,"key":"Dexterity Potion"},{"floor":5,"key":"Swift Potion"},{"floor":10,"key":"Fire Potion"},{"floor":11,"key":"Energy Potion"},{"floor":18,"key":"BloodPotion"},{"floor":21,"key":"AttackPotion"},{"floor":24,"key":"Dexterity Potion"},{"floor":29,"key":"Swift Potion"},{"floor":36,"key":"BloodPotion"},{"floor":40,"key":"Dexterity Potion"},{"floor":41,"key":"Swift Potion"}],"is_trial":false,"path_per_floor":["M","?","M","?","M","E","R","$","T","M","E","R","$","M","R","B",null,"M","M","?","M","M","M","E","M","T","M","M","M","M","?","R","B",null,"M","M","$","?","M","E","M","R","T","E","M","M","M","M","R","B",null],"character_chosen":"IRONCLAD","items_purchased":["Dream Catcher","Potion Belt","Unceasing Top","Thunderclap+1"],"campfire_rested":4,"item_purchase_floors":[13,37,37,37],"current_hp_per_floor":[80,69,72,52,58,37,37,37,37,45,42,42,42,42,68,34,87,87,87,71,67,75,83,82,69,69,69,73,74,82,90,91,47,91,81,89,89,89,65,73,76,95,95,95,91,95,95,82,95,27],"gold":648,"neow_bonus":"RANDOM_COMMON_RELIC","is_prod":false,"is_daily":false,"chose_seed":false,"campfire_upgraded":2,"win_rate":0,"timestamp":1546601517,"path_taken":["M","?","M","?","M","E","R","$","T","M","E","R","?","M","R","BOSS","M","M","?","M","M","M","E","M","T","M","M","M","M","?","R","BOSS","M","M","$","?","M","E","M","R","T","E","M","M","M","M","R","BOSS"],"build_version":"2019-01-03v3","purchased_purges":3,"victory":true,"max_hp_per_floor":[80,80,80,80,80,87,87,87,87,87,87,87,87,87,87,87,87,87,87,87,87,87,87,91,91,91,91,91,91,91,91,91,91,91,95,95,95,95,95,95,95,95,95,95,95,95,95,95,95,95],"card_choices":[{"not_picked":["Twin Strike","Uppercut"],"picked":"Perfected Strike","floor":1},{"not_picked":["Iron Wave","Warcry"],"picked":"Intimidate","floor":3},{"not_picked":["Burning Pact","Heavy Blade","Iron Wave"],"picked":"SKIP","floor":5},{"not_picked":["Hemokinesis","Battle Trance"],"picked":"Power Through","floor":6},{"not_picked":["Battle Trance","True Grit"],"picked":"Perfected Strike","floor":10},{"not_picked":["Shrug It Off","Second Wind"],"picked":"Perfected Strike","floor":11},{"not_picked":["Anger+1","Pummel+1"],"picked":"Perfected Strike+1","floor":14},{"not_picked":["Brutality","Bludgeon+1"],"picked":"Berserk","floor":16},{"not_picked":["Thunderclap+1","Flex"],"picked":"Perfected Strike+1","floor":18},{"not_picked":["Hemokinesis+1","Entrench","Armaments"],"picked":"SKIP","floor":19},{"not_picked":["Headbutt+1","Body Slam+1"],"picked":"Pommel Strike+1","floor":21},{"not_picked":["Warcry","Heavy Blade+1","Burning Pact"],"picked":"SKIP","floor":22},{"not_picked":["Combust","Corruption"],"picked":"Feed+1","floor":23},{"not_picked":["Rampage+1","Anger+1"],"picked":"Power Through+1","floor":24},{"not_picked":["Cleave+1","Iron Wave+1","Flex+1"],"picked":"SKIP","floor":25},{"not_picked":["Clothesline+1","Thunderclap+1"],"picked":"Seeing Red+1","floor":27},{"not_picked":["Anger+1","Armaments","Hemokinesis+1"],"picked":"SKIP","floor":28},{"not_picked":["Dropkick+1","Sword Boomerang+1","Searing Blow+1"],"picked":"SKIP","floor":29},{"not_picked":["Whirlwind+1","Heavy Blade+1","Cleave+1"],"picked":"SKIP","floor":30},{"not_picked":["Brutality","Barricade"],"picked":"Offering","floor":33},{"not_picked":["Iron Wave+1","Flex"],"picked":"Pommel Strike+1","floor":35},{"not_picked":["True Grit+1","Iron Wave+1","Ghostly Armor+1"],"picked":"SKIP","floor":36},{"not_picked":["Shockwave+1","Disarm+1"],"picked":"Pommel Strike+1","floor":39},{"not_picked":["Anger+1","Body Slam+1"],"picked":"Power Through+1","floor":40},{"not_picked":["Feed+1","Infernal Blade+1"],"picked":"Dual Wield+1","floor":41},{"not_picked":["Intimidate+1","Rupture+1"],"picked":"Seeing Red","floor":42},{"not_picked":["Pummel+1","Flex","Clash+1"],"picked":"SKIP","floor":44},{"not_picked":["Shrug It Off","Armaments+1","Bloodletting"],"picked":"SKIP","floor":45},{"not_picked":["Iron Wave+1","Armaments","Sword Boomerang+1"],"picked":"SKIP","floor":46},{"not_picked":["Fire Breathing+1","Dark Embrace"],"picked":"Twin Strike+1","floor":47},{"not_picked":["Spot Weakness+1","Clash+1"],"picked":"Pommel Strike+1","floor":48}],"player_experience":13020,"relics_obtained":[{"floor":6,"key":"Strawberry"},{"floor":9,"key":"Blood Vial"},{"floor":11,"key":"Molten Egg 2"},{"floor":24,"key":"Matryoshka"},{"floor":26,"key":"Anchor"},{"floor":26,"key":"MawBank"},{"floor":31,"key":"Red Mask"},{"floor":40,"key":"Charon\u0027s Ashes"},{"floor":40,"key":"Old Coin"},{"floor":43,"key":"PreservedInsect"},{"floor":43,"key":"Self Forming Clay"},{"floor":44,"key":"Happy Flower"},{"floor":44,"key":"Bag of Marbles"}],"event_choices":[{"damage_healed":0,"gold_gain":75,"player_choice":"Gather Gold","damage_taken":11,"max_hp_gain":0,"max_hp_loss":0,"event_name":"World of Goop","floor":2,"gold_loss":0},{"damage_healed":0,"gold_gain":0,"player_choice":"Take Damage","damage_taken":20,"relics_obtained":["Golden Idol"],"max_hp_gain":0,"max_hp_loss":0,"event_name":"Golden Idol","floor":4,"gold_loss":0},{"damage_healed":0,"gold_gain":0,"player_choice":"Obtained Book","damage_taken":16,"max_hp_gain":0,"max_hp_loss":0,"event_name":"Cursed Tome","floor":20,"gold_loss":0},{"damage_healed":0,"gold_gain":0,"player_choice":"Fought Bandits","damage_taken":0,"max_hp_gain":0,"max_hp_loss":0,"event_name":"Masked Bandits","floor":31,"gold_loss":0},{"damage_healed":0,"gold_gain":0,"player_choice":"Copied","damage_taken":0,"max_hp_gain":0,"max_hp_loss":0,"event_name":"Duplicator","floor":38,"gold_loss":0,"cards_obtained":["Perfected Strike"]}],"is_beta":false,"boss_relics":[{"not_picked":["Runic Dome","Lizard Tail"],"picked":"Fusion Hammer"},{"not_picked":["Philosopher\u0027s Stone","Tiny House"],"picked":"Black Star"}],"items_purged_floors":[8,13,37],"is_endless":false,"potions_floor_spawned":[3,5,10,11,18,21,22,24,29,36,40,41,44,46],"ascension_level":0}