{"gold_per_floor":[109,109,109,69,83,115,115,140,140,140,154,154,173,199,211,319,331,359,371,383,395,27,27,60,60,113,132,132,150,150,249,249,249],"floor_reached":33,"playtime":1180,"items_purged":["Strike_R"],"score":513,"play_id":"b047b7bb-da0f-4149-ba53-0de911194742","local_time":"20190510221856","is_ascension_mode":true,"campfire_choices":[{"floor":10.0,"key":"REST"},{"floor":12.0,"key":"REST"},{"floor":15.0,"key":"REST"},{"floor":23.0,"key":"REST"},{"floor":28,"key":"REST"},{"data":"Heavy Blade","floor":30,"key":"SMITH"},{"floor":32,"key":"REST"}],"neow_cost":"NONE","seed_source_timestamp":555289051203274,"circlet_count":0,"master_deck":["Strike_R","Strike_R","Strike_R","Defend_R","Defend_R","Defend_R","Bash","Limit Break+1","Spot Weakness","Heavy Blade+1","Inflame","Pommel Strike","Feed"],"special_seed":0,"relics":["Burning Blood","FossilizedHelix","Bottled Tornado","Sundial","MawBank","Empty Cage","Paper Frog","Gremlin Horn","Red Skull"],"potions_floor_usage":[33],"damage_taken":[{"damage":6.0,"enemies":"2 Louse","floor":1.0,"turns":4.0},{"damage":9.0,"enemies":"Jaw Worm","floor":5.0,"turns":3.0},{"damage":40.0,"enemies":"Lagavulin","floor":6.0,"turns":6.0},{"damage":30.0,"enemies":"Gremlin Nob","floor":8.0,"turns":4.0},{"damage":0.0,"enemies":"Small Slimes","floor":11.0,"turns":3.0},{"damage":0.0,"enemies":"Looter","floor":13.0,"turns":2.0},{"damage":22.0,"enemies":"Lagavulin","floor":14.0,"turns":7.0},{"damage":0.0,"enemies":"Slime Boss","floor":16.0,"turns":4.0},{"damage":37.0,"enemies":"Shell Parasite","floor":18.0,"turns":5.0},{"damage":49.0,"enemies":"Colosseum Slavers","floor":21.0,"turns":4.0},{"damage":31.0,"enemies":"Book of Stabbing","floor":24.0,"turns":4.0},{"damage":0,"enemies":"Spheric Guardian","floor":27,"turns":3},{"damage":37,"enemies":"Snecko","floor":29,"turns":5},{"damage":80,"enemies":"Automaton","floor":33,"turns":6}],"seed_played":"-4941220212773194757","potions_obtained":[{"floor":1.0,"key":"Poison Potion"},{"floor":6.0,"key":"Swift Potion"},{"floor":8.0,"key":"FearPotion"},{"floor":13.0,"key":"Strength Potion"},{"floor":27,"key":"Explosive Potion"},{"floor":29,"key":"Energy Potion"}],"is_trial":false,"path_per_floor":["M","?","?","$","M","E","?","E","T","R","M","R","M","E","R","B",null,"M","$","?","?","$","R","E","?","T","M","R","M","R","?","R","B"],"character_chosen":"IRONCLAD","items_purchased":["Spot Weakness","Paper Frog","SkillPotion"],"campfire_rested":6,"item_purchase_floors":[4,22,22],"current_hp_per_floor":[72,72,72,72,69,35,35,11,11,35,41,65,71,55,79,80,80,52,52,52,9,9,33,8,35,35,41,65,37,37,37,62,0],"gold":249,"neow_bonus":"ONE_RANDOM_RARE_CARD","is_prod":false,"is_daily":false,"chose_seed":false,"campfire_upgraded":1,"win_rate":0,"timestamp":1557519536,"path_taken":["M","?","?","$","M","E","?","E","T","R","M","R","M","E","R","BOSS","M","$","?","?","$","R","E","?","T","?","R","M","R","?","R","BOSS"],"build_version":"2019-01-23","purchased_purges":1,"victory":false,"max_hp_per_floor":[80,80,80,80,80,80,80,80,80,80,80,80,80,80,80,80,80,83,83,83,83,83,83,83,83,83,83,83,86,86,86,86,86],"card_choices":[{"not_picked":["Shockwave","Shrug It Off","Intimidate"],"picked":"SKIP","floor":1.0},{"not_picked":["Ghostly Armor","Pommel Strike"],"picked":"Heavy Blade","floor":5.0},{"not_picked":["Thunderclap","Headbutt"],"picked":"Inflame","floor":6.0},{"not_picked":["Impervious","Hemokinesis"],"picked":"Pommel Strike","floor":8.0},{"not_picked":["Intimidate","Sentinel","Thunderclap"],"picked":"SKIP","floor":11.0},{"not_picked":["Headbutt","Combust","Sword Boomerang"],"picked":"SKIP","floor":13.0},{"not_picked":["Headbutt","Iron Wave","Body Slam"],"picked":"SKIP","floor":14.0},{"not_picked":["Bludgeon","Fiend Fire"],"picked":"Feed","floor":16.0},{"not_picked":["Sword Boomerang","Combust+1","Blood for Blood"],"picked":"SKIP","floor":18.0},{"not_picked":["Feed","Body Slam","Rampage+1"],"picked":"SKIP","floor":24.0},{"not_picked":["Fire Breathing+1","Clothesline","Anger+1"],"picked":"SKIP","floor":27},{"not_picked":["Intimidate","Body Slam","Perfected Strike"],"picked":"SKIP","floor":29}],"player_experience":450081,"relics_obtained":[{"floor":6.0,"key":"FossilizedHelix"},{"floor":8.0,"key":"Bottled Tornado"},{"floor":9.0,"key":"Sundial"},{"floor":14.0,"key":"MawBank"},{"floor":24.0,"key":"Gremlin Horn"},{"floor":26.0,"key":"Red Skull"}],"event_choices":[{"damage_healed":0.0,"max_hp_gain":0.0,"max_hp_loss":0.0,"gold_gain":0.0,"event_name":"Living Wall","player_choice":"Grow","floor":2.0,"gold_loss":0.0,"damage_taken":0.0,"cards_upgraded":["Limit Break"]},{"damage_healed":0.0,"max_hp_gain":0.0,"max_hp_loss":0.0,"gold_gain":0.0,"event_name":"Shining Light","player_choice":"Ignored","floor":3.0,"gold_loss":0.0,"damage_taken":0.0},{"damage_healed":0.0,"max_hp_gain":0.0,"max_hp_loss":0.0,"gold_gain":0.0,"event_name":"Liars Game","player_choice":"Ignored","floor":7.0,"gold_loss":0.0,"damage_taken":0.0},{"damage_healed":0.0,"max_hp_gain":0.0,"max_hp_loss":0.0,"gold_gain":0.0,"event_name":"The Mausoleum","player_choice":"Ignored","floor":20.0,"gold_loss":0.0,"damage_taken":0.0},{"damage_healed":0.0,"max_hp_gain":0.0,"max_hp_loss":0.0,"gold_gain":0.0,"event_name":"Colosseum","player_choice":"Fight","floor":21.0,"gold_loss":0.0,"damage_taken":0.0},{"damage_healed":0.0,"max_hp_gain":0.0,"max_hp_loss":0.0,"gold_gain":0.0,"event_name":"Colosseum","player_choice":"Fled From Nobs","floor":21.0,"gold_loss":0.0,"damage_taken":0.0},{"damage_healed":27.0,"max_hp_gain":0.0,"max_hp_loss":0.0,"gold_gain":0.0,"event_name":"The Library","player_choice":"Heal","floor":25.0,"gold_loss":0.0,"damage_taken":0.0},{"damage_healed":0,"gold_gain":99,"player_choice":"Stole From Cult","damage_taken":0,"max_hp_gain":0,"max_hp_loss":0,"event_name":"Nest","floor":31,"gold_loss":0}],"is_beta":false,"boss_relics":[{"not_picked":["Tiny House","Mark of Pain"],"picked":"Empty Cage"}],"items_purged_floors":[22],"is_endless":false,"potions_floor_spawned":[1,6,8,13,14,21,27,29],"killed_by":"Automaton","ascension_level":9}