{"gold_per_floor":[10,10,10,29,79,79,107,107,107,140,152,163,176,176,176,255,255,274,294,145,155,167,202,8,8,62,62,92,92,148,148,148,225,225,239,239,253,353,368,368,401,401,425,425,459,459,197,217,217,217,217,217,217,37,67,67],"floor_reached":57,"playtime":2925,"items_purged":["Strike_R","Strike_R","Writhe"],"score":2727,"play_id":"b3e2fe91-282b-473c-86cf-ef63bc4f1eea","local_time":"20190510022753","is_ascension_mode":true,"campfire_choices":[{"data":"Uppercut","floor":6.0,"key":"SMITH"},{"data":"Juggernaut","floor":8.0,"key":"SMITH"},{"data":"True Grit","floor":15.0,"key":"SMITH"},{"floor":27.0,"key":"REST"},{"data":"Feed","floor":29.0,"key":"SMITH"},{"data":"Juggernaut","floor":32.0,"key":"SMITH"},{"floor":40.0,"key":"REST"},{"floor":42.0,"key":"REST"},{"floor":46.0,"key":"RECALL"},{"floor":49.0,"key":"REST"},{"data":"Juggernaut","floor":53.0,"key":"SMITH"}],"neow_cost":"NO_GOLD","seed_source_timestamp":1670210184996066,"circlet_count":0,"master_deck":["AscendersBane","Strike_R+1","Strike_R+1","Defend_R","Defend_R","Defend_R","Defend_R","Bash","Juggernaut+1","True Grit+1","Uppercut+1","Flame Barrier","Battle Trance","Battle Trance","Feed+1","Shrug It Off","Corruption","Offering+1","Metallicize","True Grit+1","Juggernaut+1","Juggernaut+1","Armaments+1","True Grit+1","Exhume+1","Barricade","Flame Barrier+1","Power Through+1","Shrug It Off+1"],"special_seed":0,"relics":["Burning Blood","FaceOfCleric","PreservedInsect","Dodecahedron","Letter Opener","Shuriken","Velvet Choker","Toxic Egg 2","Self Forming Clay","Ancient Tea Set","Tiny Chest","Matryoshka","Orrery","Charon\u0027s Ashes","Oddly Smooth Stone","Whetstone","Dream Catcher","Strawberry","Mummified Hand","Lantern"],"potions_floor_usage":[56,56],"damage_taken":[{"damage":2.0,"enemies":"Cultist","floor":1.0,"turns":4.0},{"damage":0.0,"enemies":"Jaw Worm","floor":4.0,"turns":5.0},{"damage":11.0,"enemies":"Lagavulin","floor":7.0,"turns":7.0},{"damage":10.0,"enemies":"3 Sentries","floor":10.0,"turns":6.0},{"damage":0.0,"enemies":"2 Louse","floor":11.0,"turns":3.0},{"damage":10.0,"enemies":"Red Slaver","floor":12.0,"turns":5.0},{"damage":14.0,"enemies":"Exordium Wildlife","floor":13.0,"turns":4.0},{"damage":27.0,"enemies":"Slime Boss","floor":16.0,"turns":9.0},{"damage":23.0,"enemies":"Spheric Guardian","floor":18.0,"turns":6.0},{"damage":14.0,"enemies":"Shell Parasite","floor":19.0,"turns":7.0},{"damage":0.0,"enemies":"Snecko","floor":21.0,"turns":5.0},{"damage":11.0,"enemies":"3 Cultists","floor":22.0,"turns":5.0},{"damage":27.0,"enemies":"Gremlin Leader","floor":23.0,"turns":7.0},{"damage":12.0,"enemies":"Slavers","floor":28.0,"turns":4.0},{"damage":8.0,"enemies":"Book of Stabbing","floor":30.0,"turns":4.0},{"damage":63.0,"enemies":"Collector","floor":33.0,"turns":8.0},{"damage":24.0,"enemies":"3 Darklings","floor":35.0,"turns":5.0},{"damage":14.0,"enemies":"Orb Walker","floor":37.0,"turns":4.0},{"damage":10.0,"enemies":"Mind Bloom Boss Battle","floor":38.0,"turns":7.0},{"damage":36.0,"enemies":"Maw","floor":39.0,"turns":7.0},{"damage":28.0,"enemies":"Reptomancer","floor":41.0,"turns":5.0},{"damage":14.0,"enemies":"Nemesis","floor":45.0,"turns":5.0},{"damage":20.0,"enemies":"Transient","floor":48.0,"turns":6.0},{"damage":18.0,"enemies":"Time Eater","floor":50.0,"turns":10.0},{"damage":27.0,"enemies":"Donu and Deca","floor":51.0,"turns":8.0},{"damage":48,"enemies":"Shield and Spear","floor":55,"turns":6},{"damage":50,"enemies":"The Heart","floor":56,"turns":9}],"seed_played":"6731019062097655456","potions_obtained":[{"floor":1.0,"key":"Block Potion"},{"floor":4.0,"key":"EssenceOfSteel"},{"floor":7.0,"key":"PowerPotion"},{"floor":13.0,"key":"Explosive Potion"},{"floor":21.0,"key":"Energy Potion"},{"floor":22.0,"key":"Energy Potion"},{"floor":30.0,"key":"Swift Potion"},{"floor":35.0,"key":"SkillPotion"},{"floor":39.0,"key":"SpeedPotion"},{"floor":41.0,"key":"BloodPotion"}],"is_trial":false,"path_per_floor":["M","$","?","M","T","R","E","R","T","E","M","M","M","?","R","B",null,"M","M","$","M","M","E","$","?","T","R","E","R","E","T","R","B",null,"M","?","M","?","M","R","E","R","T","?","E","R","$","M","R","B","B",null,"R","$","E","B",null],"character_chosen":"IRONCLAD","items_purchased":["Corruption","Metallicize","True Grit+1","Mummified Hand","Weak Potion"],"campfire_rested":4,"item_purchase_floors":[20,24,24,47,54],"current_hp_per_floor":[72,72,72,76,76,76,72,72,72,69,76,73,66,81,81,61,77,64,57,57,64,60,43,43,43,43,70,68,68,67,67,67,11,77,60,60,53,54,25,55,34,64,64,64,64,64,64,51,84,73,53,99,99,99,58,15],"gold":67,"neow_bonus":"THREE_RARE_CARDS","is_prod":false,"is_daily":false,"chose_seed":false,"campfire_upgraded":6,"win_rate":0,"timestamp":1557466073,"path_taken":["M","?","?","?","?","R","E","R","T","E","M","M","M","?","R","BOSS","M","M","$","M","M","E","$","?","T","R","E","R","E","?","R","BOSS","M","?","M","?","M","R","E","R","T","?","E","R","?","M","R","BOSS","BOSS","R","$","E","BOSS"],"build_version":"2019-05-07","purchased_purges":3,"victory":true,"max_hp_per_floor":[75,75,75,76,76,76,77,77,77,78,79,80,81,81,81,82,82,86,87,87,88,89,93,93,93,93,93,97,97,98,98,98,99,99,100,95,96,101,102,102,103,103,103,103,111,111,111,112,112,113,114,114,114,114,115,116],"card_choices":[{"not_picked":["Barricade","Dark Embrace"],"picked":"Juggernaut","floor":0.0},{"not_picked":["Corruption","Perfected Strike"],"picked":"True Grit","floor":1.0},{"not_picked":["Perfected Strike","Flex"],"picked":"Uppercut","floor":4.0},{"not_picked":["Reckless Charge","Body Slam"],"picked":"Flame Barrier","floor":7.0},{"not_picked":["Armaments","Whirlwind"],"picked":"Battle Trance","floor":10.0},{"not_picked":["Heavy Blade","Thunderclap","Dual Wield"],"picked":"SKIP","floor":11.0},{"not_picked":["Perfected Strike","Twin Strike","Sever Soul"],"picked":"SKIP","floor":12.0},{"not_picked":["Twin Strike","Armaments"],"picked":"Battle Trance","floor":13.0},{"not_picked":["Berserk","Immolate"],"picked":"Feed","floor":16.0},{"not_picked":["Cleave","Evolve","Heavy Blade"],"picked":"SKIP","floor":18.0},{"not_picked":["Fire Breathing","Perfected Strike+1"],"picked":"Shrug It Off","floor":19.0},{"not_picked":["Clothesline+1","Anger","Infernal Blade+1"],"picked":"SKIP","floor":21.0},{"not_picked":["Twin Strike+1","Double Tap","Iron Wave"],"picked":"SKIP","floor":22.0},{"not_picked":["Reaper","Bloodletting+1"],"picked":"Offering","floor":23.0},{"not_picked":["Havoc+1","Clothesline","Rampage"],"picked":"SKIP","floor":28.0},{"not_picked":["Cleave","Fire Breathing"],"picked":"Juggernaut","floor":30.0},{"not_picked":["Feed","Dark Embrace"],"picked":"Juggernaut","floor":33.0},{"not_picked":["Rupture","Sword Boomerang"],"picked":"Armaments+1","floor":34.0},{"not_picked":["Perfected Strike","Body Slam"],"picked":"True Grit+1","floor":34.0},{"not_picked":["Pommel Strike","Burning Pact+1","Corruption"],"picked":"SKIP","floor":35.0},{"not_picked":["Pommel Strike","Clash"],"picked":"Exhume+1","floor":37.0},{"not_picked":["Twin Strike","Sever Soul","Iron Wave"],"picked":"SKIP","floor":39.0},{"not_picked":["True Grit+1","Offering+1"],"picked":"Barricade","floor":41.0},{"not_picked":["Clothesline","Twin Strike+1"],"picked":"Flame Barrier+1","floor":45.0},{"not_picked":["Anger","Evolve+1"],"picked":"Power Through+1","floor":48.0},{"not_picked":["Body Slam","Spot Weakness+1"],"picked":"Shrug It Off+1","floor":55}],"player_experience":1376045,"relics_obtained":[{"floor":5.0,"key":"PreservedInsect"},{"floor":7.0,"key":"Dodecahedron"},{"floor":9.0,"key":"Letter Opener"},{"floor":10.0,"key":"Shuriken"},{"floor":23.0,"key":"Toxic Egg 2"},{"floor":28.0,"key":"Ancient Tea Set"},{"floor":30.0,"key":"Tiny Chest"},{"floor":31.0,"key":"Matryoshka"},{"floor":38.0,"key":"Charon\u0027s Ashes"},{"floor":41.0,"key":"Oddly Smooth Stone"},{"floor":43.0,"key":"Whetstone"},{"floor":43.0,"key":"Dream Catcher"},{"floor":45.0,"key":"Strawberry"},{"floor":55,"key":"Lantern"}],"event_choices":[{"damage_healed":0.0,"max_hp_gain":0.0,"max_hp_loss":0.0,"gold_gain":0.0,"event_name":"FaceTrader","player_choice":"Trade","floor":3.0,"gold_loss":0.0,"damage_taken":0.0,"relics_obtained":["FaceOfCleric"]},{"damage_healed":15.0,"max_hp_gain":0.0,"max_hp_loss":0.0,"gold_gain":0.0,"event_name":"Wheel of Change","player_choice":"Full Heal","floor":14.0,"gold_loss":0.0,"damage_taken":0.0},{"damage_healed":0.0,"max_hp_gain":0.0,"max_hp_loss":0.0,"gold_gain":0.0,"event_name":"The Mausoleum","player_choice":"Opened","floor":25.0,"gold_loss":0.0,"damage_taken":0.0,"relics_obtained":["Self Forming Clay"],"cards_obtained":["Writhe"]},{"damage_healed":0.0,"max_hp_gain":0.0,"max_hp_loss":5.0,"gold_gain":0.0,"event_name":"Winding Halls","player_choice":"Max HP","floor":36.0,"gold_loss":0.0,"damage_taken":0.0},{"damage_healed":0.0,"max_hp_gain":0.0,"max_hp_loss":0.0,"gold_gain":0.0,"event_name":"MindBloom","player_choice":"Fight","floor":38.0,"gold_loss":0.0,"damage_taken":0.0},{"cards_removed":["Strike_R"],"damage_healed":0.0,"max_hp_gain":0.0,"max_hp_loss":0.0,"gold_gain":0.0,"event_name":"Falling","player_choice":"Removed Attack","floor":44.0,"gold_loss":0.0,"damage_taken":0.0}],"is_beta":true,"boss_relics":[{"not_picked":["Philosopher\u0027s Stone","Tiny House"],"picked":"Velvet Choker"},{"not_picked":["Mark of Pain","Cursed Key"],"picked":"Orrery"}],"items_purged_floors":[20,24,54],"is_endless":false,"potions_floor_spawned":[1,4,7,13,21,22,30,35,38,39,41],"ascension_level":20}