{"gold_per_floor":[112,112,130,140,140,140,167,167,167,167,200,275,275,37,37,111,111,122,122,134,149,164,164,180,180,180,180,195,214,139,139,139,139],"floor_reached":33,"playtime":1773,"items_purged":[],"score":484,"play_id":"b33ccc5a-9752-4721-8ba6-38277c0b4d3c","local_time":"20190505150150","is_ascension_mode":true,"campfire_choices":[{"floor":6.0,"key":"REST"},{"floor":8.0,"key":"REST"},{"floor":10.0,"key":"REST"},{"floor":13.0,"key":"REST"},{"floor":15.0,"key":"REST"},{"floor":23.0,"key":"REST"},{"floor":27.0,"key":"REST"},{"floor":32.0,"key":"REST"}],"neow_cost":"NONE","seed_source_timestamp":0,"circlet_count":0,"master_deck":["AscendersBane","Defend_G","Defend_G","Defend_G","Defend_G+1","Survivor","Neutralize","Escape Plan","Cloak And Dagger","Skewer","Noxious Fumes","Infinite Blades","Accuracy","A Thousand Cuts","Infinite Blades","Bite","Bite","Bite","Bite","Bite","Cloak And Dagger","Accuracy","Dagger Throw","Cloak And Dagger","Predator+1","J.A.X."],"special_seed":0,"relics":["Fusion Hammer","Blue Candle","Letter Opener","Anchor","Bronze Scales","Sozu","Bottled Lightning"],"potions_floor_usage":[],"damage_taken":[{"damage":3.0,"enemies":"Cultist","floor":1.0,"turns":4.0},{"damage":5.0,"enemies":"Jaw Worm","floor":3.0,"turns":6.0},{"damage":0.0,"enemies":"2 Louse","floor":4.0,"turns":3.0},{"damage":27.0,"enemies":"Gremlin Nob","floor":7.0,"turns":4.0},{"damage":24.0,"enemies":"3 Sentries","floor":11.0,"turns":8.0},{"damage":26.0,"enemies":"Slime Boss","floor":16.0,"turns":10.0},{"damage":22.0,"enemies":"2 Thieves","floor":18.0,"turns":4.0},{"damage":9.0,"enemies":"Chosen","floor":20.0,"turns":5.0},{"damage":28.0,"enemies":"Snake Plant","floor":21.0,"turns":5.0},{"damage":21.0,"enemies":"Cultist and Chosen","floor":22.0,"turns":5.0},{"damage":17.0,"enemies":"3 Cultists","floor":24.0,"turns":4.0},{"damage":13.0,"enemies":"Snecko","floor":28.0,"turns":5.0},{"damage":0.0,"enemies":"Chosen and Byrds","floor":29.0,"turns":4.0},{"damage":60,"enemies":"Automaton","floor":33,"turns":6}],"seed_played":"6554366658656086252","potions_obtained":[{"floor":4.0,"key":"Poison Potion"},{"floor":11.0,"key":"SneckoOil"},{"floor":16.0,"key":"LiquidBronze"}],"is_trial":false,"path_per_floor":["M","?","M","M","?","R","E","R","T","R","E","?","R","$","R","B",null,"M","?","M","M","M","R","M","?","T","R","M","M","?","?","R","B"],"character_chosen":"THE_SILENT","items_purchased":["Accuracy","Bronze Scales"],"campfire_rested":8,"item_purchase_floors":[14,14],"current_hp_per_floor":[56,56,51,51,31,50,23,42,42,61,37,26,45,45,64,38,59,37,37,38,20,9,22,15,15,15,28,19,27,27,27,40,0],"gold":139,"neow_bonus":"BOSS_RELIC","is_prod":false,"is_daily":false,"chose_seed":false,"campfire_upgraded":0,"win_rate":0,"timestamp":1557093710,"path_taken":["M","?","?","M","?","R","E","R","T","R","E","?","R","$","R","BOSS","M","?","M","M","M","R","M","?","T","R","M","M","?","?","R","BOSS"],"build_version":"2019-01-23","purchased_purges":0,"victory":false,"max_hp_per_floor":[66,66,66,66,66,66,66,66,66,66,66,66,66,66,66,66,66,66,46,46,46,46,46,46,46,46,46,46,46,46,46,46,46],"card_choices":[{"not_picked":["Underhanded Strike","PiercingWail"],"picked":"Escape Plan","floor":1.0},{"not_picked":["Terror","Prepared"],"picked":"Cloak And Dagger","floor":3.0},{"not_picked":["Prepared","Catalyst"],"picked":"Skewer","floor":4.0},{"not_picked":["Deflect","Quick Slash"],"picked":"Noxious Fumes","floor":7.0},{"not_picked":["Catalyst","Quick Slash"],"picked":"Infinite Blades","floor":11.0},{"not_picked":["Corpse Explosion","Malaise"],"picked":"A Thousand Cuts","floor":16.0},{"not_picked":["Bane","Dodge and Roll+1"],"picked":"Infinite Blades","floor":18.0},{"not_picked":["Reflex","Expertise"],"picked":"Cloak And Dagger","floor":20.0},{"not_picked":["Cloak And Dagger","Underhanded Strike"],"picked":"Accuracy","floor":21.0},{"not_picked":["Deadly Poison","Outmaneuver"],"picked":"Dagger Throw","floor":22.0},{"not_picked":["Prepared","Deadly Poison"],"picked":"Cloak And Dagger","floor":24.0},{"not_picked":["Prepared","Backstab"],"picked":"Predator+1","floor":28.0},{"not_picked":["Flechettes","Heel Hook+1","Slice"],"picked":"SKIP","floor":29.0}],"player_experience":648180,"relics_obtained":[{"floor":7.0,"key":"Blue Candle"},{"floor":9.0,"key":"Letter Opener"},{"floor":11.0,"key":"Anchor"},{"floor":26.0,"key":"Bottled Lightning"}],"event_choices":[{"cards_removed":["Strike_G"],"damage_healed":0.0,"max_hp_gain":0.0,"max_hp_loss":0.0,"gold_gain":0.0,"event_name":"Bonfire Elementals","player_choice":"Offered Basic","floor":2.0,"gold_loss":0.0,"damage_taken":0.0},{"damage_healed":0.0,"max_hp_gain":0.0,"max_hp_loss":0.0,"gold_gain":0.0,"event_name":"Shining Light","player_choice":"Entered Light","floor":5.0,"gold_loss":0.0,"damage_taken":20.0,"cards_upgraded":["Defend_G","Strike_G"]},{"damage_healed":0.0,"max_hp_gain":0.0,"max_hp_loss":0.0,"gold_gain":75.0,"event_name":"World of Goop","player_choice":"Gather Gold","floor":12.0,"gold_loss":0.0,"damage_taken":11.0},{"damage_healed":0.0,"max_hp_gain":0.0,"max_hp_loss":20.0,"gold_gain":0.0,"event_name":"Vampires","player_choice":"Became a vampire","floor":19.0,"gold_loss":0.0,"damage_taken":0.0,"cards_obtained":["Bite","Bite","Bite","Bite","Bite"]},{"damage_healed":0.0,"max_hp_gain":0.0,"max_hp_loss":0.0,"gold_gain":0.0,"event_name":"Ghosts","player_choice":"Ignored","floor":25.0,"gold_loss":0.0,"damage_taken":0.0},{"cards_removed":["Defend_G"],"damage_healed":0.0,"max_hp_gain":0.0,"max_hp_loss":0.0,"gold_gain":0.0,"event_name":"Beggar","player_choice":"Gave Gold","floor":30.0,"gold_loss":75.0,"damage_taken":0.0},{"damage_healed":0.0,"max_hp_gain":0.0,"max_hp_loss":0.0,"gold_gain":0.0,"event_name":"Drug Dealer","player_choice":"Obtain J.A.X.","floor":31.0,"gold_loss":0.0,"damage_taken":0.0,"cards_obtained":["J.A.X."]}],"is_beta":false,"boss_relics":[{"not_picked":["Ectoplasm","Lizard Tail"],"picked":"Sozu"}],"items_purged_floors":[],"is_endless":false,"potions_floor_spawned":[4,11,16,21,28,29],"killed_by":"Automaton","ascension_level":16}