{"gold_per_floor":[11,21,21,31,50,50,81,95,95,0,26,26,53,70,70,174,174,185,185,100,119,218,248,261,261],"floor_reached":25,"playtime":1276,"items_purged":[],"score":245,"play_id":"fe188659-2d2a-47ca-bdd3-6287bf3e4d9e","local_time":"20190410154351","is_ascension_mode":true,"campfire_choices":[{"data":"Phantasmal Killer","floor":6,"key":"SMITH"},{"floor":15,"key":"REST"}],"neow_cost":"NO_GOLD","seed_source_timestamp":1836778783135322,"circlet_count":0,"master_deck":["Defend_G","Defend_G","Defend_G","Defend_G","Strike_G","Strike_G","Strike_G","Strike_G","Survivor","Neutralize","Calculated Gamble","Catalyst","Finisher","Phantasmal Killer+1","Cloak And Dagger","Cloak And Dagger","Dagger Spray","Infinite Blades","Skewer","Night Terror","Blade Dance","Noxious Fumes","Cloak And Dagger"],"relics":["Ring of the Snake","PreservedInsect","Potion Belt","Oddly Smooth Stone","Bronze Scales","Cursed Key","Paper Crane","Juzu Bracelet"],"potions_floor_usage":[7,8,14,14,23,24,25,25],"damage_taken":[{"damage":0,"enemies":"2 Louse","floor":1,"turns":3},{"damage":0,"enemies":"Cultist","floor":2,"turns":6},{"damage":0,"enemies":"Jaw Worm","floor":4,"turns":4},{"damage":19,"enemies":"Blue Slaver","floor":5,"turns":6},{"damage":36,"enemies":"Gremlin Nob","floor":7,"turns":5},{"damage":0,"enemies":"3 Louse","floor":8,"turns":5},{"damage":7,"enemies":"3 Sentries","floor":11,"turns":4},{"damage":5,"enemies":"2 Fungi Beasts","floor":14,"turns":3},{"damage":22,"enemies":"Hexaghost","floor":16,"turns":10},{"damage":22,"enemies":"2 Thieves","floor":18,"turns":5},{"damage":3,"enemies":"3 Byrds","floor":21,"turns":3},{"damage":26,"enemies":"Gremlin Leader","floor":23,"turns":5},{"damage":15,"enemies":"Snecko","floor":24,"turns":3},{"damage":4,"enemies":"Cultist and Chosen","floor":25,"turns":4}],"seed_played":"-8074412200776434635","potions_obtained":[{"floor":1,"key":"SpeedPotion"},{"floor":4,"key":"Swift Potion"},{"floor":7,"key":"Block Potion"},{"floor":11,"key":"EssenceOfSteel"},{"floor":16,"key":"FearPotion"},{"floor":18,"key":"EssenceOfSteel"},{"floor":23,"key":"GamblersBrew"},{"floor":24,"key":"GamblersBrew"}],"is_trial":false,"path_per_floor":["?","M","$","?","T","?","?"],"character_chosen":"THE_SILENT","items_purchased":["Dagger Spray","Infinite Blades"],"campfire_rested":1,"item_purchase_floors":[10,10],"current_hp_per_floor":[70,70,70,70,51,51,15,15,15,15,8,8,8,3,24,2,70,48,48,48,45,45,19,4,0],"gold":261,"neow_bonus":"TRANSFORM_TWO_CARDS","is_prod":false,"is_daily":false,"chose_seed":false,"campfire_upgraded":1,"win_rate":0,"timestamp":1554903831,"path_taken":["M","M","?","M","?","R","E","M","T","?","E","?","?","M","R","BOSS","M","$","?","M","?","E","M","M"],"build_version":"2019-01-23","purchased_purges":0,"victory":false,"max_hp_per_floor":[70,70,70,70,70,70,70,70,70,70,70,70,70,70,70,70,70,70,70,70,70,70,70,70,70],"card_choices":[{"not_picked":["Quick Slash","Prepared","Tactician"],"picked":"SKIP","floor":1},{"not_picked":["Tactician","Deflect"],"picked":"Finisher","floor":2},{"not_picked":["Calculated Gamble","Prepared","Eviscerate"],"picked":"SKIP","floor":4},{"not_picked":["All Out Attack","Predator","Deflect"],"picked":"SKIP","floor":5},{"not_picked":["Well Laid Plans","Backflip"],"picked":"Cloak And Dagger","floor":7},{"not_picked":["Masterful Stab","Flying Knee"],"picked":"Cloak And Dagger","floor":8},{"not_picked":["Prepared","Catalyst","Caltrops"],"picked":"SKIP","floor":11},{"not_picked":["Terror","Dagger Throw"],"picked":"Skewer","floor":14},{"not_picked":["Wraith Form v2","Unload"],"picked":"Night Terror","floor":16},{"not_picked":["Terror","Dagger Throw"],"picked":"Blade Dance","floor":18},{"not_picked":["Underhanded Strike","Eviscerate","Flying Knee+1"],"picked":"SKIP","floor":21},{"not_picked":["Flying Knee+1","A Thousand Cuts"],"picked":"Noxious Fumes","floor":23},{"not_picked":["Underhanded Strike+1","All Out Attack"],"picked":"Cloak And Dagger","floor":24}],"player_experience":54757,"relics_obtained":[{"floor":7,"key":"PreservedInsect"},{"floor":9,"key":"Potion Belt"},{"floor":11,"key":"Oddly Smooth Stone"},{"floor":13,"key":"Bronze Scales"},{"floor":23,"key":"Juzu Bracelet"}],"event_choices":[{"damage_healed":0,"gold_gain":0,"player_choice":"1 cards matched","damage_taken":0,"max_hp_gain":0,"max_hp_loss":0,"event_name":"Match and Keep!","floor":3,"gold_loss":0,"cards_obtained":["Phantasmal Killer"]},{"damage_healed":0,"gold_gain":0,"player_choice":"Ignored","damage_taken":0,"max_hp_gain":0,"max_hp_loss":0,"event_name":"Golden Wing","floor":12,"gold_loss":0},{"damage_healed":0,"gold_gain":0,"player_choice":"Obtained Relic","damage_taken":0,"relics_obtained":["Paper Crane"],"max_hp_gain":0,"max_hp_loss":0,"event_name":"Addict","floor":20,"gold_loss":85},{"damage_healed":0,"gold_gain":99,"player_choice":"Stole From Cult","damage_taken":0,"max_hp_gain":0,"max_hp_loss":0,"event_name":"Nest","floor":22,"gold_loss":0}],"is_beta":false,"boss_relics":[{"not_picked":["Lizard Tail","Fusion Hammer"],"picked":"Cursed Key"}],"items_purged_floors":[],"is_endless":false,"potions_floor_spawned":[1,4,7,11,16,18,23,24],"killed_by":"Cultist and Chosen","ascension_level":1}