{"gold_per_floor":[113,140,155,36,54,80,99,99,99,112,187,187,187,204,204,278,278,297,297,52,2,14,14,33,33,33,66,66,84,102,119,119,194,194,209,84,99,199,199],"floor_reached":39,"playtime":5869,"items_purged":["Strike_B","Strike_B","Strike_B"],"score":906,"play_id":"887412e4-5901-45b9-9015-e9c963ae9b4c","local_time":"20190421082405","is_ascension_mode":true,"campfire_choices":[{"floor":8,"key":"REST"},{"data":"Capacitor","floor":13,"key":"SMITH"},{"floor":15,"key":"REST"},{"data":"RitualDagger","floor":23,"key":"SMITH"},{"data":"Seek","floor":25,"key":"SMITH"},{"data":"Self Repair","floor":28,"key":"SMITH"},{"data":"Defragment","floor":32,"key":"SMITH"}],"neow_cost":"TEN_PERCENT_HP_LOSS","seed_source_timestamp":173493135106400,"circlet_count":0,"master_deck":["AscendersBane","Strike_B","Defend_B","Defend_B","Defend_B","Defend_B","Zap","Dualcast","Capacitor+1","Sweeping Beam","Self Repair+1","Glacier","Gash","Consume+1","Redo","Electrodynamics","Seek+1","Gash","RitualDagger+1","Defragment+1","Coolheaded","Echo Form","Defragment","Hologram","Double Energy","Echo Form","Coolheaded+1","Turbo+1"],"relics":["Cracked Core","Ice Cream","Anchor","Orichalcum","Ornamental Fan","Inserter","Cables","Letter Opener","Orrery","Unceasing Top"],"potions_floor_usage":[6,16,27,29,38,39],"damage_taken":[{"damage":1,"enemies":"Cultist","floor":1,"turns":3},{"damage":0,"enemies":"Small Slimes","floor":3,"turns":4},{"damage":0,"enemies":"Jaw Worm","floor":5,"turns":3},{"damage":45,"enemies":"3 Sentries","floor":6,"turns":25},{"damage":18,"enemies":"Exordium Thugs","floor":7,"turns":5},{"damage":4,"enemies":"Looter","floor":10,"turns":4},{"damage":6,"enemies":"Blue Slaver","floor":14,"turns":4},{"damage":0,"enemies":"The Guardian","floor":16,"turns":10},{"damage":8,"enemies":"Chosen","floor":18,"turns":7},{"damage":13,"enemies":"Shell Parasite","floor":22,"turns":10},{"damage":6,"enemies":"Sentry and Sphere","floor":24,"turns":10},{"damage":13,"enemies":"Book of Stabbing","floor":27,"turns":11},{"damage":7,"enemies":"Shelled Parasite and Fungi","floor":29,"turns":8},{"damage":13,"enemies":"Snake Plant","floor":30,"turns":6},{"damage":3,"enemies":"Snecko","floor":31,"turns":8},{"damage":31,"enemies":"Automaton","floor":33,"turns":12},{"damage":20,"enemies":"Orb Walker","floor":35,"turns":6},{"damage":30,"enemies":"3 Shapes","floor":37,"turns":8},{"damage":17,"enemies":"Mind Bloom Boss Battle","floor":38,"turns":10},{"damage":56,"enemies":"Transient","floor":39,"turns":5}],"seed_played":"-8173573503701695614","potions_obtained":[{"floor":1,"key":"Dexterity Potion"},{"floor":3,"key":"Weak Potion"},{"floor":14,"key":"Fire Potion"},{"floor":22,"key":"Weak Potion"},{"floor":27,"key":"EssenceOfSteel"},{"floor":29,"key":"Fire Potion"},{"floor":37,"key":"EssenceOfSteel"}],"is_trial":false,"path_per_floor":["M","T","M","$","M","E","M","R","T","M","?","?","R","M","R","B",null,"M","?","$","?","M","R","M","R","T","E","R","M","M","M","R","B",null,"M","$","M","?","M"],"character_chosen":"DEFECT","items_purchased":["Self Repair","Defragment","Coolheaded"],"campfire_rested":2,"item_purchase_floors":[4,20,20],"current_hp_per_floor":[63,63,63,63,64,26,15,34,34,30,19,19,19,20,39,46,60,59,53,53,53,47,47,48,48,48,49,49,62,64,64,64,53,61,61,61,51,54,0],"gold":199,"neow_bonus":"ONE_RARE_RELIC","is_prod":false,"is_daily":false,"chose_seed":false,"campfire_upgraded":5,"win_rate":0,"timestamp":1555827845,"path_taken":["M","?","M","$","M","E","M","R","T","?","?","?","R","M","R","BOSS","M","?","$","?","M","R","M","R","T","E","R","?","M","M","R","BOSS","M","$","M","?","M"],"build_version":"2019-01-23","purchased_purges":3,"victory":false,"max_hp_per_floor":[64,64,64,64,64,64,64,64,64,64,64,64,64,64,64,64,64,64,64,64,64,64,64,64,64,64,64,64,64,64,64,64,64,64,64,64,64,64,64],"card_choices":[{"not_picked":["Loop","White Noise"],"picked":"Capacitor","floor":1},{"not_picked":["Barrage","Beam Cell"],"picked":"Sweeping Beam","floor":3},{"not_picked":["Chaos","Rebound"],"picked":"Glacier","floor":5},{"not_picked":["Steam","Loop"],"picked":"Gash","floor":6},{"not_picked":["Undo","Streamline"],"picked":"Consume","floor":7},{"not_picked":["Cold Snap","Barrage"],"picked":"Redo","floor":10},{"not_picked":["Leap","Defragment"],"picked":"Electrodynamics","floor":14},{"not_picked":["Amplify","Thunder Strike"],"picked":"Seek","floor":16},{"not_picked":["Sweeping Beam","Redo+1"],"picked":"Gash","floor":18},{"not_picked":["Rebound","Auto Shields+1"],"picked":"Echo Form","floor":22},{"not_picked":["Sweeping Beam","Compile Driver"],"picked":"Defragment","floor":24},{"not_picked":["Leap","Ball Lightning"],"picked":"Hologram","floor":27},{"not_picked":["Sweeping Beam","Go for the Eyes"],"picked":"Double Energy","floor":29},{"not_picked":["Leap","Rainbow","Beam Cell"],"picked":"SKIP","floor":30},{"not_picked":["Streamline","BootSequence","Coolheaded"],"picked":"SKIP","floor":31},{"not_picked":["Fission","All For One"],"picked":"Echo Form","floor":33},{"not_picked":["Capacitor","Tempest"],"picked":"Coolheaded+1","floor":34},{"not_picked":["Creative AI","Ball Lightning+1","Turbo"],"picked":"SKIP","floor":35},{"not_picked":["Leap","Redo"],"picked":"Turbo+1","floor":37}],"player_experience":3157769,"relics_obtained":[{"floor":2,"key":"Anchor"},{"floor":6,"key":"Orichalcum"},{"floor":9,"key":"Ornamental Fan"},{"floor":26,"key":"Cables"},{"floor":27,"key":"Letter Opener"},{"floor":38,"key":"Unceasing Top"}],"event_choices":[{"damage_healed":0,"gold_gain":75,"player_choice":"Gather Gold","damage_taken":11,"max_hp_gain":0,"max_hp_loss":0,"event_name":"World of Goop","floor":11,"gold_loss":0},{"damage_healed":0,"gold_gain":0,"player_choice":"Grow","damage_taken":0,"max_hp_gain":0,"max_hp_loss":0,"event_name":"Living Wall","floor":12,"gold_loss":0,"cards_upgraded":["Consume"]},{"damage_healed":0,"gold_gain":0,"player_choice":"Joined the Cult","damage_taken":6,"max_hp_gain":0,"max_hp_loss":0,"event_name":"Nest","floor":19,"gold_loss":0,"cards_obtained":["RitualDagger"]},{"damage_healed":0,"gold_gain":0,"player_choice":"Bet on Murderer","damage_taken":0,"max_hp_gain":0,"max_hp_loss":0,"event_name":"The Joust","floor":21,"gold_loss":50},{"damage_healed":0,"gold_gain":0,"player_choice":"Fight","damage_taken":0,"max_hp_gain":0,"max_hp_loss":0,"event_name":"MindBloom","floor":38,"gold_loss":0}],"is_beta":false,"boss_relics":[{"not_picked":["Tiny House","Black Star"],"picked":"Inserter"},{"not_picked":["Calling Bell","Runic Pyramid"],"picked":"Orrery"}],"items_purged_floors":[4,20,36],"is_endless":false,"potions_floor_spawned":[1,3,14,22,27,29,37],"killed_by":"Transient","ascension_level":20}