{"gold_per_floor":[111,111,261,336,54,54,66,77,129,129,129,155,155,180,180,180],"floor_reached":16,"playtime":1338,"items_purged":[],"score":212,"play_id":"8dd10f61-e5b2-41e3-a544-d25e4b1431d7","local_time":"20190323140601","is_ascension_mode":true,"campfire_choices":[{"data":"Survivor","floor":6,"key":"SMITH"},{"data":"Backflip","floor":10,"key":"SMITH"},{"floor":13,"key":"REST"},{"data":"Cloak And Dagger","floor":15,"key":"SMITH"}],"neow_cost":"NONE","seed_source_timestamp":447251684120290,"circlet_count":0,"master_deck":["AscendersBane","Defend_G","Defend_G","Defend_G","Defend_G","Defend_G","Strike_G","Strike_G","Strike_G","Strike_G","Strike_G","Survivor+1","Neutralize+1","Catalyst","Doubt","Deflect","Backflip+1","Cloak And Dagger+1","Blade Dance"],"relics":["Ring of the Snake","Dead Branch","Ninja Scroll","Snake Skull","Regal Pillow","Matryoshka","Bottled Flame"],"potions_floor_usage":[14],"damage_taken":[{"damage":0,"enemies":"2 Louse","floor":1,"turns":4},{"damage":1,"enemies":"Small Slimes","floor":7,"turns":4},{"damage":0,"enemies":"Jaw Worm","floor":8,"turns":2},{"damage":6,"enemies":"Lagavulin","floor":12,"turns":5},{"damage":8,"enemies":"3 Sentries","floor":14,"turns":6},{"damage":64,"enemies":"Slime Boss","floor":16,"turns":11}],"seed_played":"1373285333182412801","potions_obtained":[{"floor":7,"key":"Dexterity Potion"}],"is_trial":false,"path_per_floor":["M","?","?","?","$","R","M","M","T","R","?","E","R","E","R","B"],"character_chosen":"THE_SILENT","items_purchased":["Ninja Scroll"],"campfire_rested":1,"item_purchase_floors":[5],"current_hp_per_floor":[59,48,48,37,37,37,36,36,36,36,36,30,64,56,56,0],"gold":180,"neow_bonus":"UPGRADE_CARD","is_prod":false,"is_daily":false,"chose_seed":false,"campfire_upgraded":3,"win_rate":0,"timestamp":1553346361,"path_taken":["M","?","?","?","$","R","M","M","T","R","?","E","R","E","R","BOSS"],"build_version":"2019-01-23","purchased_purges":0,"victory":false,"max_hp_per_floor":[66,66,66,66,66,66,66,66,66,66,66,66,66,66,66,66],"card_choices":[{"not_picked":["Backflip","Backstab"],"picked":"Catalyst","floor":1},{"not_picked":["Concentrate","Dagger Throw"],"picked":"Deflect","floor":7},{"not_picked":["Deflect","Caltrops"],"picked":"Backflip","floor":8},{"not_picked":["Leg Sweep","Expertise"],"picked":"Cloak And Dagger","floor":12},{"not_picked":["Backstab","Deflect"],"picked":"Blade Dance","floor":14}],"player_experience":2922368,"relics_obtained":[{"floor":9,"key":"Snake Skull"},{"floor":12,"key":"Matryoshka"},{"floor":14,"key":"Bottled Flame"}],"event_choices":[{"damage_healed":0,"gold_gain":0,"player_choice":"Success","damage_taken":11,"relics_obtained":["Dead Branch"],"max_hp_gain":0,"max_hp_loss":0,"event_name":"Scrap Ooze","floor":2,"gold_loss":0},{"damage_healed":0,"gold_gain":150,"player_choice":"AGREE","damage_taken":0,"max_hp_gain":0,"max_hp_loss":0,"event_name":"Liars Game","floor":3,"gold_loss":0,"cards_obtained":["Doubt"]},{"damage_healed":0,"gold_gain":75,"player_choice":"Gather Gold","damage_taken":11,"max_hp_gain":0,"max_hp_loss":0,"event_name":"World of Goop","floor":4,"gold_loss":0},{"damage_healed":0,"gold_gain":0,"player_choice":"Searched \u00271\u0027 times","damage_taken":0,"relics_obtained":["Regal Pillow"],"max_hp_gain":0,"max_hp_loss":0,"event_name":"Dead Adventurer","floor":11,"gold_loss":0}],"is_beta":false,"boss_relics":[],"items_purged_floors":[],"is_endless":false,"potions_floor_spawned":[7],"killed_by":"Slime Boss","ascension_level":20}