{"gold_per_floor":[119,119,131,281,281,281,314,314,314,314,341,351,351],"floor_reached":13,"playtime":498,"items_purged":[],"score":159,"play_id":"f8973bfe-e62f-4760-9a22-c461c8d48631","local_time":"20190428154951","is_ascension_mode":true,"campfire_choices":[{"data":"Spot Weakness","floor":6,"key":"SMITH"},{"data":"Shrug It Off","floor":8,"key":"SMITH"},{"floor":10,"key":"REST"}],"neow_cost":"NONE","seed_source_timestamp":63504116317464,"circlet_count":0,"master_deck":["AscendersBane","Strike_R","Strike_R","Strike_R","Strike_R","Defend_R","Defend_R","Defend_R","Defend_R","Bash","Spot Weakness+1","Shrug It Off+1","Shrug It Off","Disarm","Flame Barrier"],"special_seed":0,"relics":["Burning Blood","Ancient Tea Set","Anchor","Calipers","Peace Pipe"],"potions_floor_usage":[7,13],"damage_taken":[{"damage":1,"enemies":"Small Slimes","floor":1,"turns":4},{"damage":10,"enemies":"Cultist","floor":3,"turns":5},{"damage":34,"enemies":"Gremlin Nob","floor":7,"turns":5},{"damage":38,"enemies":"Lagavulin","floor":11,"turns":7},{"damage":0,"enemies":"2 Louse","floor":12,"turns":4},{"damage":44,"enemies":"Gremlin Nob","floor":13,"turns":6}],"seed_played":"5451982430460761838","potions_obtained":[{"floor":3,"key":"Poison Potion"},{"floor":11,"key":"Ancient Potion"}],"is_trial":false,"path_per_floor":["M","?","M","?","?","R","E","R","T","R","E","M","E"],"character_chosen":"IRONCLAD","items_purchased":[],"campfire_rested":1,"item_purchase_floors":[],"current_hp_per_floor":[73,73,69,69,62,62,34,34,34,56,24,30,0],"gold":351,"neow_bonus":"RANDOM_COMMON_RELIC","is_prod":false,"is_daily":false,"chose_seed":false,"campfire_upgraded":2,"win_rate":0,"timestamp":1556491791,"path_taken":["M","?","?","?","?","R","E","R","T","R","E","M","E"],"build_version":"2019-01-23","purchased_purges":0,"victory":false,"max_hp_per_floor":[75,75,75,75,75,75,75,75,75,75,75,75,75],"card_choices":[{"not_picked":["Wild Strike","Flex"],"picked":"Spot Weakness","floor":1},{"not_picked":["Reckless Charge","Sword Boomerang"],"picked":"Shrug It Off","floor":3},{"not_picked":["Warcry","Wild Strike"],"picked":"Shrug It Off","floor":7},{"not_picked":["Havoc","Evolve"],"picked":"Disarm","floor":11},{"not_picked":["Havoc","Body Slam"],"picked":"Flame Barrier","floor":12}],"player_experience":604417,"relics_obtained":[{"floor":7,"key":"Anchor"},{"floor":9,"key":"Calipers"},{"floor":11,"key":"Peace Pipe"}],"event_choices":[{"cards_removed":["Strike_R"],"damage_healed":0,"gold_gain":0,"player_choice":"Offered Basic","damage_taken":0,"max_hp_gain":0,"max_hp_loss":0,"event_name":"Bonfire Elementals","floor":2,"gold_loss":0},{"damage_healed":0,"gold_gain":150,"player_choice":"AGREE","damage_taken":0,"max_hp_gain":0,"max_hp_loss":0,"event_name":"Liars Game","floor":4,"gold_loss":0,"cards_obtained":["Doubt"]},{"cards_removed":["Doubt"],"damage_healed":0,"gold_gain":0,"player_choice":"Card Removal","damage_taken":7,"max_hp_gain":0,"max_hp_loss":0,"event_name":"Golden Wing","floor":5,"gold_loss":0}],"is_beta":false,"boss_relics":[],"items_purged_floors":[],"is_endless":false,"potions_floor_spawned":[3,11],"killed_by":"Gremlin Nob","ascension_level":15}