{"gold_per_floor":[110,124,124,23,23,23,46,76],"floor_reached":8,"playtime":874,"items_purged":["Strike_G"],"score":92,"play_id":"04e70022-c520-451b-908f-3ee79846c4c3","local_time":"20190207061047","is_ascension_mode":true,"campfire_choices":[{"data":"Well Laid Plans","floor":6,"key":"SMITH"}],"neow_cost":"NONE","seed_source_timestamp":735561080898676,"circlet_count":0,"master_deck":["AscendersBane","Defend_G","Defend_G","Defend_G+1","Defend_G","Defend_G","Strike_G","Strike_G","Strike_G","Strike_G+1","Survivor","Neutralize+1","Well Laid Plans+1","Outmaneuver","Flying Knee","Prepared"],"relics":["Ring of the Snake","Golden Idol"],"potions_floor_usage":[8],"damage_taken":[{"damage":0,"enemies":"2 Louse","floor":1,"turns":5},{"damage":0,"enemies":"Jaw Worm","floor":2,"turns":5},{"damage":0,"enemies":"Small Slimes","floor":7,"turns":6},{"damage":41,"enemies":"3 Sentries","floor":8,"turns":10}],"seed_played":"-1045032399239039109","potions_obtained":[{"floor":1,"key":"EssenceOfSteel"}],"is_trial":false,"path_per_floor":["M","M","?","$","?","R","M","?"],"character_chosen":"THE_SILENT","items_purchased":["Flying Knee"],"campfire_rested":0,"item_purchase_floors":[4],"current_hp_per_floor":[59,59,39,39,39,39,39,0],"gold":76,"neow_bonus":"UPGRADE_CARD","is_prod":false,"is_daily":false,"chose_seed":false,"campfire_upgraded":1,"win_rate":0,"timestamp":1549516247,"path_taken":["M","M","?","$","?","R","M","?"],"build_version":"2019-01-23","purchased_purges":1,"victory":false,"max_hp_per_floor":[66,66,66,66,60,60,60,60],"card_choices":[{"not_picked":["Quick Slash","Cloak And Dagger"],"picked":"Well Laid Plans","floor":1},{"not_picked":["Tactician","Reflex"],"picked":"Outmaneuver","floor":2},{"not_picked":["Slice","Escape Plan"],"picked":"Prepared","floor":7}],"player_experience":2740129,"relics_obtained":[],"event_choices":[{"damage_healed":0,"gold_gain":0,"player_choice":"Entered Light","damage_taken":20,"max_hp_gain":0,"max_hp_loss":0,"event_name":"Shining Light","floor":3,"gold_loss":0,"cards_upgraded":["Defend_G","Strike_G"]},{"damage_healed":0,"gold_gain":0,"player_choice":"Lose Max HP","damage_taken":0,"relics_obtained":["Golden Idol"],"max_hp_gain":0,"max_hp_loss":6,"event_name":"Golden Idol","floor":5,"gold_loss":0},{"damage_healed":0,"gold_gain":30,"player_choice":"Searched \u00272\u0027 times","damage_taken":0,"max_hp_gain":0,"max_hp_loss":0,"event_name":"Dead Adventurer","floor":8,"gold_loss":0}],"is_beta":false,"boss_relics":[],"items_purged_floors":[4],"is_endless":false,"potions_floor_spawned":[1],"killed_by":"3 Sentries","ascension_level":20}