{"gold_per_floor":[211,286,286,236,251,286,299,309,309,309],"floor_reached":10,"playtime":509,"items_purged":[],"score":99,"play_id":"2800b21b-c014-4d4a-8c64-e7675ef01c7d","local_time":"20190510212547","is_ascension_mode":true,"campfire_choices":[],"neow_cost":"NONE","seed_source_timestamp":553214737722325,"circlet_count":0,"master_deck":["Strike_R","Strike_R","Strike_R","Strike_R","Defend_R","Defend_R","Defend_R","Defend_R","Bash","Entrench"],"relics":["Burning Blood","Frozen Egg 2","Prayer Wheel"],"potions_floor_usage":[7],"damage_taken":[{"damage":1,"enemies":"Cultist","floor":1,"turns":3},{"damage":10,"enemies":"2 Louse","floor":5,"turns":3},{"damage":55,"enemies":"3 Sentries","floor":6,"turns":14},{"damage":11,"enemies":"Small Slimes","floor":7,"turns":5},{"damage":5,"enemies":"2 Fungi Beasts","floor":8,"turns":4},{"damage":12,"enemies":"Red Slaver","floor":10,"turns":4}],"seed_played":"-8907059218685634205","potions_obtained":[{"floor":6,"key":"PowerPotion"}],"is_trial":false,"path_per_floor":["M","?","$","?","M","E","M","M","T","M"],"character_chosen":"IRONCLAD","items_purchased":[],"campfire_rested":0,"item_purchase_floors":[],"current_hp_per_floor":[77,66,66,66,62,13,8,9,9,0],"gold":309,"neow_bonus":"HUNDRED_GOLD","is_prod":false,"is_daily":false,"chose_seed":false,"campfire_upgraded":0,"win_rate":0,"timestamp":1557516347,"path_taken":["M","?","$","?","M","E","M","M","T","M"],"build_version":"2019-01-23","purchased_purges":0,"victory":false,"max_hp_per_floor":[80,80,80,80,80,80,80,80,80,80],"card_choices":[{"not_picked":["Havoc","Combust","Perfected Strike"],"picked":"SKIP","floor":1},{"not_picked":["Armaments","Pommel Strike","Dropkick"],"picked":"SKIP","floor":5},{"not_picked":["Whirlwind","Limit Break","Heavy Blade"],"picked":"SKIP","floor":6},{"not_picked":["Armaments","Twin Strike"],"picked":"Entrench","floor":7},{"not_picked":["Warcry","Carnage","Rage"],"picked":"SKIP","floor":8}],"player_experience":448162,"relics_obtained":[{"floor":6,"key":"Frozen Egg 2"},{"floor":9,"key":"Prayer Wheel"}],"event_choices":[{"damage_healed":0,"gold_gain":75,"player_choice":"Gather Gold","damage_taken":11,"max_hp_gain":0,"max_hp_loss":0,"event_name":"World of Goop","floor":2,"gold_loss":0},{"cards_removed":["Strike_R"],"damage_healed":0,"gold_gain":0,"player_choice":"Card Removal","damage_taken":0,"max_hp_gain":0,"max_hp_loss":0,"event_name":"The Cleric","floor":4,"gold_loss":50}],"is_beta":false,"boss_relics":[],"items_purged_floors":[],"is_endless":false,"potions_floor_spawned":[6],"killed_by":"Red Slaver","ascension_level":9}