{"gold_per_floor":[110,110,285,356,370,370,404,404,404,427,451,494,494,494,494,614,614,628,628,67,55,71,109,109,124,150,173,192,225,260,274,274,400,400,419,479,48,71,94,133,146,246,246,261,261,292,304,329,341,353],"floor_reached":51,"playtime":3891,"items_purged":["Strike_B"],"score":834,"play_id":"ff5508fa-dbf9-496b-9a4c-2a4711c77e04","local_time":"20190326095307","is_ascension_mode":false,"campfire_choices":[{"data":"Zap","floor":6,"key":"SMITH"},{"data":"Dualcast","floor":8,"key":"SMITH"},{"data":"Redo","floor":13,"key":"SMITH"},{"data":"Sweeping Beam","floor":15,"key":"SMITH"},{"floor":24,"key":"REST"},{"floor":32,"key":"REST"},{"floor":45,"key":"REST"},{"floor":47,"key":"REST"},{"floor":49,"key":"REST"}],"neow_cost":"NONE","seed_source_timestamp":520706401158188,"circlet_count":0,"master_deck":["Defend_B","Defend_B","Defend_B","Defend_B","Zap+1","Dualcast+1","Gash+1","Self Repair+1","Static Discharge+1","Conserve Battery+1","Doubt","Hologram","Hologram","Sweeping Beam+1","Hologram","Redo+1","Hello World+1","Conserve Battery","Loop","Tempest","Chill+1","Redo+1","Electrodynamics","Undo+1","Conserve Battery","Ball Lightning","Defragment+1","Thunder Strike","Tempest","Ball Lightning+1","Hologram+1","Seek","Conserve Battery+1","Rebound+1"],"relics":["Astrolabe","Golden Idol","Bottled Tornado","Pear","Mango","FossilizedHelix","Fusion Hammer","Torii","Prayer Wheel","Boot","Lantern","PreservedInsect","Red Mask","Nunchaku","Inserter","StoneCalendar","Happy Flower","Medical Kit","Strawberry","Incense Burner","MawBank"],"potions_floor_usage":[35,40,50,50],"damage_taken":[{"damage":6,"enemies":"2 Louse","floor":1,"turns":2},{"damage":8,"enemies":"Jaw Worm","floor":5,"turns":3},{"damage":34,"enemies":"Gremlin Nob","floor":7,"turns":4},{"damage":5,"enemies":"Cultist","floor":10,"turns":6},{"damage":17,"enemies":"Large Slime","floor":11,"turns":5},{"damage":18,"enemies":"Lagavulin","floor":12,"turns":8},{"damage":41,"enemies":"Slime Boss","floor":16,"turns":12},{"damage":11,"enemies":"Chosen","floor":18,"turns":5},{"damage":0,"enemies":"2 Thieves","floor":21,"turns":5},{"damage":15,"enemies":"Snake Plant","floor":22,"turns":4},{"damage":27,"enemies":"Gremlin Leader","floor":23,"turns":9},{"damage":0,"enemies":"Chosen and Byrds","floor":25,"turns":6},{"damage":1,"enemies":"3 Cultists","floor":27,"turns":4},{"damage":1,"enemies":"Snake Plant","floor":28,"turns":5},{"damage":19,"enemies":"Masked Bandits","floor":29,"turns":5},{"damage":1,"enemies":"Book of Stabbing","floor":30,"turns":5},{"damage":0,"enemies":"Cultist and Chosen","floor":31,"turns":5},{"damage":26,"enemies":"Collector","floor":33,"turns":9},{"damage":24,"enemies":"3 Darklings","floor":35,"turns":5},{"damage":30,"enemies":"2 Orb Walkers","floor":36,"turns":4},{"damage":0,"enemies":"Orb Walker","floor":38,"turns":4},{"damage":0,"enemies":"3 Darklings","floor":39,"turns":5},{"damage":7,"enemies":"Reptomancer","floor":40,"turns":6},{"damage":14,"enemies":"4 Shapes","floor":41,"turns":4},{"damage":7,"enemies":"Maw","floor":44,"turns":6},{"damage":1,"enemies":"Giant Head","floor":46,"turns":7},{"damage":0,"enemies":"3 Darklings","floor":48,"turns":5},{"damage":75,"enemies":"Time Eater","floor":50,"turns":9}],"seed_played":"-6929184313241217611","potions_obtained":[{"floor":7,"key":"SteroidPotion"},{"floor":16,"key":"Regen Potion"},{"floor":22,"key":"Ancient Potion"},{"floor":25,"key":"SneckoOil"},{"floor":27,"key":"Swift Potion"},{"floor":28,"key":"GamblersBrew"},{"floor":36,"key":"Weak Potion"},{"floor":38,"key":"Block Potion"},{"floor":40,"key":"Weak Potion"},{"floor":48,"key":"Block Potion"}],"is_trial":false,"path_per_floor":["?","?","T","M","?","?","M","?","?","?","M"],"character_chosen":"DEFECT","items_purchased":["Conserve Battery","Prayer Wheel","Boot","Loop","Happy Flower","Medical Kit"],"campfire_rested":5,"item_purchase_floors":[20,20,20,20,37,37],"current_hp_per_floor":[75,57,57,57,59,59,45,45,59,64,57,49,49,49,49,18,99,98,98,98,99,94,77,99,99,99,98,99,90,99,99,99,83,99,85,65,65,75,75,85,71,71,71,74,105,106,106,106,106,55],"gold":365,"neow_bonus":"BOSS_RELIC","is_prod":false,"is_daily":false,"chose_seed":false,"campfire_upgraded":4,"win_rate":0.0,"timestamp":1553590387,"path_taken":["M","?","?","?","M","R","E","R","T","M","?","E","R","?","R","BOSS","M","?","$","M","?","E","R","M","T","M","M","?","E","M","R","BOSS","M","?","$","M","M","E","M","?","T","?","R","E","R","M","R","BOSS"],"build_version":"2019-01-23","purchased_purges":1,"victory":true,"max_hp_per_floor":[75,75,75,75,75,75,85,85,99,99,99,99,99,99,99,99,99,99,99,99,99,99,99,99,99,99,99,99,99,99,99,99,99,99,99,99,99,99,99,106,106,106,106,106,106,106,106,106,106,106],"card_choices":[{"not_picked":["Sweeping Beam","White Noise"],"picked":"Conserve Battery","floor":1},{"not_picked":["Conserve Battery","Self Repair"],"picked":"Hologram","floor":5},{"not_picked":["Aggregate","Redo"],"picked":"Hologram","floor":7},{"not_picked":["Steam","Blizzard"],"picked":"Sweeping Beam","floor":10},{"not_picked":["White Noise","Compile Driver"],"picked":"Hologram","floor":11},{"not_picked":["Fusion","Go for the Eyes"],"picked":"Redo","floor":12},{"not_picked":["Fusion","Rebound"],"picked":"Hello World+1","floor":18},{"not_picked":["Sunder","Steam"],"picked":"Tempest","floor":21},{"not_picked":["Beam Cell+1","Compile Driver","Cold Snap"],"picked":"SKIP","floor":21},{"not_picked":["Capacitor","Darkness"],"picked":"Chill+1","floor":22},{"not_picked":["Reinforced Body","Skim+1"],"picked":"Redo+1","floor":22},{"not_picked":["Ball Lightning","Conserve Battery"],"picked":"Electrodynamics","floor":23},{"not_picked":["Rebound","Consume"],"picked":"Undo+1","floor":25},{"not_picked":["Rip and Tear","Streamline","Coolheaded"],"picked":"SKIP","floor":25},{"not_picked":["Streamline+1","Auto Shields"],"picked":"Conserve Battery","floor":27},{"not_picked":["Genetic Algorithm+1","Conserve Battery","Go for the Eyes"],"picked":"SKIP","floor":27},{"not_picked":["Doom and Gloom","Loop+1"],"picked":"Ball Lightning","floor":28},{"not_picked":["Skim","Cold Snap","Storm"],"picked":"SKIP","floor":28},{"not_picked":["Beam Cell","Cold Snap+1","Gash"],"picked":"SKIP","floor":30},{"not_picked":["Rebound+1","Steam+1"],"picked":"Defragment+1","floor":31},{"not_picked":["Reinforced Body","Self Repair","Stack+1"],"picked":"SKIP","floor":31},{"not_picked":["Core Surge","Creative AI"],"picked":"Thunder Strike","floor":33},{"not_picked":["Conserve Battery+1","Gash"],"picked":"Tempest","floor":35},{"not_picked":["Blizzard","Stack"],"picked":"Ball Lightning+1","floor":35},{"not_picked":["Barrage","Go for the Eyes+1"],"picked":"Hologram+1","floor":38},{"not_picked":["Scrape","Melter+1","Rip and Tear+1"],"picked":"SKIP","floor":38},{"not_picked":["Sweeping Beam","Fusion+1","Hyperbeam"],"picked":"SKIP","floor":39},{"not_picked":["Chaos","Beam Cell","FTL+1"],"picked":"SKIP","floor":39},{"not_picked":["Sweeping Beam+1","Redo+1"],"picked":"Seek","floor":40},{"not_picked":["Steam","Gash+1","Reprogram+1"],"picked":"SKIP","floor":41},{"not_picked":["Compile Driver","Capacitor","Darkness"],"picked":"SKIP","floor":41},{"not_picked":["FTL+1","Streamline"],"picked":"Conserve Battery+1","floor":44},{"not_picked":["Sweeping Beam","Ball Lightning","Stack+1"],"picked":"SKIP","floor":44},{"not_picked":["Streamline+1","Gash+1"],"picked":"Rebound+1","floor":46},{"not_picked":["Conserve Battery+1","White Noise+1","Gash"],"picked":"SKIP","floor":48},{"not_picked":["Double Energy","Darkness+1","Self Repair"],"picked":"SKIP","floor":48}],"player_experience":34646,"relics_obtained":[{"floor":4,"key":"Bottled Tornado"},{"floor":7,"key":"Pear"},{"floor":9,"key":"Mango"},{"floor":12,"key":"FossilizedHelix"},{"floor":19,"key":"Torii"},{"floor":23,"key":"Lantern"},{"floor":26,"key":"PreservedInsect"},{"floor":29,"key":"Red Mask"},{"floor":30,"key":"Nunchaku"},{"floor":36,"key":"StoneCalendar"},{"floor":40,"key":"Strawberry"},{"floor":43,"key":"Incense Burner"},{"floor":46,"key":"MawBank"}],"event_choices":[{"damage_healed":0,"gold_gain":0,"player_choice":"Take Damage","damage_taken":18,"relics_obtained":["Golden Idol"],"max_hp_gain":0,"max_hp_loss":0,"event_name":"Golden Idol","floor":2,"gold_loss":0},{"damage_healed":0,"gold_gain":175,"player_choice":"AGREE","damage_taken":0,"max_hp_gain":0,"max_hp_loss":0,"event_name":"Liars Game","floor":3,"gold_loss":0,"cards_obtained":["Doubt"]},{"damage_healed":0,"gold_gain":0,"player_choice":"Grow","damage_taken":0,"max_hp_gain":0,"max_hp_loss":0,"event_name":"Living Wall","floor":14,"gold_loss":0,"cards_upgraded":["Conserve Battery"]},{"damage_healed":0,"gold_gain":0,"player_choice":"Relic","damage_taken":0,"max_hp_gain":0,"max_hp_loss":0,"event_name":"Wheel of Change","floor":19,"gold_loss":0},{"damage_healed":0,"gold_gain":0,"player_choice":"Fought Bandits","damage_taken":0,"max_hp_gain":0,"max_hp_loss":0,"event_name":"Masked Bandits","floor":29,"gold_loss":0},{"damage_healed":0,"gold_gain":0,"player_choice":"Fight","damage_taken":0,"max_hp_gain":0,"max_hp_loss":0,"event_name":"Mysterious Sphere","floor":36,"gold_loss":0},{"damage_healed":0,"gold_gain":100,"player_choice":"Pray","damage_taken":0,"max_hp_gain":0,"max_hp_loss":0,"event_name":"Golden Shrine","floor":42,"gold_loss":0}],"is_beta":false,"boss_relics":[{"not_picked":["Runic Dome","White Beast Statue"],"picked":"Fusion Hammer"},{"not_picked":["Runic Pyramid","Tiny House"],"picked":"Inserter"}],"items_purged_floors":[37],"is_endless":false,"potions_floor_spawned":[7,16,22,25,27,28,36,38,40,48],"ascension_level":0}