{"gold_per_floor":[109,125,140,140,157,186,186,197,267,302,318,334,334,38,38,111,111,131,181,191,72,72,72,72],"floor_reached":24,"playtime":2527,"items_purged":["Strike_G"],"score":416,"play_id":"9e353724-a672-4dcb-87d7-96a9a2bb276b","local_time":"20190307084319","is_ascension_mode":true,"campfire_choices":[{"floor":7,"key":"REST"},{"floor":13,"key":"REST"},{"data":"Apotheosis","floor":15,"key":"SMITH"},{"data":"Footwork","floor":23,"key":"SMITH"}],"neow_cost":"PERCENT_DAMAGE","seed_source_timestamp":73333681570727,"circlet_count":0,"master_deck":["AscendersBane","Defend_G","Defend_G","Defend_G","Defend_G","Defend_G","Strike_G","Strike_G","Strike_G","Strike_G","Survivor","Neutralize","Unload","Leg Sweep+1","Flying Knee","Backflip","Cloak And Dagger","Poisoned Stab","Backstab","Accuracy","Dagger Spray","Apotheosis+1","Caltrops","Deadly Poison","Malaise","Footwork+1","Backflip","Dodge and Roll","Blur","Catalyst","Well Laid Plans"],"relics":["Ring of the Snake","Snake Skull","Sundial","Bird Faced Urn","Orrery"],"potions_floor_usage":[6,6,16,18,18,20],"damage_taken":[{"damage":0,"enemies":"Cultist","floor":1,"turns":3},{"damage":0,"enemies":"Jaw Worm","floor":2,"turns":4},{"damage":0,"enemies":"Small Slimes","floor":3,"turns":4},{"damage":9,"enemies":"Looter","floor":5,"turns":3},{"damage":27,"enemies":"Lagavulin","floor":6,"turns":7},{"damage":1,"enemies":"Exordium Wildlife","floor":8,"turns":4},{"damage":12,"enemies":"3 Sentries","floor":10,"turns":10},{"damage":0,"enemies":"Gremlin Gang","floor":11,"turns":6},{"damage":4,"enemies":"Red Slaver","floor":12,"turns":3},{"damage":2,"enemies":"The Guardian","floor":16,"turns":9},{"damage":0,"enemies":"Chosen","floor":18,"turns":6},{"damage":7,"enemies":"Shell Parasite","floor":20,"turns":7},{"damage":75,"enemies":"Gremlin Leader","floor":24,"turns":9}],"seed_played":"2019209398860955033","potions_obtained":[{"floor":2,"key":"Strength Potion"},{"floor":5,"key":"PowerPotion"},{"floor":6,"key":"Ancient Potion"},{"floor":10,"key":"Dexterity Potion"},{"floor":16,"key":"Block Potion"},{"floor":18,"key":"Dexterity Potion"},{"floor":20,"key":"Strength Potion"}],"is_trial":false,"path_per_floor":["M","M","M","?","M","E","R","M","T","E","M","M","R","$","R","B",null,"M","?","M","$","?","R","E"],"character_chosen":"THE_SILENT","items_purchased":["Apotheosis","Caltrops","Deadly Poison","Well Laid Plans"],"campfire_rested":2,"item_purchase_floors":[14,14,14,21],"current_hp_per_floor":[44,44,44,44,35,8,27,26,26,14,16,14,33,33,33,35,58,62,62,61,61,61,61,0],"gold":72,"neow_bonus":"THREE_RARE_CARDS","is_prod":false,"is_daily":false,"chose_seed":false,"campfire_upgraded":2,"win_rate":0,"timestamp":1551944599,"path_taken":["M","?","M","?","M","E","R","M","T","E","M","?","R","$","R","BOSS","M","?","?","$","?","R","E"],"build_version":"2019-01-23","purchased_purges":1,"victory":false,"max_hp_per_floor":[66,66,66,66,66,66,66,66,66,66,66,66,66,66,66,66,66,66,66,66,66,66,66,66],"card_choices":[{"not_picked":["Venomology","Doppelganger"],"picked":"Unload","floor":0},{"not_picked":["PiercingWail","Blur"],"picked":"Leg Sweep","floor":1},{"not_picked":["Underhanded Strike","Accuracy"],"picked":"Flying Knee","floor":2},{"not_picked":["Outmaneuver","Escape Plan"],"picked":"Backflip","floor":3},{"not_picked":["Outmaneuver","Slice"],"picked":"Cloak And Dagger","floor":5},{"not_picked":["Dodge and Roll","All Out Attack"],"picked":"Poisoned Stab","floor":6},{"not_picked":["Wraith Form v2","Underhanded Strike"],"picked":"Backstab","floor":8},{"not_picked":["Endless Agony","All Out Attack"],"picked":"Accuracy","floor":10},{"not_picked":["Acrobatics","Slice"],"picked":"Dagger Spray","floor":11},{"not_picked":["Dagger Spray","Sucker Punch","Prepared"],"picked":"SKIP","floor":12},{"not_picked":["Unload","Doppelganger"],"picked":"Malaise","floor":16},{"not_picked":["Flying Knee","Sucker Punch"],"picked":"Footwork","floor":17},{"not_picked":["Dagger Spray","Sucker Punch"],"picked":"Backflip","floor":17},{"not_picked":["Outmaneuver","Endless Agony"],"picked":"Dodge and Roll","floor":17},{"not_picked":["Skewer","Sucker Punch"],"picked":"Blur","floor":18},{"not_picked":["Prepared","Accuracy"],"picked":"Catalyst","floor":20}],"player_experience":2866468,"relics_obtained":[{"floor":6,"key":"Snake Skull"},{"floor":9,"key":"Sundial"},{"floor":10,"key":"Bird Faced Urn"}],"event_choices":[{"damage_healed":0,"gold_gain":0,"player_choice":"Upgraded","damage_taken":0,"max_hp_gain":0,"max_hp_loss":0,"event_name":"Upgrade Shrine","floor":4,"gold_loss":0,"cards_upgraded":["Leg Sweep"]},{"damage_healed":0,"gold_gain":100,"player_choice":"Bet on Murderer","damage_taken":0,"max_hp_gain":0,"max_hp_loss":0,"event_name":"The Joust","floor":19,"gold_loss":50},{"damage_healed":0,"gold_gain":0,"player_choice":"Ignored","damage_taken":0,"max_hp_gain":0,"max_hp_loss":0,"event_name":"Ghosts","floor":22,"gold_loss":0}],"is_beta":false,"boss_relics":[{"not_picked":["Calling Bell","Black Star"],"picked":"Orrery"}],"items_purged_floors":[21],"is_endless":false,"potions_floor_spawned":[2,5,6,10,16,18,20],"killed_by":"Gremlin Leader","ascension_level":20}