{"gold_per_floor":[111,61,61,10,10,40,52,64,130,152,193,218,230,305,317,431,443,473,259,274,29,79,79,108,158,158,0,0,16,16,34,34,133,133,150,200,114,164],"floor_reached":38,"playtime":1622,"items_purged":["Strike_B","Strike_B"],"score":490,"play_id":"2c6894c8-bbcd-43c1-a015-9683fb74effe","local_time":"20190420093630","is_ascension_mode":true,"campfire_choices":[{"floor":8.0,"key":"RECALL"},{"data":"Echo Form","floor":13.0,"key":"SMITH"},{"floor":15.0,"key":"REST"},{"data":"Hologram","floor":23.0,"key":"SMITH"},{"floor":28.0,"key":"REST"},{"floor":32.0,"key":"REST"}],"neow_cost":"NONE","seed_source_timestamp":534192168803085,"circlet_count":0,"master_deck":["Defend_B","Defend_B","Defend_B","Zap","Dualcast","Gash","Hologram+1","Echo Form+1","FTL","Buffer","Gash","Hologram","Hologram+1","Gash","Fission","Genetic Algorithm","Beam Cell","Gash","Machine Learning"],"special_seed":0,"relics":["FrozenCore","NeowsBlessing","MawBank","SsserpentHead","PreservedInsect","Centennial Puzzle","Orrery","Bag of Preparation","Juzu Bracelet","Boot"],"potions_floor_usage":[33,33],"damage_taken":[{"damage":0.0,"enemies":"2 Louse","floor":1.0,"turns":1.0},{"damage":0.0,"enemies":"Lagavulin","floor":6.0,"turns":1.0},{"damage":0.0,"enemies":"Jaw Worm","floor":10.0,"turns":1.0},{"damage":36.0,"enemies":"3 Sentries","floor":11.0,"turns":9.0},{"damage":7.0,"enemies":"Small Slimes","floor":12.0,"turns":2.0},{"damage":9.0,"enemies":"2 Fungi Beasts","floor":14.0,"turns":3.0},{"damage":30.0,"enemies":"The Guardian","floor":16.0,"turns":14.0},{"damage":38.0,"enemies":"Shell Parasite","floor":18.0,"turns":7.0},{"damage":3.0,"enemies":"Spheric Guardian","floor":20.0,"turns":3.0},{"damage":19.0,"enemies":"Slavers","floor":24.0,"turns":5.0},{"damage":13.0,"enemies":"Chosen and Byrds","floor":29.0,"turns":4.0},{"damage":8.0,"enemies":"Centurion and Healer","floor":31.0,"turns":4.0},{"damage":5,"enemies":"Automaton","floor":33,"turns":7},{"damage":5,"enemies":"Orb Walker","floor":35,"turns":4},{"damage":87,"enemies":"2 Orb Walkers","floor":38,"turns":4}],"seed_played":"-6637875810994647426","potions_obtained":[{"floor":10.0,"key":"Swift Potion"},{"floor":14.0,"key":"SkillPotion"},{"floor":16.0,"key":"FearPotion"},{"floor":18.0,"key":"LiquidBronze"},{"floor":20.0,"key":"SpeedPotion"},{"floor":29.0,"key":"Swift Potion"}],"is_trial":false,"path_per_floor":["?","?","$","?","?","M","?","?","?","?","$","?"],"character_chosen":"DEFECT","items_purchased":["Gash","Fission","Bag of Preparation","Machine Learning"],"campfire_rested":3,"item_purchase_floors":[4,19,21,37],"current_hp_per_floor":[75,75,75,75,80,80,80,80,80,80,44,37,37,28,52,22,80,42,42,39,39,39,39,20,20,20,20,44,31,31,23,47,42,80,75,75,75,0],"gold":164,"neow_bonus":"THREE_ENEMY_KILL","is_prod":false,"is_daily":false,"chose_seed":false,"campfire_upgraded":2,"win_rate":0,"timestamp":1555745790,"path_taken":["M","?","?","?","?","E","?","R","T","M","E","M","R","?","R","BOSS","M","$","M","$","?","R","E","?","T","?","R","M","$","M","R","BOSS","M","?","?","?"],"build_version":"2019-01-23","purchased_purges":2,"victory":false,"max_hp_per_floor":[75,75,75,75,80,80,80,80,80,80,80,80,80,80,80,80,80,80,80,80,80,80,80,80,80,80,80,80,80,80,80,80,80,80,80,80,80,80],"card_choices":[{"not_picked":["Barrage","Rebound","Aggregate"],"picked":"SKIP","floor":1.0},{"not_picked":["Capacitor","Meteor Strike","Aggregate"],"picked":"SKIP","floor":6.0},{"not_picked":["Cold Snap","Streamline"],"picked":"Hologram","floor":10.0},{"not_picked":["Chaos","Turbo","Undo"],"picked":"SKIP","floor":11.0},{"not_picked":["Redo","Aggregate"],"picked":"Echo Form","floor":12.0},{"not_picked":["Leap","Streamline"],"picked":"FTL","floor":14.0},{"not_picked":["Echo Form","Core Surge"],"picked":"Buffer","floor":16.0},{"not_picked":["Redo","Conserve Battery"],"picked":"Gash","floor":17.0},{"not_picked":["Cold Snap","Rebound"],"picked":"Hologram","floor":17.0},{"not_picked":["Static Discharge","Fusion"],"picked":"Hologram","floor":17.0},{"not_picked":["Barrage","Coolheaded"],"picked":"Gash","floor":18.0},{"not_picked":["Blizzard","Loop+1"],"picked":"Genetic Algorithm","floor":20.0},{"not_picked":["Rip and Tear","Rainbow"],"picked":"Beam Cell","floor":24.0},{"not_picked":["Reprogram","Turbo","Redo"],"picked":"SKIP","floor":29.0},{"not_picked":["Ball Lightning","Steam","Go for the Eyes+1"],"picked":"SKIP","floor":31.0},{"not_picked":["Go for the Eyes","Genetic Algorithm"],"picked":"Gash","floor":35}],"player_experience":120118,"relics_obtained":[{"floor":6.0,"key":"MawBank"},{"floor":9.0,"key":"PreservedInsect"},{"floor":11.0,"key":"Centennial Puzzle"},{"floor":24.0,"key":"Boot"}],"event_choices":[{"cards_removed":["Strike_B"],"damage_healed":0.0,"max_hp_gain":0.0,"max_hp_loss":0.0,"gold_gain":0.0,"event_name":"The Cleric","player_choice":"Card Removal","floor":2.0,"gold_loss":50.0,"damage_taken":0.0},{"cards_removed":["Defend_B"],"damage_healed":0.0,"max_hp_gain":0.0,"max_hp_loss":0.0,"gold_gain":0.0,"event_name":"Living Wall","player_choice":"Forget","floor":3.0,"gold_loss":0.0,"damage_taken":0.0},{"damage_healed":0.0,"max_hp_gain":5.0,"max_hp_loss":0.0,"gold_gain":0.0,"event_name":"Big Fish","player_choice":"Donut","floor":5.0,"gold_loss":0.0,"damage_taken":0.0},{"damage_healed":0.0,"max_hp_gain":0.0,"max_hp_loss":0.0,"gold_gain":0.0,"event_name":"FaceTrader","player_choice":"Trade","floor":7.0,"gold_loss":0.0,"damage_taken":0.0,"relics_obtained":["SsserpentHead"]},{"damage_healed":0.0,"max_hp_gain":0.0,"max_hp_loss":0.0,"gold_gain":0.0,"event_name":"The Mausoleum","player_choice":"Opened","floor":22.0,"gold_loss":0.0,"damage_taken":0.0,"relics_obtained":["Juzu Bracelet"]},{"damage_healed":0.0,"max_hp_gain":0.0,"max_hp_loss":0.0,"gold_gain":0.0,"event_name":"Accursed Blacksmith","player_choice":"Forge","floor":25.0,"gold_loss":0.0,"damage_taken":0.0,"cards_upgraded":["Hologram"]},{"damage_healed":0.0,"max_hp_gain":0.0,"max_hp_loss":0.0,"gold_gain":0.0,"event_name":"Masked Bandits","player_choice":"Paid Fearfully","floor":27.0,"gold_loss":208.0,"damage_taken":0.0},{"cards_removed":["Strike_B"],"damage_healed":0,"gold_gain":0,"player_choice":"Offered Basic","damage_taken":0,"max_hp_gain":0,"max_hp_loss":0,"event_name":"Bonfire Elementals","floor":36,"gold_loss":0},{"damage_healed":0,"gold_gain":0,"player_choice":"Fight","damage_taken":0,"max_hp_gain":0,"max_hp_loss":0,"event_name":"Mysterious Sphere","floor":38,"gold_loss":0}],"is_beta":false,"boss_relics":[{"not_picked":["Tiny House","Astrolabe"],"picked":"Orrery"},{"not_picked":["Lizard Tail","Empty Cage"],"picked":"FrozenCore"}],"items_purged_floors":[19,21],"is_endless":false,"potions_floor_spawned":[10,14,16,18,20,29],"killed_by":"2 Orb Walkers","ascension_level":2}