{"gold_per_floor":[119,119,130,130,141,175,187,199,262,309,274,205,216,228,228,333,333,345,24,24,40,40,40,50,67,67,67],"floor_reached":27,"playtime":1025,"items_purged":[],"score":223,"play_id":"90ae8a88-2060-480a-a5dc-dd19bfac04f8","local_time":"20190324200338","is_ascension_mode":false,"campfire_choices":[{"floor":8,"key":"REST"},{"floor":15,"key":"REST"},{"floor":23,"key":"REST"}],"neow_cost":"NONE","seed_source_timestamp":387414157218880,"circlet_count":0,"master_deck":["Strike_B+1","Strike_B+1","Strike_B+1","Defend_B+1","Defend_B+1","Defend_B+1","Defend_B+1","Zap","Dualcast","Conserve Battery","Storm","Self Repair","Ball Lightning","Redo","Static Discharge+1","Double Energy","Redo","Thunder Strike","Sweeping Beam+1","Self Repair+1","Conserve Battery","BootSequence","BootSequence"],"relics":["Cracked Core","NeowsBlessing","Gremlin Horn","MawBank","Lantern","Frozen Egg 2","Black Star","Bottled Lightning","Shuriken"],"potions_floor_usage":[10],"damage_taken":[{"damage":0,"enemies":"Cultist","floor":1,"turns":1},{"damage":0,"enemies":"Jaw Worm","floor":3,"turns":1},{"damage":0,"enemies":"Small Slimes","floor":5,"turns":1},{"damage":67,"enemies":"Gremlin Nob","floor":6,"turns":6},{"damage":39,"enemies":"Lagavulin","floor":10,"turns":7},{"damage":15,"enemies":"Red Slaver","floor":13,"turns":4},{"damage":10,"enemies":"Looter","floor":14,"turns":3},{"damage":28,"enemies":"Hexaghost","floor":16,"turns":9},{"damage":27,"enemies":"Chosen","floor":18,"turns":5},{"damage":24,"enemies":"2 Thieves","floor":21,"turns":3},{"damage":36,"enemies":"Cultist and Chosen","floor":24,"turns":5},{"damage":27,"enemies":"Snecko","floor":25,"turns":6},{"damage":46,"enemies":"Centurion and Healer","floor":27,"turns":5}],"seed_played":"8520904557495986900","potions_obtained":[{"floor":3,"key":"Regen Potion"},{"floor":16,"key":"Energy Potion"},{"floor":18,"key":"Block Potion"},{"floor":25,"key":"LiquidBronze"}],"is_trial":false,"path_per_floor":["T","M","?","?","?","?","?","M"],"character_chosen":"DEFECT","items_purchased":["Static Discharge+1","Self Repair+1","Bottled Lightning"],"campfire_rested":3,"item_purchase_floors":[12,19,19],"current_hp_per_floor":[75,75,75,75,75,15,15,37,37,20,20,20,12,9,31,10,75,55,55,55,48,48,70,51,41,41,0],"gold":67,"neow_bonus":"THREE_ENEMY_KILL","is_prod":false,"is_daily":false,"chose_seed":false,"campfire_upgraded":0,"win_rate":0.0,"timestamp":1553454218,"path_taken":["M","?","?","?","M","E","?","R","T","E","?","$","M","M","R","BOSS","M","$","?","M","?","R","M","M","T","?"],"build_version":"2019-01-23","purchased_purges":0,"victory":false,"max_hp_per_floor":[75,75,75,75,75,75,75,75,75,75,75,75,75,75,75,75,75,75,75,75,75,75,75,75,75,75,75],"card_choices":[{"not_picked":["Redo","Leap"],"picked":"Conserve Battery","floor":1},{"not_picked":["Steam","Beam Cell"],"picked":"Storm","floor":3},{"not_picked":["Fusion","Barrage"],"picked":"Self Repair","floor":5},{"not_picked":["Conserve Battery","Steam"],"picked":"Ball Lightning","floor":6},{"not_picked":["Aggregate","Creative AI"],"picked":"Redo","floor":10},{"not_picked":["Compile Driver","Cold Snap"],"picked":"Double Energy","floor":13},{"not_picked":["Conserve Battery","Tempest"],"picked":"Redo","floor":14},{"not_picked":["Creative AI+1","Reboot"],"picked":"Thunder Strike","floor":16},{"not_picked":["Go for the Eyes","Darkness+1"],"picked":"Sweeping Beam+1","floor":18},{"not_picked":["FTL+1","Chill"],"picked":"Conserve Battery","floor":21},{"not_picked":["Hello World+1","Go for the Eyes"],"picked":"BootSequence","floor":24},{"not_picked":["Gash","Stack"],"picked":"BootSequence","floor":25}],"player_experience":9869,"relics_obtained":[{"floor":2,"key":"Gremlin Horn"},{"floor":6,"key":"MawBank"},{"floor":9,"key":"Lantern"},{"floor":10,"key":"Frozen Egg 2"},{"floor":26,"key":"Shuriken"}],"event_choices":[{"damage_healed":0,"gold_gain":0,"player_choice":"Ignored","damage_taken":0,"max_hp_gain":0,"max_hp_loss":0,"event_name":"Golden Wing","floor":4,"gold_loss":0},{"damage_healed":0,"gold_gain":0,"player_choice":"Ignored","damage_taken":0,"max_hp_gain":0,"max_hp_loss":0,"event_name":"Shining Light","floor":7,"gold_loss":0},{"damage_healed":0,"gold_gain":0,"player_choice":"Left Gold","damage_taken":0,"max_hp_gain":0,"max_hp_loss":0,"event_name":"World of Goop","floor":11,"gold_loss":47},{"damage_healed":0,"gold_gain":0,"player_choice":"Simplicity","damage_taken":0,"max_hp_gain":0,"max_hp_loss":0,"event_name":"Back to Basics","floor":20,"gold_loss":0,"cards_upgraded":["Strike_B","Strike_B","Strike_B","Strike_B","Defend_B","Defend_B","Defend_B","Defend_B"]},{"cards_removed":["Strike_B"],"damage_healed":0,"gold_gain":0,"player_choice":"Purged","damage_taken":0,"max_hp_gain":0,"max_hp_loss":0,"event_name":"Purifier","floor":22,"gold_loss":0}],"is_beta":false,"boss_relics":[{"not_picked":["Calling Bell","Orrery"],"picked":"Black Star"}],"items_purged_floors":[],"is_endless":false,"potions_floor_spawned":[3,16,18,25],"killed_by":"Centurion and Healer","ascension_level":0}