{"gold_per_floor":[117,117,137,156,169,196,196,209,209,209,223,240,72,107,107,107],"floor_reached":16,"playtime":1371,"items_purged":["Strike_G"],"score":228,"play_id":"165a50c5-fbe6-4e0d-bef9-df936979f6a9","local_time":"20190206061736","is_ascension_mode":true,"campfire_choices":[{"data":"Deadly Poison","floor":7,"key":"SMITH"},{"floor":10,"key":"REST"},{"floor":15,"key":"REST"}],"neow_cost":"NONE","seed_source_timestamp":649073850338251,"circlet_count":0,"master_deck":["AscendersBane","Defend_G","Defend_G","Defend_G","Defend_G","Defend_G","Strike_G","Strike_G","Strike_G","Strike_G","Survivor","Neutralize+1","Wraith Form v2","Deadly Poison+1","Dagger Throw","Poisoned Stab","Dash","Poisoned Stab","Deadly Poison","Corpse Explosion","Noxious Fumes","Backflip","Dagger Spray"],"relics":["Ring of the Snake","Blue Candle","Sundial","The Courier"],"potions_floor_usage":[8,16,16],"damage_taken":[{"damage":0,"enemies":"2 Louse","floor":1,"turns":4},{"damage":1,"enemies":"Cultist","floor":3,"turns":5},{"damage":5,"enemies":"Small Slimes","floor":4,"turns":5},{"damage":0,"enemies":"2 Fungi Beasts","floor":5,"turns":4},{"damage":33,"enemies":"Lagavulin","floor":6,"turns":8},{"damage":5,"enemies":"Gremlin Gang","floor":8,"turns":6},{"damage":0,"enemies":"Blue Slaver","floor":11,"turns":5},{"damage":0,"enemies":"Exordium Wildlife","floor":12,"turns":4},{"damage":15,"enemies":"3 Sentries","floor":14,"turns":5},{"damage":39,"enemies":"Slime Boss","floor":16,"turns":6}],"seed_played":"2869261819903519356","potions_obtained":[{"floor":3,"key":"Swift Potion"},{"floor":6,"key":"SpeedPotion"},{"floor":11,"key":"Poison Potion"},{"floor":12,"key":"Ancient Potion"}],"is_trial":false,"path_per_floor":["M","?","M","M","M","E","R","M","T","R","M","M","$","E","R","B"],"character_chosen":"THE_SILENT","items_purchased":["Noxious Fumes","Backflip"],"campfire_rested":2,"item_purchase_floors":[13,13],"current_hp_per_floor":[59,59,58,53,53,20,20,15,15,34,34,34,34,19,38,0],"gold":107,"neow_bonus":"ONE_RANDOM_RARE_CARD","is_prod":false,"is_daily":false,"chose_seed":false,"campfire_upgraded":1,"win_rate":0,"timestamp":1549430256,"path_taken":["M","?","M","?","M","E","R","M","T","R","M","?","?","E","R","BOSS"],"build_version":"2019-01-23","purchased_purges":1,"victory":false,"max_hp_per_floor":[66,66,66,66,66,66,66,66,66,66,66,66,66,66,66,66],"card_choices":[{"not_picked":["Concentrate","Acrobatics"],"picked":"Deadly Poison","floor":1},{"not_picked":["Bane","Prepared"],"picked":"Dagger Throw","floor":3},{"not_picked":["Calculated Gamble","Phantasmal Killer"],"picked":"Poisoned Stab","floor":4},{"not_picked":["Sucker Punch","Skewer"],"picked":"Dash","floor":5},{"not_picked":["Flying Knee","Cloak And Dagger"],"picked":"Poisoned Stab","floor":6},{"not_picked":["Poisoned Stab","Setup","Choke"],"picked":"SKIP","floor":8},{"not_picked":["Backstab","Sucker Punch"],"picked":"Deadly Poison","floor":11},{"not_picked":["Quick Slash","Poisoned Stab"],"picked":"Corpse Explosion","floor":12},{"not_picked":["PiercingWail","Outmaneuver"],"picked":"Dagger Spray","floor":14}],"player_experience":2738758,"relics_obtained":[{"floor":6,"key":"Blue Candle"},{"floor":9,"key":"Sundial"},{"floor":14,"key":"The Courier"}],"event_choices":[{"damage_healed":0,"gold_gain":0,"player_choice":"Forge","damage_taken":0,"max_hp_gain":0,"max_hp_loss":0,"event_name":"Accursed Blacksmith","floor":2,"gold_loss":0,"cards_upgraded":["Neutralize"]}],"is_beta":false,"boss_relics":[],"items_purged_floors":[13],"is_endless":false,"potions_floor_spawned":[3,6,11,12,14],"killed_by":"Slime Boss","ascension_level":20}