{"gold_per_floor":[118,268,268,287,212,245,245,2,57,90,108,138,154,168,168,245,245,264,278,41,55,66,66,94,113,165,165],"floor_reached":27,"playtime":3145,"items_purged":["Strike_G"],"score":540,"play_id":"da4a1d4e-c563-44cf-83d6-c94020008558","local_time":"20190321210707","is_ascension_mode":true,"campfire_choices":[{"data":"Noxious Fumes","floor":7,"key":"SMITH"},{"data":"Neutralize","floor":15,"key":"SMITH"},{"floor":23,"key":"REST"}],"neow_cost":"NONE","seed_source_timestamp":297910747018771,"circlet_count":0,"master_deck":["AscendersBane","Defend_G","Defend_G","Defend_G","Defend_G","Defend_G","Strike_G","Strike_G","Strike_G","Strike_G","Survivor","Neutralize+1","Noxious Fumes+1","Flechettes","Deadly Poison","Malaise","Venomology","Backflip","Backflip","Cloak And Dagger","Burst","Well Laid Plans","PiercingWail","Bouncing Flask","Deflect","Catalyst","Accuracy","Blur","Backflip","Dagger Spray+1","Envenom"],"relics":["Ring of the Snake","NeowsBlessing","Mummified Hand","Omamori","Vajra","Ninja Scroll","Orrery","Meat on the Bone","Happy Flower"],"potions_floor_usage":[10,13,14,16,18,19,24,24,25,25,27],"damage_taken":[{"damage":0,"enemies":"Small Slimes","floor":1,"turns":1},{"damage":0,"enemies":"2 Louse","floor":4,"turns":1},{"damage":0,"enemies":"Gremlin Nob","floor":6,"turns":1},{"damage":9,"enemies":"Lagavulin","floor":10,"turns":7},{"damage":0,"enemies":"Jaw Worm","floor":11,"turns":4},{"damage":19,"enemies":"Large Slime","floor":13,"turns":6},{"damage":1,"enemies":"2 Fungi Beasts","floor":14,"turns":4},{"damage":3,"enemies":"The Guardian","floor":16,"turns":10},{"damage":0,"enemies":"3 Byrds","floor":18,"turns":4},{"damage":6,"enemies":"Shell Parasite","floor":19,"turns":7},{"damage":37,"enemies":"Sentry and Sphere","floor":21,"turns":7},{"damage":16,"enemies":"Snake Plant","floor":22,"turns":9},{"damage":1,"enemies":"Slavers","floor":24,"turns":9},{"damage":7,"enemies":"Centurion and Healer","floor":25,"turns":8},{"damage":38,"enemies":"Cultist and Chosen","floor":27,"turns":7}],"seed_played":"-954043783843738217","potions_obtained":[{"floor":4,"key":"Regen Potion"},{"floor":6,"key":"Ancient Potion"},{"floor":14,"key":"SteroidPotion"},{"floor":21,"key":"Dexterity Potion"},{"floor":24,"key":"Energy Potion"}],"is_trial":false,"path_per_floor":["M","?","?","M","?","E","R","$","T","E","M","?","M","M","R","B",null,"M","M","$","M","M","R","E","M","T","M"],"character_chosen":"THE_SILENT","items_purchased":["Omamori","Malaise","Catalyst","Accuracy"],"campfire_rested":1,"item_purchase_floors":[8,8,20,20],"current_hp_per_floor":[59,59,64,64,64,64,64,64,64,55,55,55,51,64,64,61,69,69,63,63,26,10,31,30,35,35,0],"gold":165,"neow_bonus":"THREE_ENEMY_KILL","is_prod":false,"is_daily":false,"chose_seed":false,"campfire_upgraded":2,"win_rate":0,"timestamp":1553198827,"path_taken":["M","?","?","M","?","E","R","?","T","E","M","?","M","M","R","BOSS","M","M","$","M","M","R","E","M","T","M"],"build_version":"2019-01-23","purchased_purges":1,"victory":false,"max_hp_per_floor":[66,66,71,71,71,71,71,71,71,71,71,71,71,71,71,71,71,71,71,71,71,71,71,71,71,71,71],"card_choices":[{"not_picked":["Dodge and Roll","Blade Dance"],"picked":"Noxious Fumes","floor":1},{"not_picked":["Quick Slash","Finisher"],"picked":"Flechettes","floor":4},{"not_picked":["Quick Slash","Finisher"],"picked":"Deadly Poison","floor":6},{"not_picked":["Terror","Backstab"],"picked":"Venomology","floor":10},{"not_picked":["Deadly Poison","Masterful Stab"],"picked":"Backflip","floor":11},{"not_picked":["Outmaneuver","Concentrate"],"picked":"Backflip","floor":13},{"not_picked":["Distraction","Skewer"],"picked":"Cloak And Dagger","floor":14},{"not_picked":["Storm of Steel","Tools of the Trade"],"picked":"Burst","floor":16},{"not_picked":["Distraction","Prepared"],"picked":"Well Laid Plans","floor":17},{"not_picked":["Deflect","Quick Slash"],"picked":"PiercingWail","floor":17},{"not_picked":["Bane","Slice"],"picked":"Bouncing Flask","floor":17},{"not_picked":["Cloak And Dagger","Expertise","Poisoned Stab"],"picked":"SKIP","floor":18},{"not_picked":["Underhanded Strike","Flechettes"],"picked":"Deflect","floor":19},{"not_picked":["Choke","Prepared"],"picked":"Blur","floor":21},{"not_picked":["Underhanded Strike+1","Sucker Punch"],"picked":"Backflip","floor":22},{"not_picked":["Escape Plan","Poisoned Stab"],"picked":"Dagger Spray+1","floor":24},{"not_picked":["Dagger Throw","Outmaneuver"],"picked":"Envenom","floor":25}],"player_experience":2919223,"relics_obtained":[{"floor":6,"key":"Mummified Hand"},{"floor":9,"key":"Vajra"},{"floor":10,"key":"Ninja Scroll"},{"floor":24,"key":"Meat on the Bone"},{"floor":26,"key":"Happy Flower"}],"event_choices":[{"damage_healed":0,"gold_gain":150,"player_choice":"AGREE","damage_taken":0,"max_hp_gain":0,"max_hp_loss":0,"event_name":"Liars Game","floor":2,"gold_loss":0,"cards_obtained":["Doubt"]},{"damage_healed":0,"gold_gain":0,"player_choice":"Donut","damage_taken":0,"max_hp_gain":5,"max_hp_loss":0,"event_name":"Big Fish","floor":3,"gold_loss":0},{"cards_removed":["Doubt"],"damage_healed":0,"gold_gain":0,"player_choice":"Card Removal","damage_taken":0,"max_hp_gain":0,"max_hp_loss":0,"event_name":"The Cleric","floor":5,"gold_loss":75},{"damage_healed":0,"gold_gain":30,"player_choice":"Searched \u00272\u0027 times","damage_taken":0,"max_hp_gain":0,"max_hp_loss":0,"event_name":"Dead Adventurer","floor":12,"gold_loss":0}],"is_beta":false,"boss_relics":[{"not_picked":["Black Star","Coffee Dripper"],"picked":"Orrery"}],"items_purged_floors":[20],"is_endless":false,"potions_floor_spawned":[4,6,14,21,24],"killed_by":"Cultist and Chosen","ascension_level":20}