{"gold_per_floor":[118,144,10,23,42,42,76,76,76,106,106,126,126,126],"floor_reached":14,"playtime":1121,"items_purged":["Decay"],"score":196,"play_id":"462caf6f-b358-45e4-a7d9-6355d0a8282c","local_time":"20190309090919","is_ascension_mode":true,"campfire_choices":[{"data":"Neutralize","floor":6,"key":"SMITH"},{"floor":8,"key":"REST"},{"floor":11,"key":"REST"}],"neow_cost":"CURSE","seed_source_timestamp":249102559749097,"circlet_count":0,"master_deck":["AscendersBane","Defend_G","Defend_G","Defend_G","Defend_G","Defend_G","Strike_G","Strike_G+1","Strike_G","Strike_G","Strike_G+1","Survivor","Neutralize+1","Envenom","Deadly Poison","Deadly Poison","Dodge and Roll","Dash","Deflect","Crippling Poison"],"relics":["Ring of the Snake","Whetstone","Regal Pillow","Pantograph","Bottled Flame","Golden Idol"],"potions_floor_usage":[7,10,14],"damage_taken":[{"damage":17,"enemies":"Cultist","floor":1,"turns":5},{"damage":9,"enemies":"Small Slimes","floor":4,"turns":3},{"damage":2,"enemies":"2 Louse","floor":5,"turns":5},{"damage":24,"enemies":"Gremlin Nob","floor":7,"turns":4},{"damage":22,"enemies":"Lagavulin","floor":10,"turns":6},{"damage":12,"enemies":"Red Slaver","floor":12,"turns":5},{"damage":54,"enemies":"Gremlin Nob","floor":14,"turns":4}],"seed_played":"-8840718564615680226","potions_obtained":[{"floor":1,"key":"Energy Potion"},{"floor":4,"key":"Poison Potion"},{"floor":10,"key":"GamblersBrew"}],"is_trial":false,"path_per_floor":["M","T","$","M","M","R","E","R","T","E","R","M","?","E"],"character_chosen":"THE_SILENT","items_purchased":["Deadly Poison"],"campfire_rested":2,"item_purchase_floors":[3],"current_hp_per_floor":[42,42,42,33,31,31,7,41,41,19,53,41,41,0],"gold":126,"neow_bonus":"THREE_RARE_CARDS","is_prod":false,"is_daily":false,"chose_seed":false,"campfire_upgraded":1,"win_rate":0,"timestamp":1552118959,"path_taken":["M","?","$","M","?","R","E","R","T","E","R","M","?","E"],"build_version":"2019-01-23","purchased_purges":1,"victory":false,"max_hp_per_floor":[66,66,66,66,66,66,66,66,66,66,66,66,60,60],"card_choices":[{"not_picked":["Grand Finale","Bullet Time"],"picked":"Envenom","floor":0},{"not_picked":["Quick Slash","Cloak And Dagger"],"picked":"Deadly Poison","floor":1},{"not_picked":["Sucker Punch","Acrobatics"],"picked":"Dodge and Roll","floor":4},{"not_picked":["Predator","Poisoned Stab","Sucker Punch"],"picked":"SKIP","floor":5},{"not_picked":["Backflip","Underhanded Strike"],"picked":"Dash","floor":7},{"not_picked":["Accuracy","Sucker Punch"],"picked":"Deflect","floor":10},{"not_picked":["Eviscerate","Venomology"],"picked":"Crippling Poison","floor":12}],"player_experience":2873566,"relics_obtained":[{"floor":2,"key":"Whetstone"},{"floor":7,"key":"Regal Pillow"},{"floor":9,"key":"Pantograph"},{"floor":10,"key":"Bottled Flame"}],"event_choices":[{"damage_healed":0,"gold_gain":0,"player_choice":"Lose Max HP","damage_taken":0,"relics_obtained":["Golden Idol"],"max_hp_gain":0,"max_hp_loss":6,"event_name":"Golden Idol","floor":13,"gold_loss":0}],"is_beta":false,"boss_relics":[],"items_purged_floors":[3],"is_endless":false,"potions_floor_spawned":[1,4,10],"killed_by":"Gremlin Nob","ascension_level":20}