{"gold_per_floor":[109,34,50,50,61,95,95,113,113,83,83,97,130,130],"floor_reached":14,"playtime":498,"items_purged":["Defend_G"],"score":135,"play_id":"0d159c21-9674-40c9-a119-f31f925ee139","local_time":"20190506183037","is_ascension_mode":true,"campfire_choices":[{"floor":7,"key":"REST"},{"floor":11,"key":"REST"}],"neow_cost":"NONE","seed_source_timestamp":893116886053167,"circlet_count":0,"master_deck":["Defend_G","Defend_G","Defend_G","Strike_G","Strike_G","Survivor","Neutralize","Blur+1","Finisher+1","Outmaneuver+1","Backflip","PiercingWail","Endless Agony","Footwork","Flying Knee","Endless Agony"],"relics":["Astrolabe","Kunai","FossilizedHelix"],"potions_floor_usage":[],"damage_taken":[{"damage":0,"enemies":"2 Louse","floor":1,"turns":5},{"damage":0,"enemies":"Cultist","floor":3,"turns":5},{"damage":0,"enemies":"Jaw Worm","floor":5,"turns":4},{"damage":61,"enemies":"Gremlin Nob","floor":6,"turns":7},{"damage":19,"enemies":"Exordium Thugs","floor":8,"turns":8},{"damage":0,"enemies":"Looter","floor":10,"turns":4},{"damage":5,"enemies":"Blue Slaver","floor":12,"turns":4},{"damage":14,"enemies":"Lagavulin","floor":13,"turns":9},{"damage":6,"enemies":"3 Louse","floor":14,"turns":1}],"seed_played":"8628908737768010556","potions_obtained":[{"floor":3,"key":"SpeedPotion"},{"floor":13,"key":"LiquidBronze"}],"is_trial":false,"path_per_floor":["?","M","M"],"character_chosen":"THE_SILENT","items_purchased":[],"campfire_rested":2,"item_purchase_floors":[],"current_hp_per_floor":[63,63,63,63,63,2,23,4,4,4,25,20,6,0],"gold":130,"neow_bonus":"BOSS_RELIC","is_prod":false,"is_daily":false,"chose_seed":false,"campfire_upgraded":0,"win_rate":0,"timestamp":1557160237,"path_taken":["M","$","M","?","M","E","R","?","T","M","R","?","E","M"],"build_version":"2019-01-23","purchased_purges":1,"victory":false,"max_hp_per_floor":[70,70,70,70,70,70,70,70,70,70,70,70,70,70],"card_choices":[{"not_picked":["Prepared","Bane"],"picked":"Backflip","floor":1},{"not_picked":["Poisoned Stab","Prepared","Catalyst"],"picked":"SKIP","floor":3},{"not_picked":["Slice","Sucker Punch"],"picked":"PiercingWail","floor":5},{"not_picked":["Finisher","Sucker Punch"],"picked":"Endless Agony","floor":6},{"not_picked":["Flechettes","Caltrops"],"picked":"Footwork","floor":8},{"not_picked":["Bane","Slice"],"picked":"Flying Knee","floor":10},{"not_picked":["Slice","Bullet Time","PiercingWail"],"picked":"SKIP","floor":12},{"not_picked":["Dagger Throw","Die Die Die"],"picked":"Endless Agony","floor":13}],"player_experience":241808,"relics_obtained":[{"floor":6,"key":"Kunai"},{"floor":13,"key":"FossilizedHelix"}],"event_choices":[{"cards_removed":["Defend_G"],"damage_healed":0,"gold_gain":0,"player_choice":"Offered Basic","damage_taken":0,"max_hp_gain":0,"max_hp_loss":0,"event_name":"Bonfire Elementals","floor":4,"gold_loss":0}],"is_beta":false,"boss_relics":[],"items_purged_floors":[2],"is_endless":false,"potions_floor_spawned":[3,13],"killed_by":"3 Louse","ascension_level":7}