{"gold_per_floor":[113,113,113,113,128,128,146,146,219,219,239,239],"floor_reached":12,"playtime":443,"items_purged":[],"score":122,"play_id":"3c4298e5-cd6a-45b8-96d7-6555f9df5a4d","local_time":"20190502205257","is_ascension_mode":true,"campfire_choices":[{"data":"Body Slam","floor":6,"key":"SMITH"},{"data":"Bash","floor":8,"key":"SMITH"},{"data":"Headbutt","floor":10,"key":"SMITH"}],"neow_cost":"TEN_PERCENT_HP_LOSS","seed_source_timestamp":117479939525488,"circlet_count":0,"master_deck":["AscendersBane","Strike_R","Strike_R","Strike_R","Defend_R","Defend_R","Defend_R","Bash+1","Body Slam+1","Injury","Exhume","Headbutt+1","Thunderclap","Sword Boomerang"],"relics":["Burning Blood","Golden Idol","Matryoshka"],"potions_floor_usage":[12],"damage_taken":[{"damage":13,"enemies":"Jaw Worm","floor":1,"turns":4},{"damage":1,"enemies":"2 Louse","floor":5,"turns":3},{"damage":16,"enemies":"Small Slimes","floor":7,"turns":4},{"damage":21,"enemies":"Gremlin Gang","floor":11,"turns":4},{"damage":46,"enemies":"3 Sentries","floor":12,"turns":6}],"seed_played":"-4816279896322909764","potions_obtained":[{"floor":5,"key":"Dexterity Potion"},{"floor":11,"key":"FearPotion"}],"is_trial":false,"path_per_floor":["M","?","?","?","M","R","M","R","T","R","M","E"],"character_chosen":"IRONCLAD","items_purchased":[],"campfire_rested":0,"item_purchase_floors":[],"current_hp_per_floor":[61,61,66,66,71,71,61,61,61,61,46,0],"gold":239,"neow_bonus":"REMOVE_TWO","is_prod":false,"is_daily":false,"chose_seed":false,"campfire_upgraded":3,"win_rate":0,"timestamp":1556855577,"path_taken":["M","?","?","?","M","R","?","R","T","R","M","E"],"build_version":"2019-01-23","purchased_purges":0,"victory":false,"max_hp_per_floor":[68,68,73,73,73,73,73,73,73,73,73,73],"card_choices":[{"not_picked":["Sentinel","Bloodletting"],"picked":"Body Slam","floor":1},{"not_picked":["Intimidate","Havoc"],"picked":"Headbutt","floor":5},{"not_picked":["Heavy Blade","Flex"],"picked":"Thunderclap","floor":7},{"not_picked":["Burning Pact","Twin Strike"],"picked":"Sword Boomerang","floor":11}],"player_experience":626579,"relics_obtained":[{"floor":9,"key":"Matryoshka"}],"event_choices":[{"damage_healed":0,"gold_gain":0,"player_choice":"Take Wound","damage_taken":0,"relics_obtained":["Golden Idol"],"max_hp_gain":0,"max_hp_loss":0,"event_name":"Golden Idol","floor":2,"gold_loss":0,"cards_obtained":["Injury"]},{"damage_healed":0,"gold_gain":0,"player_choice":"Donut","damage_taken":0,"max_hp_gain":5,"max_hp_loss":0,"event_name":"Big Fish","floor":3,"gold_loss":0},{"damage_healed":0,"gold_gain":0,"cards_transformed":["Strike_R"],"player_choice":"Transformed","damage_taken":0,"max_hp_gain":0,"max_hp_loss":0,"event_name":"Transmorgrifier","floor":4,"gold_loss":0,"cards_obtained":["Exhume"]}],"is_beta":false,"boss_relics":[],"items_purged_floors":[],"is_endless":false,"potions_floor_spawned":[5,11],"killed_by":"3 Sentries","ascension_level":16}