{"gold_per_floor":[112,28,28,28,28,69,69,69,69,69,87,118,131,154,154,154],"floor_reached":16,"playtime":1091,"items_purged":[],"score":266,"play_id":"5606057a-ac01-4b64-8645-a2e4156554cd","local_time":"20190427133224","is_ascension_mode":true,"campfire_choices":[{"data":"Zap","floor":8,"key":"SMITH"},{"data":"Coolheaded","floor":10,"key":"SMITH"},{"data":"Defragment","floor":15,"key":"SMITH"}],"neow_cost":"NONE","seed_source_timestamp":454125056967768,"circlet_count":0,"master_deck":["AscendersBane","Strike_B","Strike_B","Strike_B","Strike_B","Defend_B","Defend_B","Defend_B","Defend_B","Zap+1","Dualcast","Cold Snap","Melter","Injury","Coolheaded+1","Reinforced Body","Defragment+1","Undo"],"relics":["Cracked Core","NeowsBlessing","Golden Idol","Calipers","GremlinMask","Ornamental Fan","Bag of Marbles"],"potions_floor_usage":[12],"damage_taken":[{"damage":0,"enemies":"2 Louse","floor":1,"turns":1},{"damage":0,"enemies":"3 Sentries","floor":6,"turns":1},{"damage":0,"enemies":"Jaw Worm","floor":11,"turns":1},{"damage":4,"enemies":"Lagavulin","floor":12,"turns":7},{"damage":0,"enemies":"Cultist","floor":13,"turns":3},{"damage":6,"enemies":"Blue Slaver","floor":14,"turns":3},{"damage":56,"enemies":"Hexaghost","floor":16,"turns":12}],"seed_played":"-3626383649568646192","potions_obtained":[{"floor":11,"key":"PowerPotion"},{"floor":12,"key":"Fire Potion"}],"is_trial":false,"path_per_floor":["M","$","?","$","?","E","?","R","T","R","M","E","M","M","R","B"],"character_chosen":"DEFECT","items_purchased":["Melter"],"campfire_rested":0,"item_purchase_floors":[2],"current_hp_per_floor":[64,64,64,64,64,64,64,64,64,64,64,60,60,54,54,0],"gold":154,"neow_bonus":"THREE_ENEMY_KILL","is_prod":false,"is_daily":false,"chose_seed":false,"campfire_upgraded":3,"win_rate":0,"timestamp":1556364744,"path_taken":["M","$","?","$","?","E","?","R","T","R","M","E","?","M","R","BOSS"],"build_version":"2019-01-23","purchased_purges":0,"victory":false,"max_hp_per_floor":[71,71,71,71,71,71,71,71,71,71,71,71,71,71,71,71],"card_choices":[{"not_picked":["Steam","Leap"],"picked":"Cold Snap","floor":1},{"not_picked":["Redo","Hologram"],"picked":"Coolheaded","floor":6},{"not_picked":["BootSequence","Streamline"],"picked":"Reinforced Body","floor":11},{"not_picked":["Compile Driver","FTL"],"picked":"Defragment","floor":12},{"not_picked":["Scrape","Darkness","Reinforced Body"],"picked":"SKIP","floor":13},{"not_picked":["Hello World","Gash"],"picked":"Undo","floor":14}],"player_experience":3174242,"relics_obtained":[{"floor":6,"key":"Calipers"},{"floor":9,"key":"Ornamental Fan"},{"floor":12,"key":"Bag of Marbles"}],"event_choices":[{"damage_healed":0,"gold_gain":0,"player_choice":"Take Wound","damage_taken":0,"relics_obtained":["Golden Idol"],"max_hp_gain":0,"max_hp_loss":0,"event_name":"Golden Idol","floor":3,"gold_loss":0,"cards_obtained":["Injury"]},{"damage_healed":0,"gold_gain":0,"player_choice":"Leave","damage_taken":0,"max_hp_gain":0,"max_hp_loss":0,"event_name":"The Cleric","floor":5,"gold_loss":0},{"damage_healed":0,"gold_gain":0,"player_choice":"Trade","damage_taken":0,"relics_obtained":["GremlinMask"],"max_hp_gain":0,"max_hp_loss":0,"event_name":"FaceTrader","floor":7,"gold_loss":0}],"is_beta":false,"boss_relics":[],"items_purged_floors":[],"is_endless":false,"potions_floor_spawned":[11,12],"killed_by":"Hexaghost","ascension_level":20}