{"gold_per_floor":[117,128,147,147,164,114,2,32,57,85,85,154,167,178,178,283,283,297,297,33,33,30,30,64,64,64,78,78,105,118,136,136,231,231,242,297,316,42,52,72,84,84,84,94,109,123,134,154,154,154,154,154,5,33,33],"floor_reached":55,"playtime":5086,"items_purged":[],"score":727,"play_id":"88358e3b-6819-49cc-a53f-cae878293957","local_time":"20190510023601","is_ascension_mode":false,"campfire_choices":[{"floor":11,"key":"RECALL"},{"floor":15,"key":"REST"},{"floor":23,"key":"REST"},{"floor":25,"key":"REST"},{"data":"1","floor":32,"key":"LIFT"},{"floor":49,"key":"REST"},{"data":"2","floor":52,"key":"LIFT"}],"neow_cost":"NONE","seed_source_timestamp":1464846538700,"circlet_count":0,"master_deck":["Strike_B","Strike_B","Defend_B","Defend_B","Defend_B","Defend_B","Zap","Dualcast","Seek","Stack","Loop","Cold Snap","Gash","Defragment","Blizzard","Coolheaded","Glacier","Conserve Battery","Cold Snap","Biased Cognition","Gash","Gash","Tempest","Stack","Defragment+1","Go for the Eyes+1","FTL+1","Capacitor+1","Multi-Cast","Defragment+1","Hologram+1","Gash","Loop","Beam Cell+1","Ball Lightning","Loop","Jack Of All Trades","Violence","Chill+1","Barrage+1","Gash+1","Redo+1","Discovery","Ball Lightning+1"],"relics":["Cracked Core","Regal Pillow","DataDisk","Centennial Puzzle","Fusion Hammer","Bronze Scales","Juzu Bracelet","Meat on the Bone","Girya","Dead Branch","Inserter","Turnip","DollysMirror","The Courier","Orichalcum"],"potions_floor_usage":[5,8,18,30,33,36,36,39,44,45,50,54,54],"damage_taken":[{"damage":0,"enemies":"Cultist","floor":1,"turns":3},{"damage":1,"enemies":"Small Slimes","floor":2,"turns":3},{"damage":1,"enemies":"Jaw Worm","floor":3,"turns":4},{"damage":5,"enemies":"Exordium Thugs","floor":5,"turns":6},{"damage":15,"enemies":"3 Sentries","floor":8,"turns":7},{"damage":36,"enemies":"Gremlin Nob","floor":10,"turns":6},{"damage":0,"enemies":"Blue Slaver","floor":13,"turns":4},{"damage":0,"enemies":"2 Fungi Beasts","floor":14,"turns":3},{"damage":11,"enemies":"Hexaghost","floor":16,"turns":13},{"damage":5,"enemies":"3 Byrds","floor":18,"turns":5},{"damage":6,"enemies":"2 Thieves","floor":22,"turns":4},{"damage":6,"enemies":"Book of Stabbing","floor":24,"turns":5},{"damage":0,"enemies":"3 Cultists","floor":27,"turns":6},{"damage":14,"enemies":"Gremlin Leader","floor":29,"turns":7},{"damage":18,"enemies":"Snake Plant","floor":30,"turns":4},{"damage":13,"enemies":"Shelled Parasite and Fungi","floor":31,"turns":6},{"damage":3,"enemies":"Automaton","floor":33,"turns":12},{"damage":0,"enemies":"Orb Walker","floor":35,"turns":3},{"damage":18,"enemies":"2 Orb Walkers","floor":36,"turns":6},{"damage":3,"enemies":"3 Shapes","floor":37,"turns":4},{"damage":18,"enemies":"Maw","floor":39,"turns":6},{"damage":11,"enemies":"Spire Growth","floor":40,"turns":5},{"damage":13,"enemies":"Writhing Mass","floor":41,"turns":5},{"damage":34,"enemies":"4 Shapes","floor":44,"turns":4},{"damage":3,"enemies":"Spire Growth","floor":45,"turns":6},{"damage":2,"enemies":"Sphere and 2 Shapes","floor":46,"turns":4},{"damage":17,"enemies":"Jaw Worm Horde","floor":47,"turns":4},{"damage":0,"enemies":"Maw","floor":48,"turns":7},{"damage":47,"enemies":"Awakened One","floor":50,"turns":10},{"damage":21,"enemies":"Shield and Spear","floor":54,"turns":9},{"damage":60,"enemies":"The Heart","floor":55,"turns":5}],"seed_played":"3217914507831950527","potions_obtained":[{"floor":2,"key":"Strength Potion"},{"floor":3,"key":"SpeedPotion"},{"floor":16,"key":"Energy Potion"},{"floor":29,"key":"FearPotion"},{"floor":31,"key":"Block Potion"},{"floor":33,"key":"Energy Potion"},{"floor":35,"key":"Energy Potion"},{"floor":37,"key":"Ancient Potion"},{"floor":41,"key":"Ancient Potion"},{"floor":44,"key":"Poison Potion"},{"floor":48,"key":"GamblersBrew"}],"is_trial":false,"path_per_floor":["?","?","T","M","?","?","?","?","?"],"character_chosen":"DEFECT","items_purchased":["Defragment","Blizzard","Gash","Bronze Scales","Tempest","DollysMirror","Loop","Discovery","Swift Potion","SpeedPotion"],"campfire_rested":4,"item_purchase_floors":[7,7,20,20,20,38,38,53,53,53],"current_hp_per_floor":[75,74,73,66,61,61,61,46,46,10,10,10,10,10,47,36,75,70,56,56,56,50,80,74,80,80,80,80,66,48,47,47,44,80,80,62,59,59,41,42,41,36,36,14,23,33,28,40,79,44,80,80,80,59,0],"gold":33,"neow_bonus":"ONE_RANDOM_RARE_CARD","is_prod":false,"is_daily":false,"chose_seed":false,"campfire_upgraded":0,"win_rate":0,"timestamp":1557480961,"path_taken":["M","M","M","?","M","?","$","E","T","E","R","?","?","M","R","BOSS","M","?","$","?","M","R","E","R","T","M","?","E","M","M","R","BOSS","M","?","M","$","M","M","M","?","T","M","M","M","M","M","R","BOSS","R","$","E","BOSS"],"build_version":"2019-01-23","purchased_purges":0,"victory":false,"max_hp_per_floor":[75,75,75,75,75,75,75,75,75,75,75,75,75,75,75,75,75,75,80,80,80,80,80,80,80,80,80,80,80,80,80,80,80,80,80,80,80,80,80,80,80,80,80,80,80,80,80,80,80,80,80,80,80,80,80],"card_choices":[{"not_picked":["Sweeping Beam","Streamline"],"picked":"Stack","floor":1},{"not_picked":["Redo","FTL"],"picked":"Loop","floor":2},{"not_picked":["Ball Lightning","Turbo"],"picked":"Cold Snap","floor":3},{"not_picked":["Heatsinks","Turbo"],"picked":"Gash","floor":5},{"not_picked":["Force Field","Ball Lightning"],"picked":"Coolheaded","floor":8},{"not_picked":["Buffer","Leap"],"picked":"Glacier","floor":10},{"not_picked":["Turbo","Darkness"],"picked":"Conserve Battery","floor":13},{"not_picked":["Conserve Battery","Tempest"],"picked":"Cold Snap","floor":14},{"not_picked":["Thunder Strike","Meteor Strike"],"picked":"Biased Cognition","floor":16},{"not_picked":["Ball Lightning","Beam Cell"],"picked":"Gash","floor":18},{"not_picked":["Barrage+1","Redo"],"picked":"Stack","floor":22},{"not_picked":["Go for the Eyes","Redo"],"picked":"Defragment+1","floor":24},{"not_picked":["Barrage","Rebound"],"picked":"Go for the Eyes+1","floor":27},{"not_picked":["Darkness","Fusion+1","Barrage"],"picked":"SKIP","floor":29},{"not_picked":["Recycle","Skim+1"],"picked":"FTL+1","floor":30},{"not_picked":["Leap","Compile Driver"],"picked":"Capacitor+1","floor":31},{"not_picked":["Hyperbeam","Meteor Strike"],"picked":"Multi-Cast","floor":33},{"not_picked":["Heatsinks","White Noise"],"picked":"Defragment+1","floor":35},{"not_picked":["Steam+1","Fusion+1"],"picked":"Hologram+1","floor":37},{"not_picked":["Sweeping Beam+1","Barrage"],"picked":"Beam Cell+1","floor":39},{"not_picked":["Consume","Skim"],"picked":"Ball Lightning","floor":40},{"not_picked":["Rebound","Sweeping Beam+1"],"picked":"Loop","floor":41},{"not_picked":["Blind","Transmutation"],"picked":"Jack Of All Trades","floor":42},{"not_picked":["Good Instincts","Finesse"],"picked":"Violence","floor":42},{"not_picked":["Genetic Algorithm+1","Blizzard+1"],"picked":"Chill+1","floor":44},{"not_picked":["Streamline+1","Consume"],"picked":"Barrage+1","floor":45},{"not_picked":["Doom and Gloom+1","Go for the Eyes"],"picked":"Gash+1","floor":46},{"not_picked":["Lockon","Cold Snap"],"picked":"Redo+1","floor":47},{"not_picked":["Redo","Reprogram","Rebound+1"],"picked":"SKIP","floor":48},{"not_picked":["Rebound","Conserve Battery+1"],"picked":"Ball Lightning+1","floor":54}],"player_experience":154377,"relics_obtained":[{"floor":8,"key":"Regal Pillow"},{"floor":9,"key":"DataDisk"},{"floor":10,"key":"Centennial Puzzle"},{"floor":21,"key":"Juzu Bracelet"},{"floor":24,"key":"Meat on the Bone"},{"floor":26,"key":"Girya"},{"floor":29,"key":"Dead Branch"},{"floor":36,"key":"Turnip"},{"floor":43,"key":"The Courier"},{"floor":54,"key":"Orichalcum"}],"event_choices":[{"cards_removed":["Strike_B"],"damage_healed":0,"gold_gain":0,"player_choice":"Card Removal","damage_taken":7,"max_hp_gain":0,"max_hp_loss":0,"event_name":"Golden Wing","floor":4,"gold_loss":0},{"cards_removed":["Strike_B"],"damage_healed":0,"gold_gain":0,"player_choice":"Card Removal","damage_taken":0,"max_hp_gain":0,"max_hp_loss":0,"event_name":"The Cleric","floor":6,"gold_loss":50},{"damage_healed":0,"gold_gain":0,"player_choice":"Shed Blood","damage_taken":19,"max_hp_gain":5,"max_hp_loss":0,"event_name":"Forgotten Altar","floor":19,"gold_loss":0},{"damage_healed":0,"gold_gain":0,"player_choice":"Relic","damage_taken":0,"max_hp_gain":0,"max_hp_loss":0,"event_name":"Wheel of Change","floor":21,"gold_loss":0},{"damage_healed":0,"gold_gain":0,"player_choice":"Ignored","damage_taken":0,"max_hp_gain":0,"max_hp_loss":0,"event_name":"The Mausoleum","floor":28,"gold_loss":0},{"damage_healed":0,"gold_gain":0,"player_choice":"Fight","damage_taken":0,"max_hp_gain":0,"max_hp_loss":0,"event_name":"Mysterious Sphere","floor":36,"gold_loss":0},{"damage_healed":0,"gold_gain":0,"player_choice":"Memory 2","damage_taken":5,"max_hp_gain":0,"max_hp_loss":0,"event_name":"SensoryStone","floor":42,"gold_loss":0}],"is_beta":false,"boss_relics":[{"not_picked":["Orrery","FrozenCore"],"picked":"Fusion Hammer"},{"not_picked":["Runic Pyramid","Calling Bell"],"picked":"Inserter"}],"items_purged_floors":[],"is_endless":false,"potions_floor_spawned":[2,3,16,29,31,33,35,37,41,44,48],"killed_by":"The Heart","ascension_level":0}