{"gold_per_floor":[13,28,28,47,62,62,80,80,80,99,132,150,182,205,205,300,300,311,311,328,404,418,418,428,428,428,440,440,475,475,488,488,588,588,608,624,634,205,205],"floor_reached":39,"playtime":4033,"items_purged":[],"score":692,"play_id":"ccf3f363-f7b0-44c3-a4a9-c8074df4a501","local_time":"20190323122752","is_ascension_mode":true,"campfire_choices":[{"data":"Noxious Fumes","floor":6.0,"key":"SMITH"},{"data":"Neutralize","floor":8.0,"key":"SMITH"},{"floor":15.0,"key":"REST"},{"data":"After Image","floor":23.0,"key":"SMITH"},{"floor":28.0,"key":"REST"},{"floor":30.0,"key":"REST"},{"floor":32.0,"key":"REST"}],"neow_cost":"NO_GOLD","seed_source_timestamp":180194707220689,"circlet_count":0,"master_deck":["AscendersBane","Defend_G+1","Defend_G+1","Defend_G+1","Defend_G+1","Defend_G+1","Strike_G+1","Strike_G+1","Strike_G+1","Strike_G+1","Strike_G+1","Survivor","Neutralize+1","Dagger Throw","Dagger Spray","Backflip","Noxious Fumes+1","Blade Dance","Tools of the Trade","Footwork","Deflect","Malaise","Dodge and Roll","After Image+1","Noxious Fumes","Backflip","Dodge and Roll+1","Underhanded Strike","Dagger Throw","Backflip+1","Tactician+1","Heel Hook+1","Deadly Poison+1","Bullet Time","Slice","Blade Dance","Slice","Cloak And Dagger","Dodge and Roll+1","Noxious Fumes","Tactician"],"special_seed":0,"relics":["Ring of the Snake","Question Card","Snake Skull","Du-Vu Doll","Odd Mushroom","WristBlade","Dodecahedron","Prayer Wheel","Happy Flower","Black Star","Oddly Smooth Stone","Toolbox"],"potions_floor_usage":[39],"damage_taken":[{"damage":0.0,"enemies":"2 Louse","floor":1.0,"turns":2.0},{"damage":0.0,"enemies":"Cultist","floor":2.0,"turns":3.0},{"damage":0.0,"enemies":"Small Slimes","floor":4.0,"turns":4.0},{"damage":1.0,"enemies":"Blue Slaver","floor":5.0,"turns":5.0},{"damage":7.0,"enemies":"Exordium Thugs","floor":7.0,"turns":5.0},{"damage":6.0,"enemies":"Exordium Wildlife","floor":10.0,"turns":4.0},{"damage":12.0,"enemies":"Lagavulin","floor":11.0,"turns":7.0},{"damage":8.0,"enemies":"Lots of Slimes","floor":12.0,"turns":4.0},{"damage":26.0,"enemies":"3 Sentries","floor":13.0,"turns":7.0},{"damage":10.0,"enemies":"The Mushroom Lair","floor":14.0,"turns":3.0},{"damage":6.0,"enemies":"Hexaghost","floor":16.0,"turns":11.0},{"damage":10.0,"enemies":"Shell Parasite","floor":18.0,"turns":8.0},{"damage":15.0,"enemies":"3 Byrds","floor":20.0,"turns":5.0},{"damage":13.0,"enemies":"Snake Plant","floor":22.0,"turns":7.0},{"damage":19.0,"enemies":"3 Cultists","floor":24.0,"turns":7.0},{"damage":10.0,"enemies":"Centurion and Healer","floor":27.0,"turns":6.0},{"damage":9.0,"enemies":"Book of Stabbing","floor":29.0,"turns":9.0},{"damage":9.0,"enemies":"Sentry and Sphere","floor":31.0,"turns":8.0},{"damage":39.0,"enemies":"Champ","floor":33.0,"turns":13.0},{"damage":24.0,"enemies":"3 Darklings","floor":35.0,"turns":6.0},{"damage":4.0,"enemies":"Orb Walker","floor":36.0,"turns":4.0},{"damage":20.0,"enemies":"Jaw Worm Horde","floor":37.0,"turns":5.0},{"damage":31,"enemies":"Spire Growth","floor":39,"turns":4}],"seed_played":"6955795474665255505","potions_obtained":[{"floor":2.0,"key":"Weak Potion"},{"floor":3.0,"key":"AttackPotion"},{"floor":12.0,"key":"Weak Potion"},{"floor":13.0,"key":"Ancient Potion"},{"floor":16.0,"key":"FearPotion"},{"floor":27.0,"key":"Swift Potion"},{"floor":31.0,"key":"Explosive Potion"},{"floor":36.0,"key":"Weak Potion"}],"is_trial":false,"path_per_floor":["M","M","?","M","M","R","M","R","T","M","E","M","E","?","R","B",null,"M","?","M","T","M","R","M","?","T","M","R","E","R","M","R","B",null,"M","M","M","$","M"],"character_chosen":"THE_SILENT","items_purchased":["Oddly Smooth Stone","Tactician","Energy Potion","Toolbox"],"campfire_rested":4,"item_purchase_floors":[38,38,38,38],"current_hp_per_floor":[77,77,77,77,76,76,69,69,69,63,51,43,17,7,32,26,70,60,60,45,45,32,32,13,13,13,3,28,19,44,35,60,21,68,44,40,20,20,0],"gold":205,"neow_bonus":"TWENTY_PERCENT_HP_BONUS","is_prod":false,"is_daily":false,"chose_seed":false,"campfire_upgraded":3,"win_rate":0,"timestamp":1553369272,"path_taken":["M","M","?","M","M","R","?","R","T","M","E","M","E","?","R","BOSS","M","?","M","?","M","R","M","?","T","?","R","E","R","M","R","BOSS","M","?","M","$","M"],"build_version":"2019-01-23","purchased_purges":0,"victory":false,"max_hp_per_floor":[84,84,84,84,84,84,84,84,84,84,84,84,84,84,84,84,84,84,84,84,84,84,84,84,84,84,84,84,84,84,84,84,84,84,84,84,84,84,84],"card_choices":[{"not_picked":["Choke","Reflex"],"picked":"Dagger Throw","floor":1.0},{"not_picked":["Slice","Flying Knee"],"picked":"Dagger Spray","floor":2.0},{"not_picked":["Blade Dance","Dagger Throw"],"picked":"Backflip","floor":4.0},{"not_picked":["Cloak And Dagger","Prepared"],"picked":"Noxious Fumes","floor":5.0},{"not_picked":["Outmaneuver","Skewer"],"picked":"Blade Dance","floor":7.0},{"not_picked":["Reflex","Flying Knee","Predator"],"picked":"Tools of the Trade","floor":10.0},{"not_picked":["Dagger Spray","Choke","Sucker Punch"],"picked":"Footwork","floor":11.0},{"not_picked":["Flechettes","Sucker Punch","Blade Dance"],"picked":"Deflect","floor":12.0},{"not_picked":["Calculated Gamble","All Out Attack","Deadly Poison"],"picked":"Malaise","floor":13.0},{"not_picked":["Flying Knee","Blade Dance","Acrobatics"],"picked":"Dodge and Roll","floor":14.0},{"not_picked":["A Thousand Cuts","Malaise","Glass Knife"],"picked":"After Image","floor":16.0},{"not_picked":["Bane","Dagger Throw","Quick Slash"],"picked":"Noxious Fumes","floor":18.0},{"not_picked":["PiercingWail","Bouncing Flask","Predator"],"picked":"Backflip","floor":20.0},{"not_picked":["Blur","Cloak And Dagger","Acrobatics"],"picked":"Dodge and Roll+1","floor":22.0},{"not_picked":["Skewer","Well Laid Plans","PiercingWail"],"picked":"Underhanded Strike","floor":24.0},{"not_picked":["Quick Slash","Distraction","Finisher"],"picked":"Dagger Throw","floor":27.0},{"not_picked":["Dagger Throw+1","Dodge and Roll","Cloak And Dagger"],"picked":"Backflip+1","floor":27.0},{"not_picked":["Calculated Gamble","Well Laid Plans","Corpse Explosion"],"picked":"Tactician+1","floor":29.0},{"not_picked":["Sucker Punch","Deadly Poison","Dodge and Roll"],"picked":"Heel Hook+1","floor":31.0},{"not_picked":["Dagger Spray","Flying Knee","PiercingWail"],"picked":"Deadly Poison+1","floor":31.0},{"not_picked":["Grand Finale","Storm of Steel","Die Die Die"],"picked":"Bullet Time","floor":33.0},{"not_picked":["Blade Dance","Sucker Punch+1","Prepared"],"picked":"Slice","floor":35.0},{"not_picked":["Acrobatics","Calculated Gamble","PiercingWail"],"picked":"Blade Dance","floor":35.0},{"not_picked":["Prepared","Quick Slash","Flying Knee+1"],"picked":"Slice","floor":36.0},{"not_picked":["Deadly Poison","Backflip","Flying Knee"],"picked":"Cloak And Dagger","floor":36.0},{"not_picked":["Prepared","Bouncing Flask+1","Eviscerate"],"picked":"Dodge and Roll+1","floor":37.0},{"not_picked":["Caltrops","Bouncing Flask","Prepared"],"picked":"Noxious Fumes","floor":37.0}],"player_experience":522515,"relics_obtained":[{"floor":9.0,"key":"Question Card"},{"floor":11.0,"key":"Snake Skull"},{"floor":13.0,"key":"Du-Vu Doll"},{"floor":14.0,"key":"Odd Mushroom"},{"floor":21.0,"key":"Dodecahedron"},{"floor":26.0,"key":"Prayer Wheel"},{"floor":29.0,"key":"Happy Flower"}],"event_choices":[{"damage_healed":0.0,"max_hp_gain":0.0,"max_hp_loss":0.0,"gold_gain":0.0,"event_name":"Lab","player_choice":"Got Potions","floor":3.0,"gold_loss":0.0,"damage_taken":0.0},{"damage_healed":0.0,"max_hp_gain":0.0,"max_hp_loss":0.0,"gold_gain":0.0,"event_name":"Mushrooms","player_choice":"Fought Mushrooms","floor":14.0,"gold_loss":0.0,"damage_taken":0.0},{"damage_healed":0.0,"max_hp_gain":0.0,"max_hp_loss":0.0,"gold_gain":0.0,"event_name":"Vampires","player_choice":"Ignored","floor":19.0,"gold_loss":0.0,"damage_taken":0.0},{"damage_healed":0.0,"max_hp_gain":0.0,"max_hp_loss":0.0,"gold_gain":0.0,"event_name":"Back to Basics","player_choice":"Simplicity","floor":25.0,"gold_loss":0.0,"damage_taken":0.0,"cards_upgraded":["Defend_G","Defend_G","Defend_G","Defend_G","Defend_G","Strike_G","Strike_G","Strike_G","Strike_G","Strike_G"]}],"is_beta":false,"boss_relics":[{"not_picked":["Snecko Eye","Orrery"],"picked":"WristBlade"},{"not_picked":["Lizard Tail","Pandora\u0027s Box"],"picked":"Black Star"}],"items_purged_floors":[],"is_endless":false,"potions_floor_spawned":[2,4,12,13,16,22,27,31,36],"killed_by":"Spire Growth","ascension_level":12}