{"gold_per_floor":[116,130,140,140,140,140,113,113,113,113,135,165,77,88,88,193,193,180,190,190,215,48,48,48,48,102,26,39,39,39,58,58,58],"floor_reached":33,"playtime":2833,"items_purged":[],"score":291,"play_id":"dd0006d7-a5e9-4334-9695-a70cf599cf4e","local_time":"20190421004123","is_ascension_mode":false,"campfire_choices":[{"data":"Dualcast","floor":6,"key":"SMITH"},{"data":"Coolheaded","floor":8,"key":"SMITH"},{"data":"Zap","floor":10,"key":"SMITH"},{"floor":15,"key":"REST"},{"floor":23,"key":"REST"},{"floor":25,"key":"REST"},{"data":"Creative AI","floor":29,"key":"SMITH"},{"floor":32,"key":"REST"}],"neow_cost":"NONE","seed_source_timestamp":169836534576800,"circlet_count":0,"master_deck":["Strike_B","Strike_B","Strike_B","Strike_B","Defend_B","Defend_B","Defend_B","Defend_B","Zap+1","Dualcast+1","Coolheaded+1","Melter","Sweeping Beam","Machine Learning","Conserve Battery","Loop","Reprogram","Steam","All For One","Steam","Sweeping Beam","Ball Lightning","Conserve Battery","Hello World","Lockon","Fusion","Creative AI+1","Stack","Double Energy","Ball Lightning","BootSequence","Ball Lightning","Steam","Steam","Cold Snap+1"],"relics":["Cracked Core","Sundial","Prayer Wheel","Odd Mushroom","Shuriken","Orrery","Red Mask","Regal Pillow","PreservedInsect"],"potions_floor_usage":[12,16,21,21,28],"damage_taken":[{"damage":1,"enemies":"Cultist","floor":1,"turns":4},{"damage":0,"enemies":"2 Louse","floor":2,"turns":4},{"damage":0,"enemies":"Small Slimes","floor":3,"turns":2},{"damage":8,"enemies":"The Mushroom Lair","floor":11,"turns":4},{"damage":32,"enemies":"Lagavulin","floor":12,"turns":5},{"damage":3,"enemies":"Looter","floor":14,"turns":4},{"damage":16,"enemies":"The Guardian","floor":16,"turns":13},{"damage":15,"enemies":"2 Thieves","floor":18,"turns":4},{"damage":0,"enemies":"Spheric Guardian","floor":19,"turns":2},{"damage":58,"enemies":"Masked Bandits","floor":21,"turns":4},{"damage":28,"enemies":"Cultist and Chosen","floor":28,"turns":7},{"damage":48,"enemies":"Shelled Parasite and Fungi","floor":31,"turns":8},{"damage":64,"enemies":"Collector","floor":33,"turns":5}],"seed_played":"-6577476916393977081","potions_obtained":[{"floor":2,"key":"Strength Potion"},{"floor":14,"key":"SkillPotion"},{"floor":16,"key":"Energy Potion"},{"floor":28,"key":"GamblersBrew"}],"is_trial":false,"path_per_floor":["M","?","?","?","?","$","?","?","$","?","T"],"character_chosen":"DEFECT","items_purchased":["Loop","Energy Potion","Double Energy","Weak Potion","Ball Lightning","BootSequence"],"campfire_rested":4,"item_purchase_floors":[13,13,22,22,22,27],"current_hp_per_floor":[81,81,81,78,78,78,78,78,78,78,70,38,38,35,59,43,82,67,67,67,9,9,33,60,82,82,82,54,54,54,6,45,0],"gold":58,"neow_bonus":"TEN_PERCENT_HP_BONUS","is_prod":false,"is_daily":false,"chose_seed":false,"campfire_upgraded":4,"win_rate":0.0,"timestamp":1555832483,"path_taken":["M","M","?","?","?","R","?","R","T","R","?","E","?","M","R","BOSS","M","M","?","?","?","R","?","R","T","$","M","R","?","M","R","BOSS"],"build_version":"2019-01-23","purchased_purges":0,"victory":false,"max_hp_per_floor":[82,82,82,82,82,82,82,82,82,82,82,82,82,82,82,82,82,82,82,82,82,82,82,82,82,82,82,82,82,82,82,82,82],"card_choices":[{"not_picked":["Redo","Barrage"],"picked":"Coolheaded","floor":1},{"not_picked":["Streamline","Hologram"],"picked":"Melter","floor":2},{"not_picked":["Stack","BootSequence"],"picked":"Sweeping Beam","floor":3},{"not_picked":["Tempest","Stack"],"picked":"Machine Learning","floor":11},{"not_picked":["Streamline","Leap"],"picked":"Conserve Battery","floor":12},{"not_picked":["Stack","Streamline"],"picked":"Reprogram","floor":14},{"not_picked":["Streamline","Blizzard"],"picked":"Steam","floor":14},{"not_picked":["Creative AI","Buffer"],"picked":"All For One","floor":16},{"not_picked":["Consume","Chill"],"picked":"Steam","floor":17},{"not_picked":["BootSequence","Defragment"],"picked":"Sweeping Beam","floor":17},{"not_picked":["Beam Cell","Leap"],"picked":"Ball Lightning","floor":17},{"not_picked":["Streamline","Stack"],"picked":"Conserve Battery","floor":17},{"not_picked":["Leap","Go for the Eyes"],"picked":"Hello World","floor":17},{"not_picked":["Compile Driver","Stack+1"],"picked":"Lockon","floor":18},{"not_picked":["Hologram+1","Leap+1","Stack+1"],"picked":"SKIP","floor":18},{"not_picked":["Darkness","Skim"],"picked":"Fusion","floor":19},{"not_picked":["Consume","Coolheaded+1"],"picked":"Creative AI","floor":19},{"not_picked":["Cold Snap","Barrage"],"picked":"Stack","floor":21},{"not_picked":["Aggregate","Gash"],"picked":"Ball Lightning","floor":28},{"not_picked":["Compile Driver+1","Chaos+1"],"picked":"Steam","floor":28},{"not_picked":["Amplify","Conserve Battery+1"],"picked":"Steam","floor":31},{"not_picked":["Reinforced Body+1","Sweeping Beam"],"picked":"Cold Snap+1","floor":31}],"player_experience":32980,"relics_obtained":[{"floor":9,"key":"Prayer Wheel"},{"floor":11,"key":"Odd Mushroom"},{"floor":12,"key":"Shuriken"},{"floor":21,"key":"Red Mask"},{"floor":26,"key":"Regal Pillow"},{"floor":30,"key":"PreservedInsect"}],"event_choices":[{"damage_healed":0,"gold_gain":0,"player_choice":"Success","damage_taken":3,"relics_obtained":["Sundial"],"max_hp_gain":0,"max_hp_loss":0,"event_name":"Scrap Ooze","floor":4,"gold_loss":0},{"damage_healed":0,"gold_gain":0,"player_choice":"Leave","damage_taken":0,"max_hp_gain":0,"max_hp_loss":0,"event_name":"The Cleric","floor":5,"gold_loss":0},{"damage_healed":0,"gold_gain":0,"player_choice":"Left Gold","damage_taken":0,"max_hp_gain":0,"max_hp_loss":0,"event_name":"World of Goop","floor":7,"gold_loss":27},{"damage_healed":0,"gold_gain":0,"player_choice":"Fought Mushrooms","damage_taken":0,"max_hp_gain":0,"max_hp_loss":0,"event_name":"Mushrooms","floor":11,"gold_loss":0},{"damage_healed":0,"gold_gain":0,"player_choice":"Ignored","damage_taken":0,"max_hp_gain":0,"max_hp_loss":0,"event_name":"The Mausoleum","floor":20,"gold_loss":0},{"damage_healed":0,"gold_gain":0,"player_choice":"Fought Bandits","damage_taken":0,"max_hp_gain":0,"max_hp_loss":0,"event_name":"Masked Bandits","floor":21,"gold_loss":0},{"damage_healed":27,"gold_gain":0,"player_choice":"Heal","damage_taken":0,"max_hp_gain":0,"max_hp_loss":0,"event_name":"The Library","floor":24,"gold_loss":0}],"is_beta":false,"boss_relics":[{"not_picked":["White Beast Statue","Runic Dome"],"picked":"Orrery"}],"items_purged_floors":[],"is_endless":false,"potions_floor_spawned":[2,14,16,28],"killed_by":"Collector","ascension_level":0}