{"gold_per_floor":[16,16,26,43,53,81,81,101,101,101,101,126,126,151,151,151],"floor_reached":16,"playtime":523,"items_purged":[],"score":128,"play_id":"f2830c8c-7bb4-41de-a691-486153528b2b","local_time":"20190428122235","is_ascension_mode":true,"campfire_choices":[{"data":"Dagger Spray","floor":7,"key":"SMITH"},{"floor":13,"key":"REST"},{"data":"Neutralize","floor":15,"key":"SMITH"}],"neow_cost":"NO_GOLD","seed_source_timestamp":179824150209125,"circlet_count":0,"master_deck":["Defend_G","Defend_G","Defend_G","Defend_G","Defend_G","Strike_G+1","Strike_G","Strike_G","Survivor","Neutralize+1","Deadly Poison","Heel Hook","Dagger Spray+1","Dagger Throw","Grand Finale+1"],"relics":["Ring of the Snake","FossilizedHelix","The Courier","Sundial","Golden Idol","Whetstone"],"potions_floor_usage":[12],"damage_taken":[{"damage":0,"enemies":"Jaw Worm","floor":1,"turns":4},{"damage":0,"enemies":"Cultist","floor":3,"turns":3},{"damage":0,"enemies":"Small Slimes","floor":4,"turns":3},{"damage":0,"enemies":"Looter","floor":5,"turns":5},{"damage":25,"enemies":"3 Sentries","floor":6,"turns":8},{"damage":0,"enemies":"Large Slime","floor":8,"turns":3},{"damage":0,"enemies":"Lots of Slimes","floor":12,"turns":2},{"damage":49,"enemies":"Slime Boss","floor":16,"turns":8}],"seed_played":"-9180902601900269180","potions_obtained":[{"floor":3,"key":"EssenceOfSteel"},{"floor":4,"key":"Strength Potion"},{"floor":12,"key":"Poison Potion"}],"is_trial":false,"path_per_floor":["?","M","?","?","T"],"character_chosen":"THE_SILENT","items_purchased":[],"campfire_rested":1,"item_purchase_floors":[],"current_hp_per_floor":[70,70,70,70,70,45,45,45,45,28,28,28,49,49,49,0],"gold":151,"neow_bonus":"ONE_RARE_RELIC","is_prod":false,"is_daily":false,"chose_seed":false,"campfire_upgraded":2,"win_rate":0,"timestamp":1556446955,"path_taken":["M","?","M","M","M","E","R","?","T","?","?","M","R","?","R","BOSS"],"build_version":"2019-01-23","purchased_purges":0,"victory":false,"max_hp_per_floor":[70,70,70,70,70,70,70,70,70,70,70,70,70,70,70,70],"card_choices":[{"not_picked":["Poisoned Stab","Slice"],"picked":"Deadly Poison","floor":1},{"not_picked":["Concentrate","Underhanded Strike"],"picked":"Heel Hook","floor":3},{"not_picked":["Quick Slash","Poisoned Stab"],"picked":"Dagger Spray","floor":4},{"not_picked":["Quick Slash","Accuracy"],"picked":"Dagger Throw","floor":5},{"not_picked":["Unload","Acrobatics"],"picked":"Grand Finale","floor":6},{"not_picked":["Choke","Outmaneuver","Cloak And Dagger"],"picked":"SKIP","floor":8},{"not_picked":["Masterful Stab","All Out Attack","Underhanded Strike"],"picked":"SKIP","floor":12}],"player_experience":175719,"relics_obtained":[{"floor":6,"key":"The Courier"},{"floor":9,"key":"Sundial"},{"floor":14,"key":"Whetstone"}],"event_choices":[{"cards_removed":["Strike_G"],"damage_healed":0,"gold_gain":0,"player_choice":"Offered Basic","damage_taken":0,"max_hp_gain":0,"max_hp_loss":0,"event_name":"Bonfire Elementals","floor":2,"gold_loss":0},{"damage_healed":0,"gold_gain":0,"player_choice":"Take Damage","damage_taken":17,"relics_obtained":["Golden Idol"],"max_hp_gain":0,"max_hp_loss":0,"event_name":"Golden Idol","floor":10,"gold_loss":0},{"cards_removed":["Strike_G"],"damage_healed":0,"gold_gain":0,"player_choice":"Forget","damage_taken":0,"max_hp_gain":0,"max_hp_loss":0,"event_name":"Living Wall","floor":11,"gold_loss":0}],"is_beta":false,"boss_relics":[],"items_purged_floors":[],"is_endless":false,"potions_floor_spawned":[3,4,12],"killed_by":"Slime Boss","ascension_level":5}