{"gold_per_floor":[117,132,150,168,181,181,207,207,234,234,284,311,324,344,344,344],"floor_reached":16,"playtime":1087,"items_purged":[],"score":182,"play_id":"134816fe-cf7f-48e7-9b94-9e36ae728567","local_time":"20190427170338","is_ascension_mode":true,"campfire_choices":[{"data":"Body Slam","floor":6.0,"key":"SMITH"},{"data":"Metallicize","floor":8.0,"key":"SMITH"},{"data":"Shrug It Off","floor":10.0,"key":"SMITH"},{"floor":15,"key":"REST"}],"neow_cost":"PERCENT_DAMAGE","seed_source_timestamp":46799492203740,"circlet_count":0,"master_deck":["AscendersBane","Strike_R","Strike_R","Strike_R","Strike_R","Defend_R","Defend_R","Defend_R","Bash","Shrug It Off+1","Rampage","Body Slam+1","Seeing Red","Metallicize+1","Heavy Blade","Offering","Armaments","Armaments"],"special_seed":0,"relics":["Burning Blood","Odd Mushroom","Bag of Marbles","Art of War"],"potions_floor_usage":[14],"damage_taken":[{"damage":2.0,"enemies":"Jaw Worm","floor":1.0,"turns":4.0},{"damage":4.0,"enemies":"Small Slimes","floor":2.0,"turns":4.0},{"damage":1.0,"enemies":"Cultist","floor":3.0,"turns":3.0},{"damage":16.0,"enemies":"Blue Slaver","floor":4.0,"turns":5.0},{"damage":8.0,"enemies":"2 Fungi Beasts","floor":5.0,"turns":3.0},{"damage":6.0,"enemies":"The Mushroom Lair","floor":7.0,"turns":4.0},{"damage":36.0,"enemies":"Lagavulin","floor":12.0,"turns":10.0},{"damage":19.0,"enemies":"Exordium Thugs","floor":13.0,"turns":4.0},{"damage":9,"enemies":"Lots of Slimes","floor":14,"turns":4},{"damage":31,"enemies":"The Guardian","floor":16,"turns":8}],"seed_played":"-1778182041134591124","potions_obtained":[{"floor":3.0,"key":"Regen Potion"},{"floor":5.0,"key":"GamblersBrew"},{"floor":7.0,"key":"Ancient Potion"}],"is_trial":false,"path_per_floor":["M","M","M","M","M","R","?","R","T","R","?","E","M","M","R","B"],"character_chosen":"IRONCLAD","items_purchased":[],"campfire_rested":1,"item_purchase_floors":[],"current_hp_per_floor":[54,56,61,51,49,49,61,61,61,61,54,24,11,8,30,0],"gold":344,"neow_bonus":"REMOVE_TWO","is_prod":false,"is_daily":false,"chose_seed":false,"campfire_upgraded":3,"win_rate":0,"timestamp":1556409818,"path_taken":["M","M","M","M","M","R","?","R","T","R","?","E","M","?","R","BOSS"],"build_version":"2019-01-23","purchased_purges":0,"victory":false,"max_hp_per_floor":[75,75,75,75,75,75,75,75,75,75,75,75,75,75,75,75],"card_choices":[{"not_picked":["Clothesline","Headbutt"],"picked":"Shrug It Off","floor":1.0},{"not_picked":["Pommel Strike","Rupture"],"picked":"Rampage","floor":2.0},{"not_picked":["Flex","Thunderclap"],"picked":"Body Slam","floor":3.0},{"not_picked":["Intimidate","Bloodletting"],"picked":"Seeing Red","floor":4.0},{"not_picked":["Headbutt","Clothesline"],"picked":"Metallicize","floor":5.0},{"not_picked":["Disarm","Perfected Strike"],"picked":"Heavy Blade","floor":7.0},{"not_picked":["Ghostly Armor","Wild Strike"],"picked":"Offering","floor":12.0},{"not_picked":["Entrench","Anger"],"picked":"Armaments","floor":13.0},{"not_picked":["True Grit","Bloodletting"],"picked":"Armaments","floor":14}],"player_experience":597773,"relics_obtained":[{"floor":7.0,"key":"Odd Mushroom"},{"floor":9.0,"key":"Bag of Marbles"},{"floor":12.0,"key":"Art of War"}],"event_choices":[{"damage_healed":0.0,"max_hp_gain":0.0,"max_hp_loss":0.0,"gold_gain":0.0,"event_name":"Mushrooms","player_choice":"Fought Mushrooms","floor":7.0,"gold_loss":0.0,"damage_taken":0.0},{"damage_healed":0.0,"max_hp_gain":0.0,"max_hp_loss":0.0,"gold_gain":50.0,"event_name":"FaceTrader","player_choice":"Touch","floor":11.0,"gold_loss":0.0,"damage_taken":7.0}],"is_beta":false,"boss_relics":[],"items_purged_floors":[],"is_endless":false,"potions_floor_spawned":[3,5,7],"killed_by":"The Guardian","ascension_level":15}