{"gold_per_floor":[113,59,59,71,71,71,98,98,125,154,169,169,179,154,154,249,249,262,262,262,262,46,72,72,72],"floor_reached":25,"playtime":945,"items_purged":["Strike_G"],"score":306,"play_id":"1cfebad0-4316-4924-8f47-d197a27158f2","local_time":"20190507075455","is_ascension_mode":true,"campfire_choices":[{"data":"Neutralize","floor":6.0,"key":"SMITH"},{"floor":8.0,"key":"REST"},{"floor":15.0,"key":"REST"},{"data":"Strike_G","floor":24,"key":"PURGE"}],"neow_cost":"NONE","seed_source_timestamp":940851500765890,"circlet_count":0,"master_deck":["Defend_G","Defend_G","Defend_G","Defend_G","Strike_G","Strike_G","Survivor","Neutralize+1","Backflip","Finisher","Backstab","Choke","Tactician","Die Die Die","Heel Hook","Swift Strike"],"special_seed":0,"relics":["Ring of the Snake","Juzu Bracelet","Boot","Meat on the Bone","Smiling Mask","Runic Pyramid","Peace Pipe"],"potions_floor_usage":[16,20,23],"damage_taken":[{"damage":0.0,"enemies":"Cultist","floor":1.0,"turns":4.0},{"damage":4.0,"enemies":"Jaw Worm","floor":4.0,"turns":4.0},{"damage":33.0,"enemies":"Lagavulin","floor":7.0,"turns":6.0},{"damage":22.0,"enemies":"3 Sentries","floor":10.0,"turns":9.0},{"damage":0.0,"enemies":"Small Slimes","floor":11.0,"turns":2.0},{"damage":0.0,"enemies":"2 Fungi Beasts","floor":13.0,"turns":2.0},{"damage":45,"enemies":"The Guardian","floor":16,"turns":13},{"damage":0,"enemies":"3 Byrds","floor":18,"turns":4},{"damage":0,"enemies":"Spheric Guardian","floor":20,"turns":3},{"damage":23,"enemies":"Slavers","floor":23,"turns":5},{"damage":37,"enemies":"Book of Stabbing","floor":25,"turns":6}],"seed_played":"3666084437151086027","potions_obtained":[{"floor":4.0,"key":"SmokeBomb"},{"floor":11.0,"key":"Explosive Potion"},{"floor":13.0,"key":"Strength Potion"},{"floor":16,"key":"Poison Potion"}],"is_trial":false,"path_per_floor":["?","?","?","?","?"],"character_chosen":"THE_SILENT","items_purchased":["Backflip","Heel Hook","Swift Strike"],"campfire_rested":2,"item_purchase_floors":[2,22,22],"current_hp_per_floor":[63,63,56,52,52,52,19,40,40,18,30,23,35,35,56,23,58,58,45,45,45,45,34,34,0],"gold":72,"neow_bonus":"REMOVE_CARD","is_prod":false,"is_daily":false,"chose_seed":false,"campfire_upgraded":1,"win_rate":0,"timestamp":1557208495,"path_taken":["M","$","?","M","$","R","E","R","T","E","M","?","M","?","R","BOSS","M","?","M","?","$","E","R","E"],"build_version":"2019-01-23","purchased_purges":1,"victory":false,"max_hp_per_floor":[70,70,70,70,70,70,70,70,70,70,70,70,70,70,70,70,70,70,75,75,75,75,75,75,75],"card_choices":[{"not_picked":["Slice","Quick Slash","Dagger Spray"],"picked":"SKIP","floor":1.0},{"not_picked":["Flying Knee","Bane"],"picked":"Finisher","floor":4.0},{"not_picked":["Dagger Throw","Slice"],"picked":"Backstab","floor":7.0},{"not_picked":["Slice","Dodge and Roll"],"picked":"Choke","floor":10.0},{"not_picked":["Endless Agony","Deadly Poison"],"picked":"Tactician","floor":11.0},{"not_picked":["Endless Agony","Sucker Punch","Outmaneuver"],"picked":"SKIP","floor":13.0},{"not_picked":["Unload","Night Terror"],"picked":"Die Die Die","floor":16},{"not_picked":["Cloak And Dagger","Predator","Dodge and Roll"],"picked":"SKIP","floor":18},{"not_picked":["Outmaneuver","Dash+1","Masterful Stab+1"],"picked":"SKIP","floor":23}],"player_experience":242778,"relics_obtained":[{"floor":7.0,"key":"Juzu Bracelet"},{"floor":9.0,"key":"Boot"},{"floor":10.0,"key":"Meat on the Bone"},{"floor":23,"key":"Peace Pipe"}],"event_choices":[{"cards_removed":["Defend_G"],"damage_healed":0.0,"max_hp_gain":0.0,"max_hp_loss":0.0,"gold_gain":0.0,"event_name":"Golden Wing","player_choice":"Card Removal","floor":3.0,"gold_loss":0.0,"damage_taken":7.0},{"damage_healed":0.0,"max_hp_gain":0.0,"max_hp_loss":0.0,"gold_gain":0.0,"event_name":"Scrap Ooze","player_choice":"Success","floor":12.0,"gold_loss":0.0,"damage_taken":7.0,"relics_obtained":["Smiling Mask"]},{"damage_healed":0.0,"max_hp_gain":0.0,"max_hp_loss":0.0,"gold_gain":0.0,"event_name":"World of Goop","player_choice":"Left Gold","floor":14.0,"gold_loss":25.0,"damage_taken":0.0},{"damage_healed":0,"gold_gain":0,"player_choice":"Shed Blood","damage_taken":18,"max_hp_gain":5,"max_hp_loss":0,"event_name":"Forgotten Altar","floor":19,"gold_loss":0},{"damage_healed":0,"gold_gain":0,"player_choice":"Ignored","damage_taken":0,"max_hp_gain":0,"max_hp_loss":0,"event_name":"Cursed Tome","floor":21,"gold_loss":0}],"is_beta":false,"boss_relics":[{"not_picked":["Coffee Dripper","Busted Crown"],"picked":"Runic Pyramid"}],"items_purged_floors":[22],"is_endless":false,"potions_floor_spawned":[4,11,13,16,20],"killed_by":"Book of Stabbing","ascension_level":7}