{"gold_per_floor":[117,46,65,65,85,115,138,184,196,53,53,73,99,114,114,214,214,230,240,257,81,91,91,105,136,136,153,171,171,86,120,120,222,222,239,239,258,269,279,314,324,352,352,227,247,282,282,301,301,301],"floor_reached":51,"playtime":2922,"items_purged":["Strike_B","Strike_B","Doubt"],"score":1101,"play_id":"177bf908-59d2-4795-8013-fc5443b6780c","local_time":"20190420102720","is_ascension_mode":true,"campfire_choices":[{"data":"Hologram","floor":11.0,"key":"SMITH"},{"data":"Coolheaded","floor":15.0,"key":"SMITH"},{"data":"Fission","floor":23.0,"key":"SMITH"},{"data":"Scrape","floor":29.0,"key":"SMITH"},{"data":"Zap","floor":32.0,"key":"SMITH"},{"data":"Machine Learning","floor":47,"key":"SMITH"},{"data":"Seek","floor":49,"key":"SMITH"}],"neow_cost":"NONE","seed_source_timestamp":535884295114386,"circlet_count":0,"master_deck":["Strike_B","Strike_B","Defend_B","Defend_B","Defend_B","Defend_B","Zap+1","Dualcast","Hologram+1","Hologram+1","Gash","Leap","Coolheaded+1","Seek+1","Gash","All For One","Steam","All For One","Beam Cell","Fission+1","Gash","Coolheaded+1","Scrape+1","Chill+1","Go for the Eyes+1","Self Repair+1","Machine Learning+1","Gash+1"],"special_seed":0,"relics":["Cracked Core","MawBank","Ornamental Fan","Meat on the Bone","Blue Candle","Cursed Key","Happy Flower","Oddly Smooth Stone","Emotion Chip","Inserter","Mercury Hourglass","Frozen Egg 2","Molten Egg 2"],"potions_floor_usage":[50],"damage_taken":[{"damage":10.0,"enemies":"Small Slimes","floor":1.0,"turns":3.0},{"damage":1.0,"enemies":"Cultist","floor":3.0,"turns":3.0},{"damage":0.0,"enemies":"Jaw Worm","floor":5.0,"turns":3.0},{"damage":16.0,"enemies":"Lagavulin","floor":6.0,"turns":9.0},{"damage":5.0,"enemies":"3 Louse","floor":7.0,"turns":3.0},{"damage":25.0,"enemies":"Gremlin Nob","floor":8.0,"turns":4.0},{"damage":14.0,"enemies":"Lots of Slimes","floor":12.0,"turns":3.0},{"damage":0.0,"enemies":"3 Sentries","floor":13.0,"turns":7.0},{"damage":2.0,"enemies":"Blue Slaver","floor":14.0,"turns":3.0},{"damage":0.0,"enemies":"Slime Boss","floor":16.0,"turns":5.0},{"damage":31.0,"enemies":"3 Byrds","floor":18.0,"turns":8.0},{"damage":3.0,"enemies":"Shell Parasite","floor":19.0,"turns":3.0},{"damage":0.0,"enemies":"3 Cultists","floor":20.0,"turns":3.0},{"damage":8.0,"enemies":"Snake Plant","floor":22.0,"turns":3.0},{"damage":0.0,"enemies":"Cultist and Chosen","floor":24.0,"turns":3.0},{"damage":0.0,"enemies":"Book of Stabbing","floor":25.0,"turns":3.0},{"damage":0.0,"enemies":"Snecko","floor":27.0,"turns":4.0},{"damage":15.0,"enemies":"Shelled Parasite and Fungi","floor":28.0,"turns":5.0},{"damage":11.0,"enemies":"Slavers","floor":31.0,"turns":6.0},{"damage":0.0,"enemies":"Champ","floor":33.0,"turns":5.0},{"damage":18.0,"enemies":"3 Darklings","floor":35.0,"turns":3.0},{"damage":14.0,"enemies":"Orb Walker","floor":37.0,"turns":3.0},{"damage":0.0,"enemies":"3 Darklings","floor":38.0,"turns":3.0},{"damage":10.0,"enemies":"Transient","floor":39.0,"turns":5.0},{"damage":0.0,"enemies":"Giant Head","floor":40.0,"turns":5.0},{"damage":13.0,"enemies":"Maw","floor":41.0,"turns":7.0},{"damage":2.0,"enemies":"Reptomancer","floor":42.0,"turns":4.0},{"damage":4.0,"enemies":"Sphere and 2 Shapes","floor":45.0,"turns":4.0},{"damage":0,"enemies":"Nemesis","floor":46,"turns":5},{"damage":2,"enemies":"3 Darklings","floor":48,"turns":4},{"damage":33,"enemies":"Awakened One","floor":50,"turns":5}],"seed_played":"7052020759401465250","potions_obtained":[{"floor":3.0,"key":"EntropicBrew"},{"floor":6.0,"key":"FairyPotion"},{"floor":7.0,"key":"AttackPotion"},{"floor":12.0,"key":"Strength Potion"},{"floor":14.0,"key":"SpeedPotion"},{"floor":20.0,"key":"Ancient Potion"},{"floor":33.0,"key":"Poison Potion"},{"floor":37.0,"key":"Swift Potion"},{"floor":41.0,"key":"SmokeBomb"},{"floor":42.0,"key":"SmokeBomb"},{"floor":48,"key":"AttackPotion"}],"is_trial":false,"path_per_floor":["?","M","?","?","M"],"character_chosen":"DEFECT","items_purchased":["Hologram","Gash","All For One","Scrape"],"campfire_rested":0,"item_purchase_floors":[2,2,10,21],"current_hp_per_floor":[72,72,71,71,71,55,50,25,25,25,25,23,35,45,45,45,82,51,48,48,48,52,52,52,52,52,52,49,49,49,50,50,50,82,64,56,42,42,44,44,53,61,61,61,67,77,77,82,82,59],"gold":301,"neow_bonus":"TEN_PERCENT_HP_BONUS","is_prod":false,"is_daily":false,"chose_seed":false,"campfire_upgraded":7,"win_rate":0,"timestamp":1555748840,"path_taken":["M","$","M","?","?","E","M","E","T","$","R","M","E","M","R","BOSS","M","M","M","$","M","R","M","E","T","M","M","R","?","E","R","BOSS","M","?","M","M","M","E","M","E","T","$","?","E","R","M","R","BOSS"],"build_version":"2019-01-23","purchased_purges":3,"victory":true,"max_hp_per_floor":[82,82,82,82,82,82,82,82,82,82,82,82,82,82,82,82,82,82,82,82,82,82,82,82,82,82,82,82,82,82,82,82,82,82,82,82,82,82,82,82,82,82,82,82,82,82,82,82,82,82],"card_choices":[{"not_picked":["Scrape","Rebound"],"picked":"Hologram","floor":1.0},{"not_picked":["Reinforced Body","Recycle"],"picked":"Leap","floor":3.0},{"not_picked":["Undo","Leap"],"picked":"Coolheaded","floor":5.0},{"not_picked":["Blizzard","Steam"],"picked":"Seek","floor":6.0},{"not_picked":["Sweeping Beam","Recycle","Consume"],"picked":"SKIP","floor":7.0},{"not_picked":["Tempest","Loop"],"picked":"Gash","floor":8.0},{"not_picked":["Cold Snap","Melter"],"picked":"Steam","floor":12.0},{"not_picked":["Seek","Cold Snap"],"picked":"All For One","floor":13.0},{"not_picked":["Go for the Eyes","Rebound"],"picked":"Beam Cell","floor":14.0},{"not_picked":["Rainbow","Reboot"],"picked":"Fission","floor":16.0},{"not_picked":["Defragment","Sweeping Beam"],"picked":"Gash","floor":18.0},{"not_picked":["BootSequence","Redo","Chaos"],"picked":"SKIP","floor":19.0},{"not_picked":["Sunder","Leap"],"picked":"Coolheaded+1","floor":20.0},{"not_picked":["Ball Lightning","Steam Power","Melter"],"picked":"SKIP","floor":22.0},{"not_picked":["Redo","Storm"],"picked":"Chill+1","floor":24.0},{"not_picked":["Conserve Battery+1","Chaos","Steam+1"],"picked":"SKIP","floor":25.0},{"not_picked":["Rebound","Sweeping Beam","Static Discharge"],"picked":"SKIP","floor":27.0},{"not_picked":["Cold Snap","Sweeping Beam","Genetic Algorithm"],"picked":"SKIP","floor":28.0},{"not_picked":["Core Surge","Static Discharge","Steam Power"],"picked":"SKIP","floor":31.0},{"not_picked":["Conserve Battery+1","Turbo+1","Aggregate+1"],"picked":"SKIP","floor":35.0},{"not_picked":["Barrage","Aggregate","Reinforced Body+1"],"picked":"SKIP","floor":37.0},{"not_picked":["Heatsinks","Ball Lightning+1"],"picked":"Go for the Eyes+1","floor":38.0},{"not_picked":["Barrage","Heatsinks+1","Turbo+1"],"picked":"SKIP","floor":39.0},{"not_picked":["Aggregate","Streamline"],"picked":"Self Repair+1","floor":40.0},{"not_picked":["Barrage","Coolheaded"],"picked":"Machine Learning","floor":41.0},{"not_picked":["Steam Power+1","Reprogram+1","Melter"],"picked":"SKIP","floor":42.0},{"not_picked":["Go for the Eyes","FTL+1","Loop+1"],"picked":"SKIP","floor":45.0},{"not_picked":["Aggregate","Rebound","Streamline"],"picked":"SKIP","floor":46},{"not_picked":["Lockon+1","Steam"],"picked":"Gash+1","floor":48}],"player_experience":121746,"relics_obtained":[{"floor":6.0,"key":"MawBank"},{"floor":8.0,"key":"Ornamental Fan"},{"floor":9.0,"key":"Meat on the Bone"},{"floor":13.0,"key":"Blue Candle"},{"floor":25.0,"key":"Happy Flower"},{"floor":31.0,"key":"Emotion Chip"},{"floor":40.0,"key":"Mercury Hourglass"},{"floor":42.0,"key":"Frozen Egg 2"},{"floor":46,"key":"Molten Egg 2"}],"event_choices":[{"damage_healed":0.0,"max_hp_gain":0.0,"max_hp_loss":0.0,"gold_gain":0.0,"event_name":"Accursed Blacksmith","player_choice":"Forge","floor":4.0,"gold_loss":0.0,"damage_taken":0.0,"cards_upgraded":["Hologram"]},{"damage_healed":0.0,"max_hp_gain":0.0,"max_hp_loss":0.0,"gold_gain":0.0,"event_name":"Addict","player_choice":"Obtained Relic","floor":30.0,"gold_loss":85.0,"damage_taken":0.0,"relics_obtained":["Oddly Smooth Stone"]},{"damage_healed":0.0,"max_hp_gain":0.0,"max_hp_loss":0.0,"gold_gain":0.0,"event_name":"Wheel of Change","player_choice":"Damaged","floor":36.0,"gold_loss":0.0,"damage_taken":8.0}],"is_beta":false,"boss_relics":[{"not_picked":["Calling Bell","Snecko Eye"],"picked":"Cursed Key"},{"not_picked":["Eternal Feather","Pandora\u0027s Box"],"picked":"Inserter"}],"items_purged_floors":[10,21,44],"is_endless":false,"potions_floor_spawned":[3,6,7,12,14,20,22,24,28,33,37,41,42,45,48],"ascension_level":2}