{"gold_per_floor":[112,131,101,62,81,81,91,91,91,91,122,122,42,53,53,129,129,148,162,162,162,87,87,122,139,213,231,64,64,64],"floor_reached":30,"playtime":2243,"items_purged":[],"score":496,"play_id":"4f40cd14-8330-40fc-8580-6635d7652198","local_time":"20190325184511","is_ascension_mode":true,"campfire_choices":[{"data":"Noxious Fumes","floor":6,"key":"SMITH"},{"data":"Neutralize","floor":8,"key":"SMITH"},{"data":"Dash","floor":10,"key":"SMITH"},{"data":"Backflip","floor":12,"key":"SMITH"},{"data":"Well Laid Plans","floor":15,"key":"SMITH"},{"floor":23,"key":"REST"},{"data":"Noxious Fumes","floor":29,"key":"SMITH"}],"neow_cost":"NONE","seed_source_timestamp":635898594459062,"circlet_count":0,"master_deck":["AscendersBane","Defend_G+1","Defend_G+1","Defend_G+1","Defend_G+1","Defend_G+1","Strike_G+1","Strike_G+1","Strike_G+1","Strike_G+1","Survivor","Neutralize+1","Slice","Backflip+1","Dash+1","Noxious Fumes+1","Corpse Explosion+1","Well Laid Plans+1","Catalyst+1","Adrenaline+1","Deadly Poison+1","Backflip+1","Cloak And Dagger+1","Necronomicurse","Underhanded Strike","Clumsy","Backflip+1","Catalyst+1","Noxious Fumes+1"],"relics":["Ring of the Snake","NeowsBlessing","Toxic Egg 2","Prayer Wheel","Cursed Key","Necronomicon","Ancient Tea Set","Meat on the Bone"],"potions_floor_usage":[11,11,16,27,27],"damage_taken":[{"damage":0,"enemies":"Cultist","floor":1,"turns":1},{"damage":0,"enemies":"Jaw Worm","floor":2,"turns":1},{"damage":0,"enemies":"2 Louse","floor":5,"turns":1},{"damage":0,"enemies":"Exordium Wildlife","floor":7,"turns":4},{"damage":9,"enemies":"Lagavulin","floor":11,"turns":7},{"damage":3,"enemies":"Looter","floor":14,"turns":3},{"damage":27,"enemies":"Slime Boss","floor":16,"turns":8},{"damage":13,"enemies":"2 Thieves","floor":18,"turns":3},{"damage":3,"enemies":"Shell Parasite","floor":19,"turns":3},{"damage":16,"enemies":"Gremlin Leader","floor":24,"turns":6},{"damage":0,"enemies":"Centurion and Healer","floor":25,"turns":4},{"damage":0,"enemies":"Cultist and Chosen","floor":27,"turns":3},{"damage":44,"enemies":"Masked Bandits","floor":30,"turns":3}],"seed_played":"-7166734829229805905","potions_obtained":[{"floor":3,"key":"LiquidBronze"},{"floor":3,"key":"PowerPotion"},{"floor":5,"key":"Ancient Potion"},{"floor":11,"key":"EssenceOfSteel"},{"floor":18,"key":"Poison Potion"},{"floor":24,"key":"Block Potion"}],"is_trial":false,"path_per_floor":["M","M","?","$","M","R","M","R","T","R","E","R","$","M","R","B",null,"M","M","?","?","?","R","E","M","T","M","$","R","?"],"character_chosen":"THE_SILENT","items_purchased":["Dash","Well Laid Plans","Catalyst+1","Noxious Fumes"],"campfire_rested":1,"item_purchase_floors":[4,13,28,28],"current_hp_per_floor":[59,59,59,59,59,59,59,59,59,59,50,50,50,47,47,20,55,42,39,18,18,18,37,21,21,21,33,33,33,0],"gold":64,"neow_bonus":"THREE_ENEMY_KILL","is_prod":false,"is_daily":false,"chose_seed":false,"campfire_upgraded":6,"win_rate":0,"timestamp":1553535911,"path_taken":["M","?","?","$","?","R","M","R","T","R","E","R","$","M","R","BOSS","M","M","?","?","?","R","E","M","T","?","$","R","?"],"build_version":"2019-01-23","purchased_purges":0,"victory":false,"max_hp_per_floor":[66,66,66,66,66,66,66,66,66,66,66,66,66,66,66,66,66,66,66,66,66,66,66,66,66,66,66,66,66,66],"card_choices":[{"not_picked":["Bane","Expertise"],"picked":"Slice","floor":1},{"not_picked":["Poisoned Stab","Endless Agony"],"picked":"Backflip","floor":2},{"not_picked":["Dagger Spray","Underhanded Strike"],"picked":"Noxious Fumes","floor":5},{"not_picked":["Tactician","Dash","Sucker Punch"],"picked":"SKIP","floor":7},{"not_picked":["Footwork","Reflex+1"],"picked":"Corpse Explosion+1","floor":11},{"not_picked":["Deflect+1","Acrobatics+1"],"picked":"Catalyst+1","floor":14},{"not_picked":["Poisoned Stab","Underhanded Strike","Expertise+1"],"picked":"SKIP","floor":14},{"not_picked":["Glass Knife","After Image"],"picked":"Adrenaline+1","floor":16},{"not_picked":["Slice","Dagger Throw"],"picked":"Deadly Poison+1","floor":18},{"not_picked":["Quick Slash","Slice","Outmaneuver+1"],"picked":"SKIP","floor":18},{"not_picked":["Bane","Slice"],"picked":"Backflip+1","floor":19},{"not_picked":["Sucker Punch","Unload"],"picked":"Cloak And Dagger+1","floor":19},{"not_picked":["Blade Dance+1","Backstab","Poisoned Stab"],"picked":"SKIP","floor":24},{"not_picked":["Bane","Outmaneuver+1"],"picked":"Underhanded Strike","floor":25},{"not_picked":["Sucker Punch+1","Dagger Spray","Slice"],"picked":"SKIP","floor":25},{"not_picked":["Flying Knee","Dodge and Roll+1"],"picked":"Backflip+1","floor":27},{"not_picked":["Acrobatics+1","Dodge and Roll+1","Sucker Punch"],"picked":"SKIP","floor":27}],"player_experience":2930091,"relics_obtained":[{"floor":9,"key":"Toxic Egg 2"},{"floor":11,"key":"Prayer Wheel"},{"floor":20,"key":"Necronomicon"},{"floor":24,"key":"Ancient Tea Set"},{"floor":26,"key":"Meat on the Bone"}],"event_choices":[{"damage_healed":0,"gold_gain":0,"player_choice":"Bought 2 Potions","damage_taken":0,"max_hp_gain":0,"max_hp_loss":0,"event_name":"The Woman in Blue","floor":3,"gold_loss":0},{"damage_healed":0,"gold_gain":0,"player_choice":"Obtained Book","damage_taken":21,"max_hp_gain":0,"max_hp_loss":0,"event_name":"Cursed Tome","floor":20,"gold_loss":0},{"damage_healed":0,"gold_gain":0,"player_choice":"Simplicity","damage_taken":0,"max_hp_gain":0,"max_hp_loss":0,"event_name":"Back to Basics","floor":21,"gold_loss":0,"cards_upgraded":["Defend_G","Defend_G","Defend_G","Defend_G","Defend_G","Strike_G","Strike_G","Strike_G","Strike_G","Strike_G"]},{"cards_removed":["Strike_G"],"damage_healed":0,"gold_gain":0,"player_choice":"Gave Gold","damage_taken":0,"max_hp_gain":0,"max_hp_loss":0,"event_name":"Beggar","floor":22,"gold_loss":75},{"damage_healed":0,"gold_gain":0,"player_choice":"Fought Bandits","damage_taken":0,"max_hp_gain":0,"max_hp_loss":0,"event_name":"Masked Bandits","floor":30,"gold_loss":0}],"is_beta":false,"boss_relics":[{"not_picked":["Runic Dome","Calling Bell"],"picked":"Cursed Key"}],"items_purged_floors":[],"is_endless":false,"potions_floor_spawned":[5,11,18,24,25],"killed_by":"Masked Bandits","ascension_level":20}