{"gold_per_floor":[110,175,190,190,190,190,205,205,205,218,278,278,308,24,24,103,103,103,103,103,23,23,23,23,23,23,23,23,23,23,23,23,23,23,23,23,0,0,0,0,0,0,0,0,0,0,0,0,0,0,0],"floor_reached":51,"playtime":9482,"items_purged":[],"score":1523,"play_id":"ec743ae5-4d7d-474f-9c01-875c2390c619","local_time":"20190311045152","is_ascension_mode":true,"campfire_choices":[{"data":"Neutralize","floor":6,"key":"SMITH"},{"data":"Dash","floor":8,"key":"SMITH"},{"floor":15,"key":"REST"},{"floor":23,"key":"REST"},{"data":"Apotheosis","floor":25,"key":"SMITH"},{"floor":27,"key":"REST"},{"floor":32,"key":"REST"},{"floor":40,"key":"REST"},{"data":"Noxious Fumes","floor":44,"key":"SMITH"},{"floor":49,"key":"RECALL"}],"neow_cost":"CURSE","seed_source_timestamp":398096877803711,"circlet_count":0,"master_deck":["AscendersBane","Defend_G","Defend_G","Defend_G","Defend_G","Defend_G","Strike_G","Strike_G","Survivor","Neutralize+1","Shame","Eviscerate","Eviscerate","Dash+1","Poisoned Stab","Dagger Spray","Blade Dance","Prepared","Parasite","Unload+1","Apotheosis+1","Leg Sweep","Tools of the Trade","Acrobatics+1","Expertise","Backflip","Backflip","Reflex","Calculated Gamble","Escape Plan","Footwork","Adrenaline","PiercingWail+1","Footwork","Parasite","Noxious Fumes+1","After Image","Backflip","Caltrops+1"],"relics":["Ring of the Snake","Du-Vu Doll","Paper Crane","Molten Egg 2","Unceasing Top","Ectoplasm","Pantograph","Sozu","Thread and Needle","Red Mask","MawBank","Bottled Tornado"],"potions_floor_usage":[10,16,24,24,33,45],"damage_taken":[{"damage":19,"enemies":"Cultist","floor":1,"turns":7},{"damage":0,"enemies":"2 Louse","floor":3,"turns":5},{"damage":0,"enemies":"Jaw Worm","floor":7,"turns":3},{"damage":0,"enemies":"Large Slime","floor":10,"turns":7},{"damage":28,"enemies":"Gremlin Nob","floor":11,"turns":4},{"damage":19,"enemies":"3 Sentries","floor":13,"turns":7},{"damage":20,"enemies":"Slime Boss","floor":16,"turns":10},{"damage":14,"enemies":"3 Byrds","floor":18,"turns":5},{"damage":13,"enemies":"2 Thieves","floor":21,"turns":3},{"damage":20,"enemies":"Book of Stabbing","floor":24,"turns":5},{"damage":0,"enemies":"Centurion and Healer","floor":28,"turns":4},{"damage":0,"enemies":"Cultist and Chosen","floor":29,"turns":6},{"damage":8,"enemies":"Sentry and Sphere","floor":30,"turns":6},{"damage":0,"enemies":"Snecko","floor":31,"turns":3},{"damage":0,"enemies":"Automaton","floor":33,"turns":13},{"damage":0,"enemies":"Orb Walker","floor":35,"turns":2},{"damage":0,"enemies":"Mind Bloom Boss Battle","floor":36,"turns":7},{"damage":13,"enemies":"3 Shapes","floor":38,"turns":6},{"damage":0,"enemies":"Writhing Mass","floor":39,"turns":7},{"damage":13,"enemies":"Giant Head","floor":41,"turns":8},{"damage":4,"enemies":"Jaw Worm Horde","floor":42,"turns":4},{"damage":0,"enemies":"Transient","floor":45,"turns":6},{"damage":0,"enemies":"Sphere and 2 Shapes","floor":47,"turns":5},{"damage":0,"enemies":"Maw","floor":48,"turns":7},{"damage":0,"enemies":"Donu and Deca","floor":50,"turns":13},{"damage":68,"enemies":"Time Eater","floor":51,"turns":7}],"seed_played":"-4564662103552488947","potions_obtained":[{"floor":7,"key":"Weak Potion"},{"floor":13,"key":"GhostInAJar"},{"floor":18,"key":"Strength Potion"},{"floor":22,"key":"Poison Potion"},{"floor":22,"key":"FearPotion"},{"floor":29,"key":"GhostInAJar"},{"floor":33,"key":"AttackPotion"}],"is_trial":false,"path_per_floor":["M","?","M","?","?","R","M","R","T","M","?","?","E","$","R","B",null,"M","?","?","M","?","R","E","R","T","R","M","M","M","M","R","B",null,"M","?","?","M","M","R","E","M","T","R","M","?","M","M","R","B","B"],"character_chosen":"THE_SILENT","items_purchased":["Apotheosis","Leg Sweep"],"campfire_rested":5,"item_purchase_floors":[14,14],"current_hp_per_floor":[40,40,40,35,57,57,57,57,57,57,29,45,26,26,45,25,56,42,42,42,29,29,48,28,28,28,47,47,47,39,39,58,66,66,66,66,66,53,53,66,53,49,49,49,49,49,49,49,49,66,0],"gold":0,"neow_bonus":"TRANSFORM_TWO_CARDS","is_prod":false,"is_daily":false,"chose_seed":false,"campfire_upgraded":4,"win_rate":0,"timestamp":1552276312,"path_taken":["M","?","M","?","?","R","?","R","T","M","?","?","E","$","R","BOSS","M","?","?","?","?","R","E","R","T","R","M","M","M","?","R","BOSS","M","?","?","M","M","R","E","M","T","R","M","?","M","M","R","BOSS","BOSS"],"build_version":"2019-01-23","purchased_purges":0,"victory":false,"max_hp_per_floor":[66,66,66,66,66,66,66,66,66,66,66,66,66,66,66,66,66,66,66,66,66,66,66,66,66,66,66,66,66,66,66,66,66,66,66,66,66,66,66,66,66,66,66,66,66,66,66,66,66,66,66],"card_choices":[{"not_picked":["PiercingWail","Prepared"],"picked":"Dash","floor":1},{"not_picked":["Sucker Punch","Blade Dance"],"picked":"Poisoned Stab","floor":3},{"not_picked":["Caltrops","Flying Knee"],"picked":"Dagger Spray","floor":7},{"not_picked":["Quick Slash","Backflip"],"picked":"Blade Dance","floor":10},{"not_picked":["Deadly Poison","Underhanded Strike"],"picked":"Prepared","floor":11},{"not_picked":["Deflect","Endless Agony+1"],"picked":"Unload+1","floor":13},{"not_picked":["Grand Finale+1","Storm of Steel"],"picked":"Tools of the Trade","floor":16},{"not_picked":["Backflip","Distraction"],"picked":"Acrobatics+1","floor":18},{"not_picked":["Concentrate","Dash+1"],"picked":"Backflip","floor":21},{"not_picked":["Heel Hook+1","Leg Sweep"],"picked":"Backflip","floor":24},{"not_picked":["Deflect","Expertise"],"picked":"Reflex","floor":28},{"not_picked":["Outmaneuver+1","Infinite Blades"],"picked":"Calculated Gamble","floor":29},{"not_picked":["Quick Slash+1","Finisher+1"],"picked":"Escape Plan","floor":30},{"not_picked":["Bullet Time","Bane+1"],"picked":"Footwork","floor":31},{"not_picked":["Grand Finale+1","Corpse Explosion"],"picked":"Adrenaline","floor":33},{"not_picked":["Cloak And Dagger","Caltrops+1","Underhanded Strike+1"],"picked":"SKIP","floor":35},{"not_picked":["Slice+1","Dagger Spray+1"],"picked":"PiercingWail+1","floor":36},{"not_picked":["Glass Knife+1","Blur"],"picked":"Footwork","floor":38},{"not_picked":["Distraction","Crippling Poison","Escape Plan"],"picked":"SKIP","floor":39},{"not_picked":["Setup+1","Leg Sweep"],"picked":"Noxious Fumes","floor":41},{"not_picked":["Blade Dance","Expertise+1","PiercingWail"],"picked":"SKIP","floor":42},{"not_picked":["Bouncing Flask","PiercingWail","Bane+1"],"picked":"SKIP","floor":45},{"not_picked":["Flying Knee+1","Bane+1"],"picked":"Backflip","floor":47},{"not_picked":["Underhanded Strike+1","Crippling Poison"],"picked":"Caltrops+1","floor":48}],"player_experience":2889153,"relics_obtained":[{"floor":9,"key":"Paper Crane"},{"floor":11,"key":"Molten Egg 2"},{"floor":13,"key":"Unceasing Top"},{"floor":24,"key":"Pantograph"},{"floor":36,"key":"Thread and Needle"},{"floor":41,"key":"MawBank"},{"floor":43,"key":"Bottled Tornado"}],"event_choices":[{"damage_healed":0,"gold_gain":65,"player_choice":"Gained Gold","damage_taken":0,"max_hp_gain":0,"max_hp_loss":0,"event_name":"Golden Wing","floor":2,"gold_loss":0},{"damage_healed":0,"gold_gain":0,"player_choice":"Success","damage_taken":5,"relics_obtained":["Du-Vu Doll"],"max_hp_gain":0,"max_hp_loss":0,"event_name":"Scrap Ooze","floor":4,"gold_loss":0},{"damage_healed":22,"gold_gain":0,"player_choice":"Banana","damage_taken":0,"max_hp_gain":0,"max_hp_loss":0,"event_name":"Big Fish","floor":5,"gold_loss":0},{"damage_healed":0,"gold_gain":0,"player_choice":"Searched \u00272\u0027 times","damage_taken":0,"max_hp_gain":0,"max_hp_loss":0,"event_name":"Dead Adventurer","floor":11,"gold_loss":0},{"damage_healed":16,"gold_gain":0,"player_choice":"Healed and dodged fight","damage_taken":0,"max_hp_gain":0,"max_hp_loss":0,"event_name":"Mushrooms","floor":12,"gold_loss":0,"cards_obtained":["Parasite"]},{"damage_healed":0,"gold_gain":0,"player_choice":"Ignored","damage_taken":0,"max_hp_gain":0,"max_hp_loss":0,"event_name":"Vampires","floor":19,"gold_loss":0},{"damage_healed":0,"gold_gain":0,"cards_transformed":["Strike_G"],"player_choice":"Transformed","damage_taken":0,"max_hp_gain":0,"max_hp_loss":0,"event_name":"Transmorgrifier","floor":20,"gold_loss":0,"cards_obtained":["Expertise"]},{"damage_healed":0,"gold_gain":0,"player_choice":"Got Potions","damage_taken":0,"max_hp_gain":0,"max_hp_loss":0,"event_name":"Lab","floor":22,"gold_loss":0},{"damage_healed":0,"gold_gain":0,"player_choice":"Fight","damage_taken":0,"max_hp_gain":0,"max_hp_loss":0,"event_name":"MindBloom","floor":36,"gold_loss":0},{"damage_healed":0,"gold_gain":0,"player_choice":"Paid","damage_taken":0,"relics_obtained":["Red Mask"],"max_hp_gain":0,"max_hp_loss":0,"event_name":"Tomb of Lord Red Mask","floor":37,"gold_loss":23},{"damage_healed":0,"gold_gain":0,"player_choice":"1 cards matched","damage_taken":0,"max_hp_gain":0,"max_hp_loss":0,"event_name":"Match and Keep!","floor":46,"gold_loss":0,"cards_obtained":["After Image"]}],"is_beta":false,"boss_relics":[{"not_picked":["Black Star","Calling Bell"],"picked":"Ectoplasm"},{"not_picked":["Busted Crown","Tiny House"],"picked":"Sozu"}],"items_purged_floors":[],"is_endless":false,"potions_floor_spawned":[7,13,18,29,33,36,39,42,47,48],"killed_by":"Time Eater","ascension_level":20}