{"gold_per_floor":[109,128,128,128,53,85,85,117,193,193,210,210,210,60,60,163,163,183,83,83,83,99,115,115,150,174,184,184,210,210,224,224,320,320,339,339,17,17,33,33,50,70,70,70,70,70,87,99,99,99],"floor_reached":51,"playtime":2514,"items_purged":["Defend_R","Strike_R","Shame"],"score":785,"play_id":"086d6f9b-51f7-4acf-81cf-0a76ee2cf1c0","local_time":"20190419094926","is_ascension_mode":true,"campfire_choices":[{"data":"Berserk","floor":7.0,"key":"SMITH"},{"floor":10.0,"key":"REST"},{"data":"Entrench","floor":12.0,"key":"SMITH"},{"data":"Body Slam","floor":15.0,"key":"SMITH"},{"data":"Exhume","floor":24.0,"key":"SMITH"},{"data":"Barricade","floor":28.0,"key":"SMITH"},{"data":"Entrench","floor":32.0,"key":"SMITH"},{"data":"Reaper","floor":40.0,"key":"SMITH"},{"data":"Rage","floor":44,"key":"SMITH"},{"floor":46,"key":"DIG"},{"floor":49,"key":"DIG"}],"neow_cost":"TEN_PERCENT_HP_LOSS","seed_source_timestamp":447487550164452,"circlet_count":0,"master_deck":["Strike_R","Strike_R","Strike_R","Defend_R+1","Defend_R","Defend_R+1","Bash","Berserk+1","Body Slam+1","Shrug It Off","Exhume+1","Ghostly Armor","Entrench+1","Iron Wave","Reaper+1","Flex+1","Shockwave+1","Whirlwind+1","Barricade+1","Entrench+1","Decay","Rage+1","Good Instincts","Iron Wave+1"],"special_seed":0,"relics":["Burning Blood","Pen Nib","Kunai","Oddly Smooth Stone","Coffee Dripper","Omamori","Shuriken","Lantern","Bottled Flame","Calling Bell","Centennial Puzzle","Pantograph","Dead Branch","Chemical X","Shovel","FossilizedHelix","Bronze Scales"],"potions_floor_usage":[48,48],"damage_taken":[{"damage":6.0,"enemies":"2 Louse","floor":1.0,"turns":3.0},{"damage":5.0,"enemies":"Small Slimes","floor":2.0,"turns":4.0},{"damage":6.0,"enemies":"Gremlin Nob","floor":6.0,"turns":4.0},{"damage":46.0,"enemies":"3 Sentries","floor":8.0,"turns":13.0},{"damage":0.0,"enemies":"Cultist","floor":11.0,"turns":4.0},{"damage":12.0,"enemies":"The Guardian","floor":16.0,"turns":8.0},{"damage":31.0,"enemies":"Chosen","floor":18.0,"turns":6.0},{"damage":0.0,"enemies":"Spheric Guardian","floor":22.0,"turns":2.0},{"damage":43.0,"enemies":"Centurion and Healer","floor":23.0,"turns":10.0},{"damage":0.0,"enemies":"Gremlin Leader","floor":25.0,"turns":7.0},{"damage":32.0,"enemies":"Snake Plant","floor":27.0,"turns":6.0},{"damage":24.0,"enemies":"Slavers","floor":29.0,"turns":7.0},{"damage":12.0,"enemies":"3 Cultists","floor":31.0,"turns":3.0},{"damage":15.0,"enemies":"Automaton","floor":33.0,"turns":9.0},{"damage":32.0,"enemies":"Orb Walker","floor":35.0,"turns":4.0},{"damage":25.0,"enemies":"3 Darklings","floor":39.0,"turns":3.0},{"damage":58.0,"enemies":"4 Shapes","floor":41.0,"turns":2.0},{"damage":0,"enemies":"Jaw Worm Horde","floor":42,"turns":2},{"damage":0,"enemies":"Spire Growth","floor":47,"turns":6},{"damage":24,"enemies":"Sphere and 2 Shapes","floor":48,"turns":8},{"damage":40,"enemies":"Time Eater","floor":50,"turns":12}],"seed_played":"783887440240191896","potions_obtained":[{"floor":2.0,"key":"Dexterity Potion"},{"floor":11.0,"key":"Fire Potion"},{"floor":16.0,"key":"AttackPotion"},{"floor":18.0,"key":"FairyPotion"},{"floor":23.0,"key":"Ancient Potion"},{"floor":27.0,"key":"Block Potion"},{"floor":29.0,"key":"FearPotion"},{"floor":35.0,"key":"SkillPotion"},{"floor":39.0,"key":"LiquidBronze"}],"is_trial":false,"path_per_floor":["?","?","M","?","?","?","?","?"],"character_chosen":"IRONCLAD","items_purchased":["Oddly Smooth Stone","Chemical X"],"campfire_rested":1,"item_purchase_floors":[14,37],"current_hp_per_floor":[72,72,58,58,58,58,58,18,18,39,45,45,45,45,45,39,72,47,47,47,47,53,30,30,58,58,36,36,42,42,66,66,63,72,46,46,46,46,47,47,15,31,31,31,31,31,52,44,44,54],"gold":99,"neow_bonus":"THREE_RARE_CARDS","is_prod":false,"is_daily":false,"chose_seed":false,"campfire_upgraded":8,"win_rate":0,"timestamp":1555660166,"path_taken":["M","M","?","?","$","E","R","E","T","R","?","R","?","$","R","BOSS","M","$","?","$","M","M","R","E","T","M","R","E","?","M","R","BOSS","M","?","$","?","M","R","M","M","T","R","$","R","M","M","R","BOSS"],"build_version":"2019-01-23","purchased_purges":3,"victory":true,"max_hp_per_floor":[72,72,72,72,72,72,72,72,72,72,72,72,72,72,72,72,72,72,72,72,72,72,72,72,72,72,72,72,72,72,72,72,72,72,72,72,72,72,72,72,72,72,72,72,72,72,72,72,72,72],"card_choices":[{"not_picked":["Feed","Fiend Fire"],"picked":"Berserk","floor":0.0},{"not_picked":["Power Through","Wild Strike"],"picked":"Body Slam","floor":1.0},{"not_picked":["Sword Boomerang","Clash"],"picked":"Shrug It Off","floor":2.0},{"not_picked":["Flex","Exhume"],"picked":"Ghostly Armor","floor":6.0},{"not_picked":["Flame Barrier","Battle Trance"],"picked":"Entrench","floor":8.0},{"not_picked":["Sentinel","Feel No Pain"],"picked":"Iron Wave","floor":11.0},{"not_picked":["Feed","Immolate"],"picked":"Reaper","floor":16.0},{"not_picked":["Warcry","Searing Blow"],"picked":"Flex+1","floor":18.0},{"not_picked":["Heavy Blade","Anger"],"picked":"Shockwave+1","floor":22.0},{"not_picked":["Second Wind","Sword Boomerang+1"],"picked":"Whirlwind+1","floor":23.0},{"not_picked":["Clothesline","Disarm+1"],"picked":"Barricade","floor":25.0},{"not_picked":["Clothesline","Flex","True Grit"],"picked":"SKIP","floor":27.0},{"not_picked":["Heavy Blade","Clash","Wild Strike"],"picked":"SKIP","floor":29.0},{"not_picked":["Warcry+1","Pummel+1"],"picked":"Entrench","floor":31.0},{"not_picked":["Sentinel+1","Havoc"],"picked":"Rage","floor":35.0},{"not_picked":["Apotheosis","Blind"],"picked":"Good Instincts","floor":36.0},{"not_picked":["Whirlwind","Sword Boomerang+1","Rage+1"],"picked":"SKIP","floor":39.0},{"not_picked":["Anger","Pommel Strike"],"picked":"Iron Wave+1","floor":41.0},{"not_picked":["Fiend Fire","Sword Boomerang","Searing Blow+1"],"picked":"SKIP","floor":42},{"not_picked":["Sword Boomerang+1","Iron Wave+1","Feel No Pain+1"],"picked":"SKIP","floor":47},{"not_picked":["Havoc+1","Cleave","Thunderclap+1"],"picked":"SKIP","floor":48}],"player_experience":104823,"relics_obtained":[{"floor":6.0,"key":"Pen Nib"},{"floor":8.0,"key":"Kunai"},{"floor":25.0,"key":"Shuriken"},{"floor":26.0,"key":"Lantern"},{"floor":29.0,"key":"Bottled Flame"},{"floor":34.0,"key":"Centennial Puzzle"},{"floor":34.0,"key":"Pantograph"},{"floor":34.0,"key":"Dead Branch"},{"floor":43,"key":"Shovel"},{"floor":46,"key":"FossilizedHelix"},{"floor":49,"key":"Bronze Scales"}],"event_choices":[{"damage_healed":0.0,"max_hp_gain":0.0,"max_hp_loss":0.0,"gold_gain":0.0,"event_name":"Shining Light","player_choice":"Entered Light","floor":3.0,"gold_loss":0.0,"damage_taken":14.0,"cards_upgraded":["Defend_R","Defend_R"]},{"damage_healed":0.0,"max_hp_gain":0.0,"max_hp_loss":0.0,"gold_gain":0.0,"cards_transformed":["Strike_R"],"event_name":"Transmorgrifier","player_choice":"Transformed","floor":4.0,"gold_loss":0.0,"damage_taken":0.0,"cards_obtained":["Exhume"]},{"damage_healed":0.0,"max_hp_gain":0.0,"max_hp_loss":0.0,"gold_gain":0.0,"event_name":"Liars Game","player_choice":"Ignored","floor":13.0,"gold_loss":0.0,"damage_taken":0.0},{"damage_healed":0.0,"max_hp_gain":0.0,"max_hp_loss":0.0,"gold_gain":0.0,"event_name":"Addict","player_choice":"Stole Relic","floor":20.0,"gold_loss":0.0,"damage_taken":0.0,"relics_obtained":["Omamori"],"cards_obtained":["Shame"]},{"damage_healed":0.0,"max_hp_gain":0.0,"max_hp_loss":0.0,"gold_gain":0.0,"event_name":"The Mausoleum","player_choice":"Ignored","floor":30.0,"gold_loss":0.0,"damage_taken":0.0},{"damage_healed":0.0,"max_hp_gain":0.0,"max_hp_loss":0.0,"gold_gain":0.0,"event_name":"SensoryStone","player_choice":"Memory 1","floor":36.0,"gold_loss":0.0,"damage_taken":0.0},{"damage_healed":0.0,"max_hp_gain":0.0,"max_hp_loss":0.0,"gold_gain":0.0,"event_name":"Match and Keep!","player_choice":"0 cards matched","floor":38.0,"gold_loss":0.0,"damage_taken":0.0,"cards_obtained":[]}],"is_beta":false,"boss_relics":[{"not_picked":["Runic Pyramid","Fusion Hammer"],"picked":"Coffee Dripper"},{"not_picked":["Runic Cube","Astrolabe"],"picked":"Calling Bell"}],"items_purged_floors":[5,19,37],"is_endless":false,"potions_floor_spawned":[2,11,16,18,23,27,29,35,39,47],"ascension_level":2}