{"gold_per_floor":[210,221,221,233,67,102,102,137,137,155,155,170,185,185,185,257,257,274,41,41,90,100,130,144,144,144,164,164,164],"floor_reached":29,"playtime":2697,"items_purged":[],"score":510,"play_id":"dbd11660-a611-4032-94a6-394f57536654","local_time":"20190329170504","is_ascension_mode":true,"campfire_choices":[{"floor":7,"key":"REST"},{"data":"Noxious Fumes","floor":11,"key":"SMITH"},{"data":"Leg Sweep","floor":15,"key":"SMITH"},{"floor":25,"key":"REST"},{"data":"Crippling Poison","floor":28,"key":"SMITH"}],"neow_cost":"NONE","seed_source_timestamp":157684119478590,"circlet_count":0,"master_deck":["AscendersBane","Defend_G+1","Defend_G+1","Defend_G+1","Defend_G+1","Defend_G+1","Strike_G+1","Strike_G+1","Strike_G+1","Strike_G+1","Strike_G+1","Survivor","Neutralize","Predator","Crippling Poison+1","Die Die Die","Noxious Fumes+1","Leg Sweep+1","Catalyst","Distraction","Infinite Blades","Backflip","Blade Dance","Storm of Steel","Cloak And Dagger","Corpse Explosion","Backflip","Eviscerate","Leg Sweep","Concentrate"],"relics":["Ring of the Snake","Pear","Meat on the Bone","War Paint","Ninja Scroll","Snecko Eye","Whetstone","Omamori","Bottled Lightning"],"potions_floor_usage":[6,16,23],"damage_taken":[{"damage":9,"enemies":"2 Louse","floor":1,"turns":4},{"damage":1,"enemies":"Small Slimes","floor":2,"turns":3},{"damage":2,"enemies":"Jaw Worm","floor":4,"turns":5},{"damage":19,"enemies":"3 Sentries","floor":6,"turns":8},{"damage":24,"enemies":"Lagavulin","floor":8,"turns":7},{"damage":13,"enemies":"Exordium Thugs","floor":10,"turns":5},{"damage":0,"enemies":"Exordium Wildlife","floor":12,"turns":6},{"damage":0,"enemies":"Looter","floor":13,"turns":3},{"damage":32,"enemies":"Slime Boss","floor":16,"turns":11},{"damage":40,"enemies":"Chosen","floor":18,"turns":7},{"damage":0,"enemies":"3 Byrds","floor":22,"turns":3},{"damage":35,"enemies":"Slavers","floor":23,"turns":6},{"damage":19,"enemies":"Shelled Parasite and Fungi","floor":24,"turns":5},{"damage":21,"enemies":"Snake Plant","floor":27,"turns":5},{"damage":34,"enemies":"Book of Stabbing","floor":29,"turns":4}],"seed_played":"7725986311382776503","potions_obtained":[{"floor":2,"key":"Block Potion"},{"floor":10,"key":"GhostInAJar"},{"floor":16,"key":"PowerPotion"},{"floor":22,"key":"Fire Potion"}],"is_trial":false,"path_per_floor":["M","M","?","M","$","E","R","E","T","M","R","M","M","?","R","B",null,"M","$","?","T","M","E","M","R","T","M","R","E"],"character_chosen":"THE_SILENT","items_purchased":["Noxious Fumes","Leg Sweep","Corpse Explosion","Whetstone"],"campfire_rested":2,"item_purchase_floors":[5,5,19,19],"current_hp_per_floor":[50,49,54,52,52,33,55,43,43,42,42,42,42,42,42,22,63,35,35,35,35,47,24,17,39,39,30,30,0],"gold":164,"neow_bonus":"HUNDRED_GOLD","is_prod":false,"is_daily":false,"chose_seed":false,"campfire_upgraded":3,"win_rate":0,"timestamp":1553875504,"path_taken":["M","M","?","M","$","E","R","E","T","M","R","M","M","?","R","BOSS","M","$","?","?","M","E","?","R","T","M","R","E"],"build_version":"2019-01-23","purchased_purges":0,"victory":false,"max_hp_per_floor":[66,66,76,76,76,76,76,76,76,76,76,76,76,76,76,76,76,76,76,76,76,76,76,76,76,76,76,76,76],"card_choices":[{"not_picked":["Blade Dance","Outmaneuver"],"picked":"Predator","floor":1},{"not_picked":["Sucker Punch","PiercingWail"],"picked":"Crippling Poison","floor":2},{"not_picked":["Backflip","Acrobatics"],"picked":"Die Die Die","floor":4},{"not_picked":["Flying Knee","Dodge and Roll"],"picked":"Catalyst","floor":6},{"not_picked":["Reflex","Underhanded Strike"],"picked":"Distraction","floor":8},{"not_picked":["Predator","Flechettes"],"picked":"Infinite Blades","floor":10},{"not_picked":["Blade Dance","Poisoned Stab"],"picked":"Backflip","floor":12},{"not_picked":["Quick Slash","Flying Knee"],"picked":"Blade Dance","floor":13},{"not_picked":["Tools of the Trade","Doppelganger"],"picked":"Storm of Steel","floor":16},{"not_picked":["Setup","Reflex"],"picked":"Cloak And Dagger","floor":18},{"not_picked":["Blur","Heel Hook"],"picked":"Backflip","floor":22},{"not_picked":["Doppelganger","Dodge and Roll"],"picked":"Eviscerate","floor":23},{"not_picked":["Bane","Flechettes"],"picked":"Leg Sweep","floor":24},{"not_picked":["Terror","Bane"],"picked":"Concentrate","floor":27}],"player_experience":2986382,"relics_obtained":[{"floor":6,"key":"Meat on the Bone"},{"floor":8,"key":"War Paint"},{"floor":9,"key":"Ninja Scroll"},{"floor":21,"key":"Omamori"},{"floor":23,"key":"Bottled Lightning"}],"event_choices":[{"damage_healed":0,"gold_gain":0,"player_choice":"Success","damage_taken":5,"relics_obtained":["Pear"],"max_hp_gain":0,"max_hp_loss":0,"event_name":"Scrap Ooze","floor":3,"gold_loss":0},{"damage_healed":0,"gold_gain":0,"player_choice":"Ignored","damage_taken":0,"max_hp_gain":0,"max_hp_loss":0,"event_name":"Liars Game","floor":14,"gold_loss":0},{"damage_healed":0,"gold_gain":0,"player_choice":"Simplicity","damage_taken":0,"max_hp_gain":0,"max_hp_loss":0,"event_name":"Back to Basics","floor":20,"gold_loss":0,"cards_upgraded":["Defend_G","Defend_G","Defend_G","Strike_G","Strike_G","Strike_G"]}],"is_beta":false,"boss_relics":[{"not_picked":["Velvet Choker","Black Star"],"picked":"Snecko Eye"}],"items_purged_floors":[],"is_endless":false,"potions_floor_spawned":[2,10,16,22],"killed_by":"Book of Stabbing","ascension_level":20}