{"gold_per_floor":[112,37,187,187,204,231,242,270,270,270,168,228,305,305,305,305],"floor_reached":16,"playtime":672,"items_purged":[],"score":253,"play_id":"b32534a5-4e4b-42a3-bd8e-d0c1da72397a","local_time":"20190502204521","is_ascension_mode":true,"campfire_choices":[{"floor":10,"key":"REST"},{"floor":15,"key":"REST"}],"neow_cost":"NONE","seed_source_timestamp":116794302989630,"circlet_count":0,"master_deck":["AscendersBane","Strike_R","Strike_R","Strike_R","Strike_R","Defend_R","Defend_R","Defend_R","Defend_R","Bash","Flame Barrier","Perfected Strike","Uppercut","Body Slam","Spot Weakness","Havoc","Seeing Red","Heavy Blade"],"relics":["Burning Blood","NeowsBlessing","Spirit Poop","Charon\u0027s Ashes","Magic Flower","StoneCalendar","Tiny Chest","Mango"],"potions_floor_usage":[],"damage_taken":[{"damage":0,"enemies":"Jaw Worm","floor":1,"turns":1},{"damage":0,"enemies":"Small Slimes","floor":5,"turns":2},{"damage":0,"enemies":"3 Sentries","floor":6,"turns":2},{"damage":0,"enemies":"2 Louse","floor":7,"turns":2},{"damage":45,"enemies":"Lagavulin","floor":8,"turns":8},{"damage":30,"enemies":"3 Sentries","floor":12,"turns":7},{"damage":61,"enemies":"Hexaghost","floor":16,"turns":12}],"seed_played":"435174439763882499","potions_obtained":[{"floor":1,"key":"FearPotion"},{"floor":6,"key":"SmokeBomb"},{"floor":12,"key":"SpeedPotion"}],"is_trial":false,"path_per_floor":["M","?","?","?","M","E","M","E","T","R","$","E","?","?","R","B"],"character_chosen":"IRONCLAD","items_purchased":["Havoc","Seeing Red"],"campfire_rested":2,"item_purchase_floors":[11,11],"current_hp_per_floor":[74,74,74,74,75,75,75,36,36,58,58,37,37,33,59,0],"gold":305,"neow_bonus":"THREE_ENEMY_KILL","is_prod":false,"is_daily":false,"chose_seed":false,"campfire_upgraded":0,"win_rate":0,"timestamp":1556855121,"path_taken":["M","?","?","?","?","E","M","E","T","R","$","E","?","?","R","BOSS"],"build_version":"2019-01-23","purchased_purges":0,"victory":false,"max_hp_per_floor":[75,75,75,75,75,75,75,75,75,75,75,75,75,89,89,89],"card_choices":[{"not_picked":["Anger","Blood for Blood"],"picked":"Flame Barrier","floor":1},{"not_picked":["Sentinel","Wild Strike"],"picked":"Perfected Strike","floor":5},{"not_picked":["Corruption","Rupture"],"picked":"Uppercut","floor":6},{"not_picked":["Iron Wave","Shrug It Off"],"picked":"Body Slam","floor":7},{"not_picked":["Entrench","Sword Boomerang"],"picked":"Spot Weakness","floor":8},{"not_picked":["Perfected Strike","Sword Boomerang"],"picked":"Heavy Blade","floor":12}],"player_experience":625907,"relics_obtained":[{"floor":6,"key":"Charon\u0027s Ashes"},{"floor":8,"key":"Magic Flower"},{"floor":9,"key":"StoneCalendar"},{"floor":12,"key":"Tiny Chest"}],"event_choices":[{"cards_removed":["Strike_R"],"damage_healed":0,"gold_gain":0,"player_choice":"Card Removal","damage_taken":0,"max_hp_gain":0,"max_hp_loss":0,"event_name":"The Cleric","floor":2,"gold_loss":75},{"damage_healed":0,"gold_gain":150,"player_choice":"AGREE","damage_taken":0,"max_hp_gain":0,"max_hp_loss":0,"event_name":"Liars Game","floor":3,"gold_loss":0,"cards_obtained":["Doubt"]},{"cards_removed":["Doubt"],"damage_healed":0,"gold_gain":0,"player_choice":"Offered Curse","damage_taken":0,"relics_obtained":["Spirit Poop"],"max_hp_gain":0,"max_hp_loss":0,"event_name":"Bonfire Elementals","floor":4,"gold_loss":0},{"damage_healed":0,"gold_gain":77,"player_choice":"Gained Gold","damage_taken":0,"max_hp_gain":0,"max_hp_loss":0,"event_name":"Golden Wing","floor":13,"gold_loss":0},{"damage_healed":0,"gold_gain":0,"player_choice":"Success","damage_taken":18,"relics_obtained":["Mango"],"max_hp_gain":0,"max_hp_loss":0,"event_name":"Scrap Ooze","floor":14,"gold_loss":0}],"is_beta":false,"boss_relics":[],"items_purged_floors":[],"is_endless":false,"potions_floor_spawned":[1,6,7,12],"killed_by":"Hexaghost","ascension_level":16}