{"gold_per_floor":[14,33,133,150,168,168,197,197,279,279,279,279,125,75,75,178,178,198,217,217],"floor_reached":20,"playtime":777,"items_purged":[],"score":172,"play_id":"ee2b991b-aabd-4f3a-9f9a-b529b1236a8a","local_time":"20190511002043","is_ascension_mode":false,"campfire_choices":[{"data":"Demon Form","floor":6,"key":"SMITH"},{"data":"Bash","floor":8,"key":"SMITH"},{"floor":12,"key":"RECALL"},{"data":"Shrug It Off","floor":15,"key":"SMITH"}],"neow_cost":"NO_GOLD","seed_source_timestamp":1195142125046222,"circlet_count":0,"master_deck":["Strike_R","Strike_R","Strike_R","Strike_R","Defend_R","Defend_R","Defend_R","Bash+1","Demon Form+1","Pummel","Seeing Red","Ghostly Armor","Shrug It Off+1","Heavy Blade+1","Burning Pact+1"],"relics":["Burning Blood","Unceasing Top","Paper Frog","Strawberry","Juzu Bracelet","Philosopher\u0027s Stone"],"potions_floor_usage":[16,16,16,16],"damage_taken":[{"damage":0,"enemies":"Small Slimes","floor":1,"turns":5},{"damage":1,"enemies":"Cultist","floor":2,"turns":3},{"damage":8,"enemies":"2 Louse","floor":4,"turns":3},{"damage":10,"enemies":"Looter","floor":5,"turns":2},{"damage":8,"enemies":"Lagavulin","floor":7,"turns":5},{"damage":21,"enemies":"Hexaghost","floor":16,"turns":7},{"damage":17,"enemies":"Spheric Guardian","floor":18,"turns":4},{"damage":1,"enemies":"Chosen","floor":19,"turns":3},{"damage":92,"enemies":"Masked Bandits","floor":20,"turns":5}],"seed_played":"3817081063896560439","potions_obtained":[{"floor":1,"key":"Energy Potion"},{"floor":4,"key":"EntropicBrew"},{"floor":18,"key":"Energy Potion"}],"is_trial":false,"path_per_floor":["M","M","?","M","M","R","E","R","T","?","?","R","$","?","R","B",null,"M","M","?"],"character_chosen":"IRONCLAD","items_purchased":["Juzu Bracelet"],"campfire_rested":0,"item_purchase_floors":[13],"current_hp_per_floor":[80,80,80,78,74,74,72,72,72,65,60,60,60,60,60,45,87,76,81,0],"gold":217,"neow_bonus":"THREE_RARE_CARDS","is_prod":false,"is_daily":false,"chose_seed":false,"campfire_upgraded":3,"win_rate":0,"timestamp":1557505243,"path_taken":["M","M","?","M","?","R","E","R","T","?","?","R","?","?","R","BOSS","M","M","?"],"build_version":"2019-01-23","purchased_purges":0,"victory":false,"max_hp_per_floor":[80,80,80,80,80,80,80,80,80,80,87,87,87,87,87,87,87,87,87,87],"card_choices":[{"not_picked":["Double Tap","Impervious"],"picked":"Demon Form","floor":0},{"not_picked":["Uppercut","Clothesline"],"picked":"Pummel","floor":1},{"not_picked":["Hemokinesis","Thunderclap"],"picked":"Seeing Red","floor":2},{"not_picked":["Entrench","Bloodletting","Perfected Strike"],"picked":"SKIP","floor":4},{"not_picked":["Bloodletting","Intimidate"],"picked":"Ghostly Armor","floor":5},{"not_picked":["Sever Soul","Entrench"],"picked":"Shrug It Off","floor":7},{"not_picked":["Havoc+1","Headbutt+1"],"picked":"Heavy Blade+1","floor":18},{"not_picked":["Clash","Heavy Blade+1"],"picked":"Burning Pact+1","floor":19}],"player_experience":510181,"relics_obtained":[{"floor":7,"key":"Unceasing Top"},{"floor":9,"key":"Paper Frog"}],"event_choices":[{"damage_healed":0,"gold_gain":100,"player_choice":"Pray","damage_taken":0,"max_hp_gain":0,"max_hp_loss":0,"event_name":"Golden Shrine","floor":3,"gold_loss":0},{"cards_removed":["Strike_R"],"damage_healed":0,"gold_gain":0,"player_choice":"Card Removal","damage_taken":7,"max_hp_gain":0,"max_hp_loss":0,"event_name":"Golden Wing","floor":10,"gold_loss":0},{"damage_healed":0,"gold_gain":0,"player_choice":"Success","damage_taken":12,"relics_obtained":["Strawberry"],"max_hp_gain":0,"max_hp_loss":0,"event_name":"Scrap Ooze","floor":11,"gold_loss":0},{"cards_removed":["Defend_R"],"damage_healed":0,"gold_gain":0,"player_choice":"Card Removal","damage_taken":0,"max_hp_gain":0,"max_hp_loss":0,"event_name":"The Cleric","floor":14,"gold_loss":50},{"damage_healed":0,"gold_gain":0,"player_choice":"Fought Bandits","damage_taken":0,"max_hp_gain":0,"max_hp_loss":0,"event_name":"Masked Bandits","floor":20,"gold_loss":0}],"is_beta":false,"boss_relics":[{"not_picked":["Runic Dome","Eternal Feather"],"picked":"Philosopher\u0027s Stone"}],"items_purged_floors":[],"is_endless":false,"potions_floor_spawned":[1,4,18],"killed_by":"Masked Bandits","ascension_level":0}