{"path_per_floor":["M","?","M","M","M","R","E","R","T","R","?","E","?","M","R","B",null,"M","?","$","M","M","R","E","M","T","R"],"character_chosen":"IRONCLAD","items_purchased":["Pantograph","Flex","Headbutt"],"gold_per_floor":[110,110,122,136,148,148,182,182,182,182,182,210,210,228,228,323,323,340,340,27,40,54,54,79,89,89,89,89],"floor_reached":28,"campfire_rested":1,"playtime":2113,"current_hp_per_floor":[80,80,79,73,59,59,42,42,42,42,42,29,29,29,53,49,80,68,68,68,51,42,42,35,35,35,35,0],"items_purged":[],"gold":89,"score":248,"play_id":"a40fc4d1-1fcd-4b5b-9f89-21c801d2ace3","local_time":"20180414152759","is_prod":false,"is_daily":false,"chose_seed":false,"is_ascension_mode":false,"campfire_upgraded":5,"timestamp":1523734079,"path_taken":["M","?","?","M","M","R","E","R","T","R","?","E","?","M","R","BOSS","M","?","$","M","M","R","E","M","T","R","M"],"build_version":"2018-04-12","seed_source_timestamp":249273390882504,"purchased_purges":0,"victory":false,"master_deck":["Strike_R","Strike_R","Strike_R","Strike_R","Defend_R+1","Defend_R+1","Defend_R","Defend_R","Bash+1","Power Through","Anger","Seeing Red+1","Thunderclap+1","Headbutt","Battle Trance","Body Slam","Immolate","Spot Weakness+1","Flex","Headbutt","Rampage","Evolve+1"],"max_hp_per_floor":[80,80,80,80,80,80,80,80,80,80,80,80,80,80,80,80,80,80,80,80,80,80,80,87,87,87,87,87],"relics":["Velvet Choker","War Paint","Dream Catcher","Paper Frog","Omamori","Black Star","Pantograph","Vajra","Strawberry","Oddly Smooth Stone"],"card_choices":[{"not_picked":["Havoc","Wild Strike"],"picked":"Power Through","floor":1},{"not_picked":["Uppercut","Havoc"],"picked":"Anger","floor":4},{"not_picked":["Intimidate","Anger"],"picked":"Seeing Red","floor":5},{"not_picked":["Armaments","Dual Wield"],"picked":"Thunderclap","floor":7},{"not_picked":["Clash","Metallicize"],"picked":"Headbutt","floor":12},{"not_picked":["Rupture","Iron Wave"],"picked":"Battle Trance","floor":14},{"not_picked":["Sentinel","Thunderclap"],"picked":"Body Slam","floor":15},{"not_picked":["Dark Embrace","Juggernaut"],"picked":"Immolate","floor":16},{"not_picked":["Wild Strike","Headbutt"],"picked":"Rampage","floor":24},{"not_picked":["Carnage","Armaments"],"picked":"Evolve","floor":25}],"player_experience":84872,"potions_floor_usage":[5,22,24,24,28,28],"damage_taken":[{"damage":0,"enemies":"Small Slimes","floor":1,"turns":2},{"damage":1,"enemies":"Cultist","floor":3,"turns":4},{"damage":6,"enemies":"Jaw Worm","floor":4,"turns":5},{"damage":20,"enemies":"Gremlin Gang","floor":5,"turns":5},{"damage":17,"enemies":"Gremlin Nob","floor":7,"turns":4},{"damage":13,"enemies":"Lagavulin","floor":12,"turns":5},{"damage":0,"enemies":"Looter","floor":14,"turns":3},{"damage":4,"enemies":"Slime Boss","floor":16,"turns":7},{"damage":12,"enemies":"2 Thieves","floor":18,"turns":2},{"damage":17,"enemies":"Shell Parasite","floor":21,"turns":4},{"damage":9,"enemies":"Centurion and Healer","floor":22,"turns":4},{"damage":14,"enemies":"Slavers","floor":24,"turns":4},{"damage":0,"enemies":"3 Cultists","floor":25,"turns":3},{"damage":38,"enemies":"Snake Plant","floor":28,"turns":3}],"event_choices":[{"event_name":"Wheel of Change","player_choice":"Relic","floor":2,"damage_taken":0},{"event_name":"Scrap Ooze","player_choice":"unsuccessful","floor":11,"damage_taken":0},{"event_name":"Living Wall","player_choice":"Forget","floor":13,"damage_taken":0},{"event_name":"The Library","player_choice":"Read","floor":19,"damage_taken":0}],"boss_relics":[{"not_picked":["White Beast Statue","Snecko Eye"],"picked":"Black Star"}],"potions_floor_spawned":[3,5,7,12,14,22,25],"seed_played":"9100538842172803334","killed_by":"Snake Plant","ascension_level":0,"is_trial":false}