{"gold_per_floor":[112,124,144,160,175,175,175,175,175,200,230,230,230,249,249,327,377,396,410,425,425,24,53,23,23,23,23,23,38,38],"floor_reached":30,"playtime":6615,"items_purged":[],"score":500,"play_id":"093c738e-9b38-4bc7-9f2b-986cc5e1676b","local_time":"20190218160623","is_ascension_mode":true,"campfire_choices":[{"data":"Neutralize","floor":6.0,"key":"SMITH"},{"data":"Bouncing Flask","floor":8.0,"key":"SMITH"},{"data":"Deadly Poison","floor":13.0,"key":"SMITH"},{"data":"Catalyst","floor":15.0,"key":"SMITH"},{"floor":25,"key":"REST"}],"neow_cost":"NONE","seed_source_timestamp":0,"circlet_count":0,"master_deck":["AscendersBane","Defend_G","Defend_G","Defend_G","Defend_G","Defend_G","Strike_G","Strike_G","Strike_G+1","Strike_G","Strike_G","Survivor","Neutralize+1","Bouncing Flask+1","Backflip","Dodge and Roll","Deadly Poison+1","Tools of the Trade","Poisoned Stab+1","Heel Hook+1","Catalyst+1","Malaise+1","Backstab+1","Sucker Punch+1","Bane+1","Dagger Spray+1","Outmaneuver","Dodge and Roll","Bane+1"],"special_seed":0,"relics":["Ring of the Snake","Anchor","Kunai","Molten Egg 2","Odd Mushroom","Tiny House","Snake Skull","TwistedFunnel","Darkstone Periapt","Meat on the Bone"],"potions_floor_usage":[18],"damage_taken":[{"damage":0.0,"enemies":"Cultist","floor":1.0,"turns":4.0},{"damage":0.0,"enemies":"2 Louse","floor":2.0,"turns":3.0},{"damage":0.0,"enemies":"Jaw Worm","floor":3.0,"turns":4.0},{"damage":1.0,"enemies":"Looter","floor":4.0,"turns":3.0},{"damage":16.0,"enemies":"Large Slime","floor":5.0,"turns":6.0},{"damage":23.0,"enemies":"Lagavulin","floor":10.0,"turns":6.0},{"damage":14.0,"enemies":"The Mushroom Lair","floor":11.0,"turns":3.0},{"damage":0.0,"enemies":"Exordium Thugs","floor":14.0,"turns":5.0},{"damage":2.0,"enemies":"Hexaghost","floor":16.0,"turns":5.0},{"damage":2,"enemies":"3 Byrds","floor":18,"turns":5},{"damage":1,"enemies":"Chosen","floor":19,"turns":5},{"damage":4,"enemies":"Centurion and Healer","floor":20,"turns":8},{"damage":42,"enemies":"Book of Stabbing","floor":23,"turns":5},{"damage":6,"enemies":"Snecko","floor":29,"turns":5},{"damage":18,"enemies":"Sentry and Sphere","floor":30,"turns":3}],"seed_played":"-8942678694212700038","potions_obtained":[{"floor":1.0,"key":"Strength Potion"},{"floor":10.0,"key":"Explosive Potion"},{"floor":11.0,"key":"LiquidBronze"},{"floor":17.0,"key":"Poison Potion"},{"floor":20,"key":"Ancient Potion"},{"floor":23,"key":"Fire Potion"}],"is_trial":false,"path_per_floor":["M","M","M","M","M","R","?","R","T","E","?","?","R","M","R","B",null,"M","M","M","?","$","E","$","R","T","?","T","M","M"],"character_chosen":"THE_SILENT","items_purchased":["Snake Skull","TwistedFunnel","Dodge and Roll"],"campfire_rested":1,"item_purchase_floors":[22,22,24],"current_hp_per_floor":[59,59,59,58,42,42,42,42,42,19,5,27,27,27,27,25,61,59,58,54,54,54,12,12,33,33,12,12,18,0],"gold":38,"neow_bonus":"RANDOM_COMMON_RELIC","is_prod":false,"is_daily":false,"chose_seed":false,"campfire_upgraded":4,"win_rate":0,"timestamp":1550502383,"path_taken":["M","?","M","M","M","R","?","R","T","E","?","?","R","M","R","BOSS","M","M","M","?","$","E","?","R","T","?","?","M","M"],"build_version":"2019-01-23","purchased_purges":0,"victory":false,"max_hp_per_floor":[66,66,66,66,66,66,66,66,66,66,66,66,66,66,66,66,71,71,71,71,71,71,71,71,71,71,71,71,71,71],"card_choices":[{"not_picked":["Accuracy","Blade Dance"],"picked":"Bouncing Flask","floor":1.0},{"not_picked":["Poisoned Stab","Bane"],"picked":"Backflip","floor":2.0},{"not_picked":["Acrobatics","Quick Slash"],"picked":"Dodge and Roll","floor":3.0},{"not_picked":["Flying Knee","Blade Dance"],"picked":"Deadly Poison","floor":4.0},{"not_picked":["Accuracy","Deadly Poison"],"picked":"Tools of the Trade","floor":5.0},{"not_picked":["Deflect","Die Die Die"],"picked":"Poisoned Stab","floor":10.0},{"not_picked":["PiercingWail","Skewer+1"],"picked":"Heel Hook+1","floor":11.0},{"not_picked":["Deadly Poison","Accuracy"],"picked":"Catalyst","floor":14.0},{"not_picked":["Unload+1","Venomology"],"picked":"Malaise","floor":16.0},{"not_picked":["Concentrate","Accuracy"],"picked":"Backstab+1","floor":17.0},{"not_picked":["Dagger Throw+1","Backflip"],"picked":"Sucker Punch+1","floor":18},{"not_picked":["Cloak And Dagger","Flying Knee+1"],"picked":"Bane+1","floor":19},{"not_picked":["Riddle With Holes+1","Blade Dance"],"picked":"Dagger Spray+1","floor":20},{"not_picked":["Poisoned Stab+1","Bane+1"],"picked":"Outmaneuver","floor":23},{"not_picked":["Deflect","Predator+1"],"picked":"Bane+1","floor":29}],"player_experience":2780239,"relics_obtained":[{"floor":9.0,"key":"Kunai"},{"floor":10.0,"key":"Molten Egg 2"},{"floor":11.0,"key":"Odd Mushroom"},{"floor":23,"key":"Darkstone Periapt"},{"floor":28,"key":"Meat on the Bone"}],"event_choices":[{"damage_healed":0.0,"max_hp_gain":0.0,"max_hp_loss":0.0,"gold_gain":0.0,"event_name":"Liars Game","player_choice":"Ignored","floor":7.0,"gold_loss":0.0,"damage_taken":0.0},{"damage_healed":0.0,"max_hp_gain":0.0,"max_hp_loss":0.0,"gold_gain":0.0,"event_name":"Mushrooms","player_choice":"Fought Mushrooms","floor":11.0,"gold_loss":0.0,"damage_taken":0.0},{"damage_healed":22.0,"max_hp_gain":0.0,"max_hp_loss":0.0,"gold_gain":0.0,"event_name":"Big Fish","player_choice":"Banana","floor":12.0,"gold_loss":0.0,"damage_taken":0.0},{"damage_healed":0,"gold_gain":0,"player_choice":"Upgraded","damage_taken":0,"max_hp_gain":0,"max_hp_loss":0,"event_name":"Upgrade Shrine","floor":21,"gold_loss":0,"cards_upgraded":["Malaise"]},{"damage_healed":0,"gold_gain":0,"player_choice":"Obtained Book","damage_taken":21,"max_hp_gain":0,"max_hp_loss":0,"event_name":"Cursed Tome","floor":27,"gold_loss":0}],"is_beta":false,"boss_relics":[{"not_picked":["Pandora\u0027s Box","Ring of the Serpent"],"picked":"Tiny House"}],"items_purged_floors":[],"is_endless":false,"potions_floor_spawned":[1,10,11,20,23,29],"killed_by":"Sentry and Sphere","ascension_level":20}