{"gold_per_floor":[113,123,135,87,105,105,118,118,118,151,162,162,187,213,213,308,308,322,37,49,63,63,63,93,93,93,110,136,155,174,174,174,174],"floor_reached":33,"playtime":2745,"items_purged":["Strike_R"],"score":279,"play_id":"397180e7-6596-4605-947d-34e51cbd23a2","local_time":"20181216033605","is_ascension_mode":false,"campfire_choices":[{"data":"Disarm","floor":6.0,"key":"SMITH"},{"data":"Flex","floor":8.0,"key":"SMITH"},{"floor":15.0,"key":"REST"},{"data":"Heavy Blade","floor":23,"key":"SMITH"},{"floor":32,"key":"REST"}],"neow_cost":"NONE","seed_source_timestamp":0,"circlet_count":0,"master_deck":["Strike_R+1","Strike_R+1","Strike_R+1","Strike_R+1","Defend_R+1","Defend_R+1","Defend_R+1","Defend_R+1","Bash","Heavy Blade+1","Cleave","Disarm+1","Shrug It Off","Flex+1","Shrug It Off","Headbutt","Offering","Anger","Offering","Bloodletting","Carnage"],"special_seed":0,"relics":["Burning Blood","Pen Nib","Juzu Bracelet","Dodecahedron","Pear","Boot","Lizard Tail","DollysMirror","Regal Pillow","Bottled Flame","Lantern"],"potions_floor_usage":[20,24,24,25],"damage_taken":[{"damage":0.0,"enemies":"Small Slimes","floor":1.0,"turns":3.0},{"damage":14.0,"enemies":"Jaw Worm","floor":2.0,"turns":4.0},{"damage":6.0,"enemies":"2 Louse","floor":3.0,"turns":3.0},{"damage":6.0,"enemies":"Looter","floor":5.0,"turns":4.0},{"damage":11.0,"enemies":"3 Louse","floor":7.0,"turns":3.0},{"damage":11.0,"enemies":"Gremlin Nob","floor":10.0,"turns":4.0},{"damage":5.0,"enemies":"2 Fungi Beasts","floor":11.0,"turns":3.0},{"damage":16.0,"enemies":"Lagavulin","floor":13.0,"turns":8.0},{"damage":86.0,"enemies":"The Guardian","floor":16.0,"turns":12.0},{"damage":25,"enemies":"Shell Parasite","floor":18,"turns":6},{"damage":39,"enemies":"3 Byrds","floor":20,"turns":3},{"damage":16,"enemies":"Snecko","floor":21,"turns":5},{"damage":41,"enemies":"Book of Stabbing","floor":24,"turns":5},{"damage":16,"enemies":"Colosseum Slavers","floor":25,"turns":4},{"damage":9,"enemies":"Centurion and Healer","floor":27,"turns":5},{"damage":34,"enemies":"Cultist and Chosen","floor":29,"turns":7},{"damage":16,"enemies":"Shelled Parasite and Fungi","floor":30,"turns":6},{"damage":77,"enemies":"Automaton","floor":33,"turns":6}],"seed_played":"3507442798456117278","potions_obtained":[{"floor":2.0,"key":"PowerPotion"},{"floor":5.0,"key":"SteroidPotion"},{"floor":7.0,"key":"Block Potion"},{"floor":16.0,"key":"LiquidBronze"},{"floor":18,"key":"SkillPotion"},{"floor":21,"key":"SteroidPotion"},{"floor":24,"key":"Dexterity Potion"}],"is_trial":false,"path_per_floor":["M","M","M","?","M","R","M","R","T","E","M","?","E","T","R","B",null,"M","$","M","M","?","R","E","?","T","M","T","M","M","?","R","B"],"character_chosen":"IRONCLAD","items_purchased":["DollysMirror"],"campfire_rested":2,"item_purchase_floors":[19],"current_hp_per_floor":[80,72,72,72,72,72,67,67,67,62,63,60,60,60,87,7,90,71,71,38,28,58,58,23,13,13,10,10,34,24,24,66,0],"gold":174,"neow_bonus":"THREE_CARDS","is_prod":false,"is_daily":false,"chose_seed":false,"campfire_upgraded":3,"win_rate":0.0,"timestamp":1544949365,"path_taken":["M","M","M","?","M","R","M","R","T","E","M","?","E","?","R","BOSS","M","$","M","M","?","R","E","?","T","M","?","M","M","?","R","BOSS"],"build_version":"2018-12-13","purchased_purges":1,"victory":false,"max_hp_per_floor":[80,80,80,80,80,80,80,80,80,80,80,80,90,90,90,90,90,90,90,90,90,90,90,90,90,90,90,90,90,90,90,90,90],"card_choices":[{"not_picked":["Headbutt","Iron Wave"],"picked":"Heavy Blade","floor":0.0},{"not_picked":["Iron Wave","Dual Wield"],"picked":"Cleave","floor":1.0},{"not_picked":["Rage","Searing Blow"],"picked":"Disarm","floor":2.0},{"not_picked":["True Grit","Intimidate","Body Slam"],"picked":"SKIP","floor":3.0},{"not_picked":["Dark Embrace","Sword Boomerang"],"picked":"Shrug It Off","floor":5.0},{"not_picked":["Bloodletting","Feel No Pain"],"picked":"Flex","floor":7.0},{"not_picked":["Searing Blow","Fiend Fire"],"picked":"Shrug It Off","floor":10.0},{"not_picked":["Rampage","Blood for Blood","Dual Wield"],"picked":"SKIP","floor":11.0},{"not_picked":["Clothesline","Body Slam"],"picked":"Headbutt","floor":13.0},{"not_picked":["Brutality","Feed"],"picked":"Offering","floor":16.0},{"not_picked":["Pommel Strike","Cleave"],"picked":"Anger","floor":18},{"not_picked":["Sever Soul+1","Shrug It Off","True Grit"],"picked":"SKIP","floor":20},{"not_picked":["Clothesline","Cleave","Perfected Strike+1"],"picked":"SKIP","floor":21},{"not_picked":["Thunderclap","Disarm"],"picked":"Bloodletting","floor":24},{"not_picked":["True Grit","Sword Boomerang+1","Metallicize+1"],"picked":"SKIP","floor":27},{"not_picked":["Twin Strike","Heavy Blade"],"picked":"Carnage","floor":29},{"not_picked":["Armaments","Sword Boomerang+1","Intimidate"],"picked":"SKIP","floor":30}],"player_experience":26767,"relics_obtained":[{"floor":9.0,"key":"Pen Nib"},{"floor":10.0,"key":"Juzu Bracelet"},{"floor":13.0,"key":"Pear"},{"floor":14.0,"key":"Boot"},{"floor":24,"key":"Regal Pillow"},{"floor":26,"key":"Bottled Flame"},{"floor":28,"key":"Lantern"}],"event_choices":[{"damage_healed":0.0,"max_hp_gain":0.0,"max_hp_loss":0.0,"gold_gain":0.0,"event_name":"World of Goop","player_choice":"Left Gold","floor":4.0,"gold_loss":48.0,"damage_taken":0.0},{"damage_healed":0.0,"max_hp_gain":0.0,"max_hp_loss":0.0,"gold_gain":0.0,"event_name":"Scrap Ooze","player_choice":"Success","floor":12.0,"gold_loss":0.0,"damage_taken":3.0,"relics_obtained":["Dodecahedron"]},{"damage_healed":30,"gold_gain":0,"player_choice":"Heal","damage_taken":0,"max_hp_gain":0,"max_hp_loss":0,"event_name":"The Library","floor":22,"gold_loss":0},{"damage_healed":0,"gold_gain":0,"player_choice":"Fight","damage_taken":0,"max_hp_gain":0,"max_hp_loss":0,"event_name":"Colosseum","floor":25,"gold_loss":0},{"damage_healed":0,"gold_gain":0,"player_choice":"Fled From Nobs","damage_taken":0,"max_hp_gain":0,"max_hp_loss":0,"event_name":"Colosseum","floor":25,"gold_loss":0},{"damage_healed":0,"gold_gain":0,"player_choice":"Simplicity","damage_taken":0,"max_hp_gain":0,"max_hp_loss":0,"event_name":"Back to Basics","floor":31,"gold_loss":0,"cards_upgraded":["Strike_R","Strike_R","Strike_R","Strike_R","Defend_R","Defend_R","Defend_R","Defend_R"]}],"is_beta":true,"boss_relics":[{"not_picked":["Sozu","Calling Bell"],"picked":"Lizard Tail"}],"items_purged_floors":[19],"is_endless":false,"potions_floor_spawned":[2,5,7,16,18,21,24],"killed_by":"Automaton","ascension_level":0}