{"gold_per_floor":[119,6,6,6,21,49,49,63,63,63,63,63,80,103,103,206,206,220,220,319,63,0,0,0,0,0,17,17,35,35,47,47,147,147,164,174,174],"floor_reached":37,"playtime":1132,"items_purged":["Defend_R","Strike_R"],"score":511,"play_id":"e63df8a8-4539-4822-afc5-4cc8c3a389ea","local_time":"20190508082840","is_ascension_mode":true,"campfire_choices":[{"data":"Rampage","floor":7,"key":"SMITH"},{"data":"Double Tap","floor":10,"key":"SMITH"},{"floor":15,"key":"REST"},{"floor":23,"key":"REST"},{"floor":25,"key":"RECALL"},{"floor":28,"key":"REST"},{"floor":32,"key":"REST"}],"neow_cost":"NONE","seed_source_timestamp":1029159264536520,"circlet_count":0,"master_deck":["Strike_R","Strike_R","Strike_R","Defend_R","Defend_R","Defend_R","Bash","Heavy Blade","Flame Barrier","Rampage+1","Double Tap+1","Havoc+1","Clumsy","Discovery+1","Metallicize","Berserk","Carnage+1","Headbutt+1","Dark Embrace","Disarm+1"],"relics":["Burning Blood","Bronze Scales","Pear","Kunai","Odd Mushroom","Fusion Hammer","MutagenicStrength","Pen Nib","Omamori","Molten Egg 2","War Paint","White Beast Statue"],"potions_floor_usage":[13,14,33,33],"damage_taken":[{"damage":6,"enemies":"Cultist","floor":1,"turns":3},{"damage":12,"enemies":"Jaw Worm","floor":5,"turns":3},{"damage":24,"enemies":"Gremlin Nob","floor":6,"turns":4},{"damage":3,"enemies":"2 Louse","floor":8,"turns":3},{"damage":25,"enemies":"Gremlin Gang","floor":13,"turns":5},{"damage":19,"enemies":"The Mushroom Lair","floor":14,"turns":5},{"damage":31,"enemies":"Slime Boss","floor":16,"turns":7},{"damage":12,"enemies":"Chosen","floor":18,"turns":3},{"damage":1,"enemies":"3 Byrds","floor":27,"turns":2},{"damage":27,"enemies":"Snecko","floor":29,"turns":4},{"damage":14,"enemies":"Cultist and Chosen","floor":31,"turns":5},{"damage":88,"enemies":"Automaton","floor":33,"turns":8},{"damage":24,"enemies":"3 Shapes","floor":35,"turns":4},{"damage":43,"enemies":"3 Darklings","floor":36,"turns":7},{"damage":27,"enemies":"Jaw Worm Horde","floor":37,"turns":2}],"seed_played":"-6141750466591729041","potions_obtained":[{"floor":5,"key":"Dexterity Potion"},{"floor":6,"key":"Block Potion"},{"floor":13,"key":"BloodPotion"},{"floor":14,"key":"EssenceOfSteel"},{"floor":27,"key":"Regen Potion"},{"floor":31,"key":"SkillPotion"},{"floor":35,"key":"Swift Potion"},{"floor":36,"key":"Strength Potion"}],"is_trial":false,"path_per_floor":["?","?","$","?","M","?","?","?","?","?","?","M","M"],"character_chosen":"IRONCLAD","items_purchased":["Flame Barrier","Pen Nib"],"campfire_rested":4,"item_purchase_floors":[2,21],"current_hp_per_floor":[72,72,54,54,48,40,40,43,43,43,43,43,24,20,47,22,73,67,67,67,67,67,90,90,90,90,90,90,69,69,61,88,20,73,55,18,0],"gold":174,"neow_bonus":"REMOVE_CARD","is_prod":false,"is_daily":false,"chose_seed":false,"campfire_upgraded":2,"win_rate":0,"timestamp":1557296920,"path_taken":["M","$","?","?","M","E","R","M","T","R","?","?","?","?","R","BOSS","M","?","?","$","?","R","?","R","T","M","R","M","?","M","R","BOSS","M","?","?"],"build_version":"2019-01-23","purchased_purges":2,"victory":false,"max_hp_per_floor":[80,80,80,80,80,90,90,90,90,90,90,90,90,90,90,90,90,90,90,90,90,90,90,90,90,90,90,90,90,90,90,90,90,90,90,90,90],"card_choices":[{"not_picked":["Reckless Charge","Wild Strike"],"picked":"Heavy Blade","floor":1},{"not_picked":["Body Slam","Headbutt"],"picked":"Rampage","floor":5},{"not_picked":["Blood for Blood","Evolve","Armaments"],"picked":"SKIP","floor":6},{"not_picked":["Cleave","Havoc"],"picked":"Double Tap","floor":8},{"not_picked":["Body Slam","Infernal Blade"],"picked":"Metallicize","floor":13},{"not_picked":["Double Tap","Immolate"],"picked":"Berserk","floor":16},{"not_picked":["Combust","Thunderclap","Uppercut"],"picked":"SKIP","floor":18},{"not_picked":["Heavy Blade+1","Havoc","Clothesline+1"],"picked":"SKIP","floor":27},{"not_picked":["Sword Boomerang+1","Body Slam+1"],"picked":"Carnage+1","floor":29},{"not_picked":["Hemokinesis+1","Warcry"],"picked":"Headbutt+1","floor":31},{"not_picked":["Exhume","Bludgeon+1"],"picked":"Dark Embrace","floor":33},{"not_picked":["Heavy Blade+1","Rage","Flex+1"],"picked":"SKIP","floor":35},{"not_picked":["Armaments","Headbutt+1"],"picked":"Disarm+1","floor":36}],"player_experience":250242,"relics_obtained":[{"floor":6,"key":"Pear"},{"floor":9,"key":"Kunai"},{"floor":14,"key":"Odd Mushroom"},{"floor":26,"key":"Molten Egg 2"}],"event_choices":[{"damage_healed":0,"gold_gain":0,"player_choice":"Success","damage_taken":18,"relics_obtained":["Bronze Scales"],"max_hp_gain":0,"max_hp_loss":0,"event_name":"Scrap Ooze","floor":3,"gold_loss":0},{"damage_healed":0,"gold_gain":0,"player_choice":"Leave","damage_taken":0,"max_hp_gain":0,"max_hp_loss":0,"event_name":"The Cleric","floor":4,"gold_loss":0},{"damage_healed":0,"gold_gain":0,"player_choice":"3 cards matched","damage_taken":0,"max_hp_gain":0,"max_hp_loss":0,"event_name":"Match and Keep!","floor":12,"gold_loss":0,"cards_obtained":["Havoc","Clumsy","Discovery"]},{"damage_healed":0,"gold_gain":0,"player_choice":"Fought Mushrooms","damage_taken":0,"max_hp_gain":0,"max_hp_loss":0,"event_name":"Mushrooms","floor":14,"gold_loss":0},{"damage_healed":0,"gold_gain":0,"player_choice":"Inject Mutagens","damage_taken":0,"relics_obtained":["MutagenicStrength"],"max_hp_gain":0,"max_hp_loss":0,"event_name":"Drug Dealer","floor":19,"gold_loss":0},{"damage_healed":0,"gold_gain":99,"player_choice":"Stole From Cult","damage_taken":0,"max_hp_gain":0,"max_hp_loss":0,"event_name":"Nest","floor":20,"gold_loss":0},{"damage_healed":0,"gold_gain":0,"player_choice":"Paid Fearfully","damage_taken":0,"max_hp_gain":0,"max_hp_loss":0,"event_name":"Masked Bandits","floor":22,"gold_loss":63},{"damage_healed":0,"gold_gain":0,"player_choice":"Opened","damage_taken":0,"relics_obtained":["Omamori"],"max_hp_gain":0,"max_hp_loss":0,"event_name":"The Mausoleum","floor":24,"gold_loss":0},{"damage_healed":0,"gold_gain":0,"player_choice":"Gave Potion","damage_taken":0,"relics_obtained":["War Paint"],"max_hp_gain":0,"max_hp_loss":0,"event_name":"WeMeetAgain","floor":30,"gold_loss":0}],"is_beta":false,"boss_relics":[{"not_picked":["Ectoplasm","Tiny House"],"picked":"Fusion Hammer"},{"not_picked":["Orrery","Astrolabe"],"picked":"White Beast Statue"}],"items_purged_floors":[2,21],"is_endless":false,"potions_floor_spawned":[5,6,13,14,27,31,35,36],"killed_by":"Jaw Worm Horde","ascension_level":8}