{"gold_per_floor":[109,109,184,184,203,229,243,277,277,310,310,320,320,335,335,438,438,455,100,100,100,117,117],"floor_reached":23,"playtime":1000,"items_purged":["Strike_R"],"score":339,"play_id":"4e5314cb-fcf1-4b4a-a381-90c9f2e4a8c6","local_time":"20190510123316","is_ascension_mode":true,"campfire_choices":[{"data":"Body Slam","floor":11,"key":"SMITH"},{"data":"Entrench","floor":13,"key":"SMITH"},{"data":"Body Slam","floor":15,"key":"SMITH"}],"neow_cost":"NONE","seed_source_timestamp":520773191319801,"circlet_count":0,"master_deck":["Strike_R+1","Strike_R","Strike_R","Strike_R","Defend_R","Defend_R","Defend_R","Defend_R","Bash+1","Body Slam+1","Flame Barrier","Body Slam+1","Shrug It Off","Entrench+1","Battle Trance","Shrug It Off","Entrench+1"],"relics":["Burning Blood","NeowsBlessing","Whetstone","Kunai","Smiling Mask","Matryoshka","Black Star","Bottled Lightning"],"potions_floor_usage":[8,8,10,16,16,22],"damage_taken":[{"damage":0,"enemies":"Jaw Worm","floor":1,"turns":1},{"damage":0,"enemies":"2 Louse","floor":5,"turns":1},{"damage":0,"enemies":"Lagavulin","floor":6,"turns":1},{"damage":1,"enemies":"Cultist","floor":7,"turns":3},{"damage":17,"enemies":"Gremlin Nob","floor":8,"turns":4},{"damage":25,"enemies":"3 Sentries","floor":10,"turns":9},{"damage":4,"enemies":"Exordium Thugs","floor":12,"turns":5},{"damage":3,"enemies":"Blue Slaver","floor":14,"turns":3},{"damage":13,"enemies":"The Guardian","floor":16,"turns":12},{"damage":23,"enemies":"Spheric Guardian","floor":18,"turns":6},{"damage":12,"enemies":"Shell Parasite","floor":22,"turns":7},{"damage":66,"enemies":"Slavers","floor":23,"turns":5}],"seed_played":"-7569858120675774163","potions_obtained":[{"floor":1,"key":"Poison Potion"},{"floor":4,"key":"Block Potion"},{"floor":4,"key":"FearPotion"},{"floor":8,"key":"PowerPotion"},{"floor":14,"key":"Poison Potion"},{"floor":16,"key":"EssenceOfSteel"}],"is_trial":false,"path_per_floor":["M","$","?","?","M","E","M","E","T","E","R","M","R","M","R","B",null,"M","$","?","?","M","E"],"character_chosen":"IRONCLAD","items_purchased":["Shrug It Off","Bottled Lightning"],"campfire_rested":0,"item_purchase_floors":[19,19],"current_hp_per_floor":[78,78,67,67,73,79,80,69,69,50,50,52,52,55,55,48,72,55,55,55,55,49,0],"gold":117,"neow_bonus":"THREE_ENEMY_KILL","is_prod":false,"is_daily":false,"chose_seed":false,"campfire_upgraded":3,"win_rate":0,"timestamp":1557484396,"path_taken":["M","$","?","?","M","E","M","E","T","E","R","?","R","M","R","BOSS","M","$","?","?","?","E"],"build_version":"2019-01-23","purchased_purges":1,"victory":false,"max_hp_per_floor":[80,80,80,80,80,80,80,80,80,80,80,80,80,80,80,80,80,80,80,80,80,80,80],"card_choices":[{"not_picked":["Entrench","Anger"],"picked":"Body Slam","floor":1},{"not_picked":["Second Wind","Headbutt"],"picked":"Flame Barrier","floor":5},{"not_picked":["Iron Wave","Havoc","Headbutt"],"picked":"SKIP","floor":6},{"not_picked":["Shockwave","Fire Breathing"],"picked":"Body Slam","floor":7},{"not_picked":["Headbutt","Flex"],"picked":"Shrug It Off","floor":8},{"not_picked":["Whirlwind","Anger","Hemokinesis"],"picked":"SKIP","floor":10},{"not_picked":["Headbutt","Shockwave"],"picked":"Entrench","floor":12},{"not_picked":["Twin Strike","Pommel Strike"],"picked":"Battle Trance","floor":14},{"not_picked":["Heavy Blade","Cleave+1","Shockwave"],"picked":"SKIP","floor":18},{"not_picked":["Clash","Twin Strike+1","Flex"],"picked":"SKIP","floor":22}],"player_experience":442988,"relics_obtained":[{"floor":6,"key":"Whetstone"},{"floor":8,"key":"Kunai"},{"floor":9,"key":"Smiling Mask"},{"floor":10,"key":"Matryoshka"}],"event_choices":[{"damage_healed":0,"gold_gain":75,"player_choice":"Gather Gold","damage_taken":11,"max_hp_gain":0,"max_hp_loss":0,"event_name":"World of Goop","floor":3,"gold_loss":0},{"damage_healed":0,"gold_gain":0,"player_choice":"Got Potions","damage_taken":0,"max_hp_gain":0,"max_hp_loss":0,"event_name":"Lab","floor":4,"gold_loss":0},{"damage_healed":0,"gold_gain":0,"player_choice":"Ignored","damage_taken":0,"max_hp_gain":0,"max_hp_loss":0,"event_name":"Cursed Tome","floor":20,"gold_loss":0},{"damage_healed":0,"gold_gain":0,"player_choice":"Copied","damage_taken":0,"max_hp_gain":0,"max_hp_loss":0,"event_name":"Duplicator","floor":21,"gold_loss":0,"cards_obtained":["Entrench"]}],"is_beta":false,"boss_relics":[{"not_picked":["Cursed Key","White Beast Statue"],"picked":"Black Star"}],"items_purged_floors":[19],"is_endless":false,"potions_floor_spawned":[1,8,14,16],"killed_by":"Slavers","ascension_level":9}