{"gold_per_floor":[359,376,376,389,152,187,112,112,112,112,65,65,165,199,199,277,277,277,247,93,93,93,93,93,93,93,93,93,93,93,93,93,93,93,93,93,93,54,54,54,54,54,54,54,54,54,54,54,54,54],"floor_reached":51,"playtime":3304,"items_purged":["Strike_G"],"score":1215,"play_id":"867847f3-d05c-47e4-9452-aa895ecb25ed","local_time":"20190429193253","is_ascension_mode":true,"campfire_choices":[{"floor":8.0,"key":"REST"},{"data":"Infinite Blades","floor":10.0,"key":"SMITH"},{"floor":15.0,"key":"REST"},{"data":"Accuracy","floor":24.0,"key":"SMITH"},{"data":"Blade Dance","floor":28.0,"key":"SMITH"},{"data":"Neutralize","floor":30.0,"key":"SMITH"},{"floor":32.0,"key":"REST"},{"data":"Cloak And Dagger","floor":41.0,"key":"SMITH"},{"data":"After Image","floor":45.0,"key":"SMITH"},{"data":"Cloak And Dagger","floor":47.0,"key":"SMITH"},{"floor":49.0,"key":"REST"}],"neow_cost":"CURSE","seed_source_timestamp":0,"circlet_count":0,"master_deck":["AscendersBane","Defend_G","Defend_G","Defend_G","Defend_G","Defend_G","Strike_G","Strike_G","Strike_G","Strike_G","Survivor","Neutralize+1","Deadly Poison","Infinite Blades+1","Bane","Accuracy+1","Dodge and Roll","Backflip","Blade Dance+1","Dagger Throw","Corpse Explosion","Slice","Quick Slash","Escape Plan","Terror+1","Footwork+1","Blade Dance","Burst","Escape Plan","Footwork","Cloak And Dagger+1","After Image+1","Cloak And Dagger+1"],"special_seed":0,"relics":["Ring of the Snake","Happy Flower","Meat on the Bone","Vajra","Du-Vu Doll","PreservedInsect","Ectoplasm","Anchor","Pen Nib","Regal Pillow","Bag of Preparation","WristBlade","The Courier","Strawberry","Omamori"],"potions_floor_usage":[50,50,50,50],"damage_taken":[{"damage":7.0,"enemies":"2 Louse","floor":1.0,"turns":4.0},{"damage":0.0,"enemies":"Cultist","floor":2.0,"turns":4.0},{"damage":4.0,"enemies":"Small Slimes","floor":4.0,"turns":3.0},{"damage":33.0,"enemies":"Lagavulin","floor":6.0,"turns":8.0},{"damage":11.0,"enemies":"Gremlin Nob","floor":14.0,"turns":4.0},{"damage":9.0,"enemies":"Slime Boss","floor":16.0,"turns":9.0},{"damage":2.0,"enemies":"3 Byrds","floor":18.0,"turns":3.0},{"damage":19.0,"enemies":"2 Thieves","floor":19.0,"turns":2.0},{"damage":4.0,"enemies":"Chosen and Byrds","floor":21.0,"turns":5.0},{"damage":17.0,"enemies":"Book of Stabbing","floor":23.0,"turns":4.0},{"damage":22.0,"enemies":"Centurion and Healer","floor":25.0,"turns":3.0},{"damage":0.0,"enemies":"3 Cultists","floor":27.0,"turns":2.0},{"damage":2.0,"enemies":"Cultist and Chosen","floor":29.0,"turns":3.0},{"damage":13.0,"enemies":"Snecko","floor":31.0,"turns":3.0},{"damage":55.0,"enemies":"Champ","floor":33.0,"turns":8.0},{"damage":0.0,"enemies":"3 Shapes","floor":35.0,"turns":2.0},{"damage":0.0,"enemies":"3 Darklings","floor":37.0,"turns":1.0},{"damage":38.0,"enemies":"Reptomancer","floor":40.0,"turns":5.0},{"damage":8.0,"enemies":"Spire Growth","floor":44.0,"turns":2.0},{"damage":2.0,"enemies":"Jaw Worm Horde","floor":46.0,"turns":2.0},{"damage":0.0,"enemies":"Maw","floor":48.0,"turns":5.0},{"damage":47,"enemies":"Donu and Deca","floor":50,"turns":6}],"seed_played":"-4447304350893764825","potions_obtained":[{"floor":1.0,"key":"SpeedPotion"},{"floor":4.0,"key":"Weak Potion"},{"floor":16.0,"key":"EssenceOfSteel"},{"floor":23.0,"key":"GamblersBrew"},{"floor":27.0,"key":"Poison Potion"},{"floor":31.0,"key":"Ancient Potion"},{"floor":35.0,"key":"EssenceOfSteel"},{"floor":42.0,"key":"EntropicBrew"},{"floor":42.0,"key":"Fire Potion"},{"floor":48.0,"key":"LiquidBronze"}],"is_trial":false,"path_per_floor":["M","M","?","M","$","E","$","R","T","R","$","?","?","E","R","B",null,"M","M","$","M","T","E","R","M","T","M","R","M","R","M","R","B",null,"M","?","M","$","T","E","R","?","T","M","R","M","R","M","R","B",null],"character_chosen":"THE_SILENT","items_purchased":["Accuracy","Happy Flower","Dodge and Roll","Blade Dance","Anchor","Footwork"],"campfire_rested":4,"item_purchase_floors":[5,5,5,11,20,38],"current_hp_per_floor":[52,52,52,48,48,15,15,34,34,34,34,34,34,35,54,45,61,59,40,40,36,36,31,31,21,21,33,33,43,43,42,66,23,55,55,55,55,55,55,36,36,36,36,40,40,38,38,38,73,38],"gold":54,"neow_bonus":"TWO_FIFTY_GOLD","is_prod":false,"is_daily":false,"chose_seed":false,"campfire_upgraded":7,"win_rate":0,"timestamp":1556591573,"path_taken":["M","M","?","M","$","E","?","R","T","R","$","?","?","E","R","BOSS","M","?","?","M","?","E","R","M","T","M","R","M","R","?","R","BOSS","M","?","M","$","?","E","R","?","T","M","R","M","R","?","R","BOSS"],"build_version":"2019-01-23","purchased_purges":1,"victory":true,"max_hp_per_floor":[66,66,66,66,66,66,66,66,66,66,66,66,66,66,66,66,66,66,66,66,66,66,66,66,66,66,66,66,66,66,66,66,66,66,66,66,66,66,66,73,73,73,73,73,73,73,73,73,73,73],"card_choices":[{"not_picked":["Blade Dance","Outmaneuver"],"picked":"Deadly Poison","floor":1.0},{"not_picked":["Terror","Quick Slash"],"picked":"Infinite Blades","floor":2.0},{"not_picked":["Backflip","Outmaneuver"],"picked":"Bane","floor":4.0},{"not_picked":["Dagger Spray","Deflect"],"picked":"Backflip","floor":6.0},{"not_picked":["Skewer","Outmaneuver"],"picked":"Dagger Throw","floor":14.0},{"not_picked":["Venomology","Night Terror"],"picked":"Corpse Explosion","floor":16.0},{"not_picked":["Underhanded Strike","Prepared"],"picked":"Slice","floor":18.0},{"not_picked":["Underhanded Strike","Endless Agony"],"picked":"Quick Slash","floor":19.0},{"not_picked":["Flechettes","Dagger Spray","Masterful Stab"],"picked":"SKIP","floor":21.0},{"not_picked":["Skewer","Glass Knife","PiercingWail"],"picked":"SKIP","floor":23.0},{"not_picked":["Tactician+1","Masterful Stab"],"picked":"Escape Plan","floor":25.0},{"not_picked":["Acrobatics+1","Expertise"],"picked":"Terror+1","floor":27.0},{"not_picked":["Skewer","Slice"],"picked":"Footwork+1","floor":29.0},{"not_picked":["Dagger Spray","Crippling Poison"],"picked":"Blade Dance","floor":31.0},{"not_picked":["Unload","Die Die Die"],"picked":"Burst","floor":33.0},{"not_picked":["PiercingWail","Dagger Spray"],"picked":"Escape Plan","floor":35.0},{"not_picked":["Flechettes+1","Poisoned Stab","Dagger Spray"],"picked":"SKIP","floor":37.0},{"not_picked":["Blade Dance","Backstab"],"picked":"Cloak And Dagger","floor":40.0},{"not_picked":["Backflip","PiercingWail"],"picked":"After Image","floor":44.0},{"not_picked":["All Out Attack","Tactician"],"picked":"Cloak And Dagger","floor":46.0},{"not_picked":["Masterful Stab","Flechettes","Bouncing Flask+1"],"picked":"SKIP","floor":48.0}],"player_experience":612636,"relics_obtained":[{"floor":6.0,"key":"Meat on the Bone"},{"floor":9.0,"key":"Vajra"},{"floor":14.0,"key":"PreservedInsect"},{"floor":22.0,"key":"Pen Nib"},{"floor":23.0,"key":"Regal Pillow"},{"floor":26.0,"key":"Bag of Preparation"},{"floor":39.0,"key":"The Courier"},{"floor":40.0,"key":"Strawberry"},{"floor":43.0,"key":"Omamori"}],"event_choices":[{"cards_removed":["Injury"],"damage_healed":0.0,"max_hp_gain":0.0,"max_hp_loss":0.0,"gold_gain":0.0,"event_name":"Fountain of Cleansing","player_choice":"Removed Curses","floor":3.0,"gold_loss":0.0,"damage_taken":0.0},{"damage_healed":0.0,"max_hp_gain":0.0,"max_hp_loss":0.0,"gold_gain":0.0,"event_name":"Dead Adventurer","player_choice":"Searched \u00271\u0027 times","floor":12.0,"gold_loss":0.0,"damage_taken":0.0,"relics_obtained":["Du-Vu Doll"]},{"damage_healed":0.0,"max_hp_gain":0.0,"max_hp_loss":0.0,"gold_gain":100.0,"event_name":"Wheel of Change","player_choice":"Gold","floor":13.0,"gold_loss":0.0,"damage_taken":0.0},{"damage_healed":0.0,"max_hp_gain":0.0,"max_hp_loss":0.0,"gold_gain":50.0,"event_name":"Golden Shrine","player_choice":"Pray","floor":36.0,"gold_loss":0.0,"damage_taken":0.0},{"damage_healed":0.0,"max_hp_gain":0.0,"max_hp_loss":0.0,"gold_gain":0.0,"event_name":"Lab","player_choice":"Got Potions","floor":42.0,"gold_loss":0.0,"damage_taken":0.0}],"is_beta":false,"boss_relics":[{"not_picked":["Velvet Choker","Orrery"],"picked":"Ectoplasm"},{"not_picked":["Calling Bell","Lizard Tail"],"picked":"WristBlade"}],"items_purged_floors":[7],"is_endless":false,"potions_floor_spawned":[1,4,16,23,27,29,31,35,44,48],"ascension_level":15}