{"path_per_floor":["M","M","M","M","M","R","M","M","T","M","M","M","?","M","R","B",null,"M","M","M","?"],"character_chosen":"THE_SILENT","items_purchased":[],"gold_per_floor":[117,137,147,166,178,178,194,208,253,267,281,297,297,313,313,409,409,420,431,449,449,449],"floor_reached":22,"campfire_rested":2,"playtime":2336,"current_hp_per_floor":[68,68,66,29,29,50,44,39,39,28,28,28,28,17,53,14,70,56,46,18,18,0],"items_purged":[],"gold":449,"score":188,"play_id":"2cca1077-655b-4a0b-829c-097b6400f037","local_time":"20180408043002","is_prod":false,"is_daily":false,"is_ascension_mode":false,"campfire_upgraded":0,"timestamp":1523176202,"path_taken":["M","M","M","M","M","R","M","M","T","?","M","M","?","M","R","BOSS","M","M","M","?","M"],"build_version":"2018-04-05v2","purchased_purges":0,"victory":false,"master_deck":["Defend_G","Defend_G","Defend_G","Defend_G","Defend_G","Strike_G","Strike_G","Strike_G","Strike_G","Strike_G","Survivor","Neutralize","Underhanded Strike","Quick Slash","Quick Slash","Backstab","All Out Attack","Adrenaline","Terror","Poisoned Stab","Malaise","Outmaneuver","Deadly Poison","Wraith Form","Backstab+1","Quick Slash","Prepared","Deep Breath"],"max_hp_per_floor":[70,70,70,70,70,70,70,70,70,70,70,70,70,70,70,70,70,70,70,70,70,70],"relics":["Ring of the Snake","Oddly Smooth Stone","Regal Pillow","Sozu"],"card_choices":[{"not_picked":["Venomology","Deadly Poison"],"picked":"Underhanded Strike","floor":1},{"not_picked":["Acrobatics","Heel Hook"],"picked":"Quick Slash","floor":2},{"not_picked":["Heel Hook","Poisoned Stab"],"picked":"Quick Slash","floor":3},{"not_picked":["Flechettes","Choke"],"picked":"Backstab","floor":4},{"not_picked":["Deadly Poison","Footwork"],"picked":"All Out Attack","floor":5},{"not_picked":["Slice","Flying Knee"],"picked":"Adrenaline","floor":7},{"not_picked":["Deadly Poison","Sucker Punch"],"picked":"Terror","floor":8},{"not_picked":["Skewer","Infinite Blades"],"picked":"Poisoned Stab","floor":10},{"not_picked":["Blade Dance","Deflect"],"picked":"Malaise","floor":11},{"not_picked":["Predator","Deflect"],"picked":"Outmaneuver","floor":12},{"not_picked":["Sucker Punch","Reflex"],"picked":"Deadly Poison","floor":14},{"not_picked":["A Thousand Cuts","Unload"],"picked":"Wraith Form","floor":16},{"not_picked":["Terror","Distraction"],"picked":"Backstab","floor":18},{"not_picked":["Dagger Throw","Acrobatics"],"picked":"Quick Slash","floor":19},{"not_picked":["Well Laid Plans","Endless Agony"],"picked":"Prepared","floor":20}],"player_experience":2882,"potions_floor_usage":[],"damage_taken":[{"damage":2,"enemies":"Cultist","floor":1,"turns":4},{"damage":0,"enemies":"Small Slimes","floor":2,"turns":4},{"damage":2,"enemies":"Jaw Worm","floor":3,"turns":4},{"damage":37,"enemies":"Gremlin Gang","floor":4,"turns":6},{"damage":0,"enemies":"Blue Slaver","floor":5,"turns":4},{"damage":6,"enemies":"Lots of Slimes","floor":7,"turns":3},{"damage":5,"enemies":"Exordium Wildlife","floor":8,"turns":4},{"damage":11,"enemies":"Large Slime","floor":10,"turns":5},{"damage":0,"enemies":"3 Louse","floor":11,"turns":2},{"damage":0,"enemies":"Exordium Thugs","floor":12,"turns":3},{"damage":11,"enemies":"Large Slime","floor":14,"turns":4},{"damage":39,"enemies":"Hexaghost","floor":16,"turns":8},{"damage":14,"enemies":"3 Byrds","floor":18,"turns":6},{"damage":10,"enemies":"Spheric Guardian","floor":19,"turns":4},{"damage":28,"enemies":"Snecko","floor":20,"turns":5},{"damage":19,"enemies":"Centurion and Healer","floor":22,"turns":5}],"event_choices":[{"event_name":"Wheel of Change","player_choice":"Relic","floor":13,"damage_taken":0},{"event_name":"Match and Keep!","player_choice":"1 cards matched","floor":21,"damage_taken":0}],"boss_relics":[{"not_picked":["Orrery","Lizard Tail"],"picked":"Sozu"}],"potions_floor_spawned":[2,3,4,11,12,18,20],"seed_played":"7386063366060099660","killed_by":"Centurion and Healer","ascension_level":0,"is_trial":false}