{"gold_per_floor":[115,290,300,300,320,320,340,340,340,370,370,387,401,417,417,520,520,530,530,545,557,573,573,573],"floor_reached":24,"playtime":981,"items_purged":[],"score":202,"play_id":"e3d81d1d-12df-4f43-9b21-e965516869ce","local_time":"20190325174234","is_ascension_mode":false,"campfire_choices":[{"data":"Zap","floor":6,"key":"SMITH"},{"data":"Redo","floor":8,"key":"SMITH"},{"data":"Go for the Eyes","floor":11,"key":"SMITH"},{"data":"Redo","floor":15,"key":"SMITH"},{"floor":23,"key":"REST"}],"neow_cost":"NONE","seed_source_timestamp":465397989474378,"circlet_count":0,"master_deck":["Strike_B","Strike_B","Strike_B","Strike_B","Defend_B","Defend_B","Defend_B","Defend_B","Zap+1","Dualcast","Ball Lightning","Doubt","Stack","Ball Lightning","Redo+1","Go for the Eyes+1","Redo","Redo+1","Sweeping Beam","Buffer","Defragment+1","RitualDagger","Static Discharge+1"],"relics":["Cracked Core","NeowsBlessing","Shuriken","Sundial","Lizard Tail"],"potions_floor_usage":[13,22,22,24],"damage_taken":[{"damage":0,"enemies":"Jaw Worm","floor":1,"turns":1},{"damage":0,"enemies":"Small Slimes","floor":3,"turns":1},{"damage":0,"enemies":"Cultist","floor":5,"turns":1},{"damage":3,"enemies":"Gremlin Gang","floor":7,"turns":3},{"damage":9,"enemies":"Gremlin Nob","floor":10,"turns":4},{"damage":1,"enemies":"2 Fungi Beasts","floor":12,"turns":2},{"damage":5,"enemies":"Looter","floor":13,"turns":2},{"damage":16,"enemies":"Exordium Thugs","floor":14,"turns":4},{"damage":20,"enemies":"Slime Boss","floor":16,"turns":8},{"damage":15,"enemies":"Spheric Guardian","floor":18,"turns":4},{"damage":12,"enemies":"Shell Parasite","floor":20,"turns":4},{"damage":49,"enemies":"Sentry and Sphere","floor":21,"turns":7},{"damage":25,"enemies":"Cultist and Chosen","floor":22,"turns":5},{"damage":34,"enemies":"Book of Stabbing","floor":24,"turns":4}],"seed_played":"2345650629106679088","potions_obtained":[{"floor":1,"key":"Poison Potion"},{"floor":10,"key":"PowerPotion"},{"floor":12,"key":"FocusPotion"},{"floor":13,"key":"GamblersBrew"},{"floor":21,"key":"AttackPotion"}],"is_trial":false,"path_per_floor":["?","?","M","M","?"],"character_chosen":"DEFECT","items_purchased":[],"campfire_rested":1,"item_purchase_floors":[],"current_hp_per_floor":[75,75,75,75,75,75,72,72,72,63,63,62,57,41,41,21,75,60,54,42,37,12,34,0],"gold":573,"neow_bonus":"THREE_ENEMY_KILL","is_prod":false,"is_daily":false,"chose_seed":false,"campfire_upgraded":4,"win_rate":0.0,"timestamp":1553532154,"path_taken":["M","?","M","?","M","R","M","R","T","E","R","M","?","?","R","BOSS","M","?","M","M","M","R","E"],"build_version":"2019-01-23","purchased_purges":0,"victory":false,"max_hp_per_floor":[75,75,75,75,75,75,75,75,75,75,75,75,75,75,75,75,75,75,75,75,75,75,75,75],"card_choices":[{"not_picked":["Capacitor","Coolheaded"],"picked":"Ball Lightning","floor":1},{"not_picked":["Streamline","White Noise"],"picked":"Stack","floor":3},{"not_picked":["Turbo","Steam"],"picked":"Ball Lightning","floor":5},{"not_picked":["Defragment","Consume"],"picked":"Redo","floor":7},{"not_picked":["Gash","Machine Learning"],"picked":"Go for the Eyes","floor":10},{"not_picked":["Force Field","Ball Lightning"],"picked":"Redo","floor":12},{"not_picked":["Beam Cell","Cold Snap"],"picked":"Redo","floor":13},{"not_picked":["Cold Snap","White Noise"],"picked":"Sweeping Beam","floor":14},{"not_picked":["Creative AI","Core Surge"],"picked":"Buffer","floor":16},{"not_picked":["White Noise","Sweeping Beam"],"picked":"Defragment+1","floor":18},{"not_picked":["Sunder","Gash+1","Blizzard"],"picked":"SKIP","floor":20},{"not_picked":["Cold Snap","Scrape","Double Energy"],"picked":"SKIP","floor":21},{"not_picked":["Go for the Eyes","Coolheaded"],"picked":"Static Discharge+1","floor":22}],"player_experience":30393,"relics_obtained":[{"floor":9,"key":"Shuriken"},{"floor":10,"key":"Sundial"}],"event_choices":[{"damage_healed":0,"gold_gain":175,"player_choice":"AGREE","damage_taken":0,"max_hp_gain":0,"max_hp_loss":0,"event_name":"Liars Game","floor":2,"gold_loss":0,"cards_obtained":["Doubt"]},{"damage_healed":0,"gold_gain":0,"player_choice":"Ignored","damage_taken":0,"max_hp_gain":0,"max_hp_loss":0,"event_name":"NoteForYourself","floor":4,"gold_loss":0},{"damage_healed":0,"gold_gain":0,"player_choice":"Joined the Cult","damage_taken":6,"max_hp_gain":0,"max_hp_loss":0,"event_name":"Nest","floor":19,"gold_loss":0,"cards_obtained":["RitualDagger"]}],"is_beta":false,"boss_relics":[{"not_picked":["Coffee Dripper","Runic Pyramid"],"picked":"Lizard Tail"}],"items_purged_floors":[],"is_endless":false,"potions_floor_spawned":[1,10,12,13,20,21],"killed_by":"Book of Stabbing","ascension_level":0}