{"gold_per_floor":[115,265,104,122,122,122,147,147,170,170,69,69,69,110,110,199,199,220,200,200,215,27,27,27],"floor_reached":24,"playtime":1972,"items_purged":["Doubt","Strike_G"],"score":395,"play_id":"b4a1d6e5-342e-41d2-b23f-51b9d0a7d4af","local_time":"20190402171731","is_ascension_mode":true,"campfire_choices":[{"floor":6,"key":"REST"},{"floor":8,"key":"REST"},{"data":"Neutralize","floor":10,"key":"SMITH"},{"floor":15,"key":"REST"},{"floor":23,"key":"REST"}],"neow_cost":"PERCENT_DAMAGE","seed_source_timestamp":501156865515546,"circlet_count":0,"master_deck":["AscendersBane","Defend_G","Defend_G","Defend_G","Defend_G","Defend_G","Strike_G","Strike_G","Survivor","Neutralize+1","Tools of the Trade","Predator","Infinite Blades","Escape Plan","Underhanded Strike","Cloak And Dagger+1","Accuracy+1","Deflect","Backstab","Unload","Deflect","Accuracy+1"],"relics":["Ring of the Snake","Matryoshka","Frozen Egg 2","Bronze Scales","Juzu Bracelet","Golden Idol","Spirit Poop","Bag of Preparation","Sozu"],"potions_floor_usage":[14,16],"damage_taken":[{"damage":0,"enemies":"2 Louse","floor":1,"turns":2},{"damage":4,"enemies":"Small Slimes","floor":4,"turns":4},{"damage":14,"enemies":"Lagavulin","floor":7,"turns":7},{"damage":21,"enemies":"Gremlin Nob","floor":14,"turns":4},{"damage":32,"enemies":"Slime Boss","floor":16,"turns":9},{"damage":18,"enemies":"Shell Parasite","floor":18,"turns":5},{"damage":13,"enemies":"Chosen","floor":21,"turns":4},{"damage":44,"enemies":"Gremlin Leader","floor":24,"turns":5}],"seed_played":"7698463355564427100","potions_obtained":[{"floor":7,"key":"AttackPotion"},{"floor":14,"key":"Strength Potion"},{"floor":16,"key":"Fire Potion"}],"is_trial":false,"path_per_floor":["M","?","$","M","?","R","E","R","T","R","$","?","?","E","R","B",null,"M","?","?","M","$","R","E"],"character_chosen":"THE_SILENT","items_purchased":["Escape Plan","Accuracy+1","Deflect","Accuracy+1"],"campfire_rested":4,"item_purchase_floors":[3,11,11,22],"current_hp_per_floor":[44,44,44,40,22,41,27,46,46,46,46,46,46,25,44,12,53,35,35,35,22,22,41,0],"gold":27,"neow_bonus":"TRANSFORM_TWO_CARDS","is_prod":false,"is_daily":false,"chose_seed":false,"campfire_upgraded":1,"win_rate":0,"timestamp":1554218251,"path_taken":["M","?","$","M","?","R","E","R","T","R","$","?","?","E","R","BOSS","M","?","?","M","?","R","E"],"build_version":"2019-01-23","purchased_purges":2,"victory":false,"max_hp_per_floor":[66,66,66,66,66,66,66,66,66,66,66,66,66,66,66,66,66,66,66,66,66,66,66,66],"card_choices":[{"not_picked":["Blade Dance","Slice"],"picked":"Infinite Blades","floor":1},{"not_picked":["Outmaneuver","Bane"],"picked":"Underhanded Strike","floor":4},{"not_picked":["Backflip","Blur"],"picked":"Cloak And Dagger","floor":7},{"not_picked":["Riddle With Holes","Outmaneuver"],"picked":"Backstab","floor":14},{"not_picked":["Bullet Time","Glass Knife"],"picked":"Unload","floor":16},{"not_picked":["Outmaneuver","Acrobatics","Bane"],"picked":"SKIP","floor":18},{"not_picked":["Flying Knee","Poisoned Stab"],"picked":"Deflect","floor":21}],"player_experience":3014405,"relics_obtained":[{"floor":7,"key":"Frozen Egg 2"},{"floor":9,"key":"Bronze Scales"},{"floor":9,"key":"Juzu Bracelet"},{"floor":14,"key":"Bag of Preparation"}],"event_choices":[{"damage_healed":0,"gold_gain":150,"player_choice":"AGREE","damage_taken":0,"max_hp_gain":0,"max_hp_loss":0,"event_name":"Liars Game","floor":2,"gold_loss":0,"cards_obtained":["Doubt"]},{"damage_healed":0,"gold_gain":0,"player_choice":"Success","damage_taken":18,"relics_obtained":["Matryoshka"],"max_hp_gain":0,"max_hp_loss":0,"event_name":"Scrap Ooze","floor":5,"gold_loss":0},{"damage_healed":0,"gold_gain":0,"player_choice":"Take Wound","damage_taken":0,"relics_obtained":["Golden Idol"],"max_hp_gain":0,"max_hp_loss":0,"event_name":"Golden Idol","floor":12,"gold_loss":0,"cards_obtained":["Injury"]},{"cards_removed":["Injury"],"damage_healed":0,"gold_gain":0,"player_choice":"Offered Curse","damage_taken":0,"relics_obtained":["Spirit Poop"],"max_hp_gain":0,"max_hp_loss":0,"event_name":"Bonfire Elementals","floor":13,"gold_loss":0},{"damage_healed":0,"gold_gain":0,"player_choice":"Bought 1 Potion","damage_taken":0,"max_hp_gain":0,"max_hp_loss":0,"event_name":"The Woman in Blue","floor":19,"gold_loss":0},{"damage_healed":0,"gold_gain":0,"player_choice":"Forge","damage_taken":0,"max_hp_gain":0,"max_hp_loss":0,"event_name":"Accursed Blacksmith","floor":20,"gold_loss":0,"cards_upgraded":["Cloak And Dagger"]}],"is_beta":false,"boss_relics":[{"not_picked":["Runic Pyramid","Astrolabe"],"picked":"Sozu"}],"items_purged_floors":[3,22],"is_endless":false,"potions_floor_spawned":[7,14,16,18,21],"killed_by":"Gremlin Leader","ascension_level":20}