{"gold_per_floor":[116,126,126,126,126,151,151,178,202,217,236,236,236,249,249,249],"floor_reached":16,"playtime":541,"items_purged":[],"score":196,"play_id":"60e0676b-bd58-429e-989d-05f7cbcc597a","local_time":"20190510213533","is_ascension_mode":true,"campfire_choices":[{"data":"Body Slam","floor":7.0,"key":"SMITH"},{"floor":15,"key":"REST"}],"neow_cost":"NONE","seed_source_timestamp":553743885119729,"circlet_count":0,"master_deck":["Strike_R","Strike_R","Strike_R","Strike_R","Strike_R","Defend_R","Defend_R","Defend_R","Defend_R","Bash","Body Slam","Body Slam+1","Parasite","Flame Barrier"],"special_seed":0,"relics":["Burning Blood","NeowsBlessing","Blue Candle","Ornamental Fan","Boot","Smiling Mask","Potion Belt"],"potions_floor_usage":[],"damage_taken":[{"damage":0.0,"enemies":"Jaw Worm","floor":1.0,"turns":1.0},{"damage":0.0,"enemies":"Cultist","floor":2.0,"turns":1.0},{"damage":0.0,"enemies":"Lagavulin","floor":6.0,"turns":1.0},{"damage":36.0,"enemies":"3 Sentries","floor":8.0,"turns":9.0},{"damage":8,"enemies":"2 Louse","floor":10,"turns":3},{"damage":25,"enemies":"Large Slime","floor":11,"turns":7},{"damage":7,"enemies":"Looter","floor":14,"turns":4},{"damage":67,"enemies":"Hexaghost","floor":16,"turns":11}],"seed_played":"707482422807863583","potions_obtained":[{"floor":6.0,"key":"LiquidBronze"},{"floor":11,"key":"Fire Potion"}],"is_trial":false,"path_per_floor":["M","M","$","?","T","E","R","E","T","M","M","?","?","M","R","B"],"character_chosen":"IRONCLAD","items_purchased":[],"campfire_rested":1,"item_purchase_floors":[],"current_hp_per_floor":[78,80,80,68,68,74,74,44,44,42,23,43,43,42,66,0],"gold":249,"neow_bonus":"THREE_ENEMY_KILL","is_prod":false,"is_daily":false,"chose_seed":false,"campfire_upgraded":1,"win_rate":0,"timestamp":1557516933,"path_taken":["M","M","$","?","?","E","R","E","T","?","M","?","?","M","R","BOSS"],"build_version":"2019-01-23","purchased_purges":0,"victory":false,"max_hp_per_floor":[80,80,80,80,80,80,80,80,80,80,80,80,80,80,80,80],"card_choices":[{"not_picked":["Blood for Blood","Whirlwind"],"picked":"Body Slam","floor":1.0},{"not_picked":["Anger","Pommel Strike","Twin Strike"],"picked":"SKIP","floor":2.0},{"not_picked":["Heavy Blade","Armaments"],"picked":"Body Slam","floor":6.0},{"not_picked":["Hemokinesis","Bloodletting","Exhume"],"picked":"SKIP","floor":8.0},{"not_picked":["Clothesline","Havoc","Perfected Strike"],"picked":"SKIP","floor":10},{"not_picked":["Twin Strike","Intimidate","Heavy Blade"],"picked":"SKIP","floor":11},{"not_picked":["Armaments","Pummel"],"picked":"Flame Barrier","floor":14}],"player_experience":448671,"relics_obtained":[{"floor":5.0,"key":"Ornamental Fan"},{"floor":6.0,"key":"Boot"},{"floor":8.0,"key":"Smiling Mask"},{"floor":9.0,"key":"Potion Belt"}],"event_choices":[{"damage_healed":0.0,"max_hp_gain":0.0,"max_hp_loss":0.0,"gold_gain":0.0,"event_name":"Scrap Ooze","player_choice":"Success","floor":4.0,"gold_loss":0.0,"damage_taken":12.0,"relics_obtained":["Blue Candle"]},{"damage_healed":20,"gold_gain":0,"player_choice":"Healed and dodged fight","damage_taken":0,"max_hp_gain":0,"max_hp_loss":0,"event_name":"Mushrooms","floor":12,"gold_loss":0,"cards_obtained":["Parasite"]},{"damage_healed":0,"gold_gain":0,"player_choice":"Ignored","damage_taken":0,"max_hp_gain":0,"max_hp_loss":0,"event_name":"Liars Game","floor":13,"gold_loss":0}],"is_beta":false,"boss_relics":[],"items_purged_floors":[],"is_endless":false,"potions_floor_spawned":[6,11],"killed_by":"Hexaghost","ascension_level":9}