{"gold_per_floor":[117,127,47,197,212,212,246,256,281,293,338,350,327,358,370,459,471,493,555,586,609,621],"floor_reached":22,"playtime":2320,"items_purged":[],"score":392,"play_id":"6d4938d9-4ce3-456d-9acf-fdb187683d9c","local_time":"20190423085304","is_ascension_mode":true,"campfire_choices":[{"data":"Defragment","floor":6,"key":"SMITH"},{"floor":10,"key":"REST"},{"data":"Capacitor","floor":12,"key":"SMITH"},{"data":"Chaos","floor":15,"key":"SMITH"}],"neow_cost":"NONE","seed_source_timestamp":90530376456673,"circlet_count":0,"master_deck":["AscendersBane","Strike_B","Strike_B+1","Strike_B","Strike_B+1","Defend_B","Defend_B","Defend_B","Defend_B","Zap","Dualcast","Coolheaded","Glacier","Capacitor+1","Doubt","Defragment+1","White Noise","Reinforced Body","Static Discharge","Chaos+1","Machine Learning","Conserve Battery","Steam+1","White Noise"],"relics":["Cracked Core","Blood Vial","Whetstone","MawBank","Juzu Bracelet","Nuclear Battery"],"potions_floor_usage":[7,16],"damage_taken":[{"damage":10,"enemies":"2 Louse","floor":1,"turns":2},{"damage":0,"enemies":"Small Slimes","floor":2,"turns":3},{"damage":11,"enemies":"Jaw Worm","floor":5,"turns":6},{"damage":41,"enemies":"Gremlin Nob","floor":7,"turns":6},{"damage":0,"enemies":"Gremlin Gang","floor":8,"turns":4},{"damage":15,"enemies":"3 Sentries","floor":11,"turns":3},{"damage":3,"enemies":"Blue Slaver","floor":14,"turns":5},{"damage":26,"enemies":"Slime Boss","floor":16,"turns":14},{"damage":17,"enemies":"Shell Parasite","floor":18,"turns":7},{"damage":6,"enemies":"Chosen","floor":20,"turns":7},{"damage":14,"enemies":"Sentry and Sphere","floor":21,"turns":5},{"damage":27,"enemies":"Snake Plant","floor":22,"turns":3}],"seed_played":"6513184038158459721","potions_obtained":[{"floor":5,"key":"SkillPotion"},{"floor":7,"key":"FearPotion"},{"floor":8,"key":"Energy Potion"},{"floor":11,"key":"PowerPotion"},{"floor":18,"key":"Strength Potion"},{"floor":20,"key":"Swift Potion"}],"is_trial":false,"path_per_floor":["M","M","$","?","M","R","E","M","T","R","E","R","?","M","R","B",null,"M","?","M","M","M"],"character_chosen":"DEFECT","items_purchased":["Capacitor"],"campfire_rested":1,"item_purchase_floors":[3],"current_hp_per_floor":[56,58,58,58,49,49,10,12,12,33,20,20,37,36,36,12,56,41,41,37,25,0],"gold":621,"neow_bonus":"RANDOM_COMMON_RELIC","is_prod":false,"is_daily":false,"chose_seed":false,"campfire_upgraded":3,"win_rate":0,"timestamp":1556002384,"path_taken":["M","M","$","?","M","R","E","M","T","R","E","R","?","M","R","BOSS","M","?","M","M","M"],"build_version":"2019-01-23","purchased_purges":0,"victory":false,"max_hp_per_floor":[71,71,71,71,71,71,71,71,71,71,71,71,71,71,71,71,71,71,71,71,71,71],"card_choices":[{"not_picked":["Barrage","Leap"],"picked":"Coolheaded","floor":1},{"not_picked":["Conserve Battery","Hologram"],"picked":"Glacier","floor":2},{"not_picked":["Stack","Genetic Algorithm"],"picked":"Defragment","floor":5},{"not_picked":["Static Discharge","Steam Power"],"picked":"White Noise","floor":7},{"not_picked":["Sweeping Beam","Streamline"],"picked":"Reinforced Body","floor":8},{"not_picked":["Rebound","Barrage"],"picked":"Static Discharge","floor":11},{"not_picked":["Barrage","Turbo"],"picked":"Chaos","floor":14},{"not_picked":["Rainbow","Reboot"],"picked":"Machine Learning","floor":16},{"not_picked":["Stack","Scrape"],"picked":"Conserve Battery","floor":18},{"not_picked":["Barrage","Rip and Tear"],"picked":"Steam+1","floor":20},{"not_picked":["Redo","Barrage"],"picked":"White Noise","floor":21}],"player_experience":3166408,"relics_obtained":[{"floor":7,"key":"Whetstone"},{"floor":9,"key":"MawBank"},{"floor":11,"key":"Juzu Bracelet"}],"event_choices":[{"damage_healed":0,"gold_gain":150,"player_choice":"AGREE","damage_taken":0,"max_hp_gain":0,"max_hp_loss":0,"event_name":"Liars Game","floor":4,"gold_loss":0,"cards_obtained":["Doubt"]},{"damage_healed":17,"gold_gain":0,"player_choice":"Healed","damage_taken":0,"max_hp_gain":0,"max_hp_loss":0,"event_name":"The Cleric","floor":13,"gold_loss":35},{"damage_healed":0,"gold_gain":50,"player_choice":"Stole From Cult","damage_taken":0,"max_hp_gain":0,"max_hp_loss":0,"event_name":"Nest","floor":19,"gold_loss":0}],"is_beta":false,"boss_relics":[{"not_picked":["Fusion Hammer","Astrolabe"],"picked":"Nuclear Battery"}],"items_purged_floors":[],"is_endless":false,"potions_floor_spawned":[5,7,8,11,18,20],"killed_by":"Snake Plant","ascension_level":20}