{"gold_per_floor":[119,294,310,327,327,361,361,388,463,463,463,483,483,483,483,583,583,602,615,253,267,140,175,193,222,249,249,262,273,308,308,308,308],"floor_reached":33,"playtime":2070,"items_purged":["Doubt","Strike_B"],"score":354,"play_id":"777c8376-436d-4e43-8abb-a8d7a4f9bb10","local_time":"20190416065211","is_ascension_mode":true,"campfire_choices":[{"data":"Genetic Algorithm","floor":7.0,"key":"SMITH"},{"floor":10.0,"key":"REST"},{"floor":13.0,"key":"REST"},{"data":"Zap","floor":15.0,"key":"SMITH"},{"data":"Dualcast","floor":32,"key":"SMITH"}],"neow_cost":"NONE","seed_source_timestamp":178277536527617,"circlet_count":0,"master_deck":["Strike_B","Strike_B","Strike_B","Defend_B","Defend_B","Defend_B","Defend_B","Zap+1","Dualcast+1","Genetic Algorithm+1","Static Discharge","Coolheaded","Undo","Reboot","Recycle","Rainbow","Conserve Battery+1","Seek","Chaos","Conserve Battery","Chill","Rip and Tear","Streamline+1","Go for the Eyes+1","Ball Lightning","Beam Cell+1","BootSequence","Writhe"],"special_seed":0,"relics":["Cracked Core","Symbiotic Virus","Dead Branch","Bronze Scales","Question Card","Peace Pipe","Odd Mushroom","Busted Crown","Membership Card","Juzu Bracelet","Dodecahedron","Pear","WingedGreaves"],"potions_floor_usage":[21,33,33],"damage_taken":[{"damage":11.0,"enemies":"Small Slimes","floor":1.0,"turns":3.0},{"damage":8.0,"enemies":"Jaw Worm","floor":3.0,"turns":3.0},{"damage":0.0,"enemies":"Cultist","floor":4.0,"turns":4.0},{"damage":31.0,"enemies":"Gremlin Nob","floor":6.0,"turns":5.0},{"damage":13.0,"enemies":"Lagavulin","floor":8.0,"turns":6.0},{"damage":5.0,"enemies":"The Mushroom Lair","floor":12.0,"turns":5.0},{"damage":33.0,"enemies":"Hexaghost","floor":16.0,"turns":9.0},{"damage":8.0,"enemies":"2 Thieves","floor":18.0,"turns":4.0},{"damage":0.0,"enemies":"Chosen","floor":19.0,"turns":5.0},{"damage":20,"enemies":"Sentry and Sphere","floor":21,"turns":4},{"damage":13,"enemies":"Slavers","floor":23,"turns":6},{"damage":0,"enemies":"Snecko","floor":24,"turns":6},{"damage":16,"enemies":"Book of Stabbing","floor":25,"turns":5},{"damage":0,"enemies":"Cultist and Chosen","floor":28,"turns":5},{"damage":0,"enemies":"Sentry and Sphere","floor":29,"turns":4},{"damage":27,"enemies":"Gremlin Leader","floor":30,"turns":7},{"damage":39,"enemies":"Champ","floor":33,"turns":11}],"seed_played":"-6939079696931160351","potions_obtained":[{"floor":1.0,"key":"Ancient Potion"},{"floor":6.0,"key":"Regen Potion"},{"floor":14.0,"key":"SpeedPotion"},{"floor":14.0,"key":"SneckoOil"},{"floor":14.0,"key":"Fruit Juice"},{"floor":18.0,"key":"FearPotion"},{"floor":19.0,"key":"Strength Potion"},{"floor":23,"key":"SpeedPotion"}],"is_trial":false,"path_per_floor":["?","T","?","?","?","?","?"],"character_chosen":"DEFECT","items_purchased":["Membership Card","Seek","Chaos","Chill","Rip and Tear"],"campfire_rested":2,"item_purchase_floors":[20,20,20,22,22],"current_hp_per_floor":[64,64,56,56,56,25,25,27,27,49,24,19,41,41,41,13,80,72,72,72,52,52,39,39,23,23,49,49,49,32,32,32,0],"gold":308,"neow_bonus":"THREE_CARDS","is_prod":false,"is_daily":false,"chose_seed":false,"campfire_upgraded":3,"win_rate":0,"timestamp":1555390331,"path_taken":["M","?","M","M","?","E","R","E","T","R","?","?","R","?","R","BOSS","M","M","$","M","$","E","M","E","T","?","M","M","E","?","R","BOSS"],"build_version":"2019-01-23","purchased_purges":2,"victory":false,"max_hp_per_floor":[75,75,75,75,75,75,75,75,75,75,75,75,75,75,75,80,80,80,80,80,80,80,80,80,80,80,80,80,80,90,90,90,90],"card_choices":[{"not_picked":["Cold Snap","Compile Driver"],"picked":"Genetic Algorithm","floor":0.0},{"not_picked":["FTL","Cold Snap"],"picked":"Static Discharge","floor":1.0},{"not_picked":["Compile Driver","Barrage"],"picked":"Coolheaded","floor":3.0},{"not_picked":["Static Discharge","Turbo"],"picked":"Undo","floor":4.0},{"not_picked":["Stack","White Noise"],"picked":"Reboot","floor":6.0},{"not_picked":["Conserve Battery","Stack"],"picked":"Recycle","floor":8.0},{"not_picked":["Amplify","Echo Form","Creative AI"],"picked":"Rainbow","floor":16.0},{"not_picked":["Go for the Eyes","Auto Shields"],"picked":"SKIP","floor":18.0},{"not_picked":["Aggregate"],"picked":"Conserve Battery+1","floor":19.0},{"not_picked":["Doom and Gloom"],"picked":"Conserve Battery","floor":21},{"not_picked":["Cold Snap"],"picked":"Streamline+1","floor":23},{"not_picked":["Heatsinks+1"],"picked":"Go for the Eyes+1","floor":24},{"not_picked":["Reprogram+1","Gash+1"],"picked":"SKIP","floor":25},{"not_picked":["Turbo"],"picked":"Ball Lightning","floor":28},{"not_picked":["BootSequence"],"picked":"Beam Cell+1","floor":29},{"not_picked":["Static Discharge"],"picked":"BootSequence","floor":30}],"player_experience":76146,"relics_obtained":[{"floor":5.0,"key":"Symbiotic Virus"},{"floor":6.0,"key":"Dead Branch"},{"floor":8.0,"key":"Bronze Scales"},{"floor":9.0,"key":"Question Card"},{"floor":12.0,"key":"Odd Mushroom"},{"floor":23,"key":"Juzu Bracelet"},{"floor":25,"key":"Dodecahedron"},{"floor":30,"key":"Pear"}],"event_choices":[{"damage_healed":0.0,"max_hp_gain":0.0,"max_hp_loss":0.0,"gold_gain":175.0,"event_name":"Liars Game","player_choice":"AGREE","floor":2.0,"gold_loss":0.0,"damage_taken":0.0,"cards_obtained":["Doubt"]},{"damage_healed":0.0,"max_hp_gain":0.0,"max_hp_loss":0.0,"gold_gain":0.0,"event_name":"Scrap Ooze","player_choice":"Success","floor":11.0,"gold_loss":0.0,"damage_taken":25.0,"relics_obtained":["Peace Pipe"]},{"damage_healed":0.0,"max_hp_gain":0.0,"max_hp_loss":0.0,"gold_gain":0.0,"event_name":"Mushrooms","player_choice":"Fought Mushrooms","floor":12.0,"gold_loss":0.0,"damage_taken":0.0},{"damage_healed":0.0,"max_hp_gain":0.0,"max_hp_loss":0.0,"gold_gain":0.0,"event_name":"Lab","player_choice":"Got Potions","floor":14.0,"gold_loss":0.0,"damage_taken":0.0},{"damage_healed":26,"gold_gain":0,"player_choice":"Heal","damage_taken":0,"max_hp_gain":0,"max_hp_loss":0,"event_name":"The Library","floor":27,"gold_loss":0},{"damage_healed":0,"gold_gain":0,"player_choice":"Opened","damage_taken":0,"relics_obtained":["WingedGreaves"],"max_hp_gain":0,"max_hp_loss":0,"event_name":"The Mausoleum","floor":31,"gold_loss":0,"cards_obtained":["Writhe"]}],"is_beta":false,"boss_relics":[{"not_picked":["Calling Bell","Runic Dome"],"picked":"Busted Crown"}],"items_purged_floors":[20,22],"is_endless":false,"potions_floor_spawned":[1,6,18,19,23,24,29],"killed_by":"Champ","ascension_level":1}