{"gold_per_floor":[114,39,39,39,51,81,81,81,105,105,105,105,30,56,56,130,130,149,73,93,93,108,108,208,208,277,306,323,323,341,353,353,429,429,447,447,95,106,206,206,234,234,234,234,63,63,63,78,78,78],"floor_reached":50,"playtime":6689,"items_purged":["Strike_G"],"score":1209,"play_id":"74e51803-a2af-488e-ae62-139797e727be","local_time":"20190208091510","is_ascension_mode":true,"campfire_choices":[{"data":"Catalyst","floor":7,"key":"SMITH"},{"data":"Footwork","floor":10,"key":"SMITH"},{"data":"Noxious Fumes","floor":12,"key":"SMITH"},{"data":"Neutralize","floor":15,"key":"SMITH"},{"data":"Well Laid Plans","floor":23,"key":"SMITH"},{"floor":25,"key":"REST"},{"floor":29,"key":"REST"},{"floor":32,"key":"REST"},{"floor":40,"key":"REST"},{"data":"Malaise","floor":44,"key":"SMITH"},{"floor":46,"key":"RECALL"},{"floor":49,"key":"REST"}],"neow_cost":"NONE","seed_source_timestamp":827199971364373,"circlet_count":0,"master_deck":["AscendersBane","Defend_G","Defend_G","Defend_G","Defend_G","Defend_G","Survivor","Neutralize","Catalyst+1","Footwork+1","Deadly Poison+1","Neutralize+1","Noxious Fumes+1","Well Laid Plans+1","Footwork","Corpse Explosion","Bouncing Flask","Tools of the Trade","Acrobatics","Footwork+1","Deadly Poison","Well Laid Plans+1","Malaise+1","Venomology","Deadly Poison","Footwork+1","Tools of the Trade+1","Catalyst","Dash","Decay","Deflect"],"relics":["Ring of the Snake","NeowsBlessing","WingedGreaves","PreservedInsect","Bag of Marbles","Velvet Choker","Girya","Frozen Egg 2","Sundial","Paper Crane","Empty Cage","CultistMask","TheAbacus","Turnip","Vajra"],"potions_floor_usage":[24,24,27,30,31,33,39,41,48,50,50],"damage_taken":[{"damage":0,"enemies":"Small Slimes","floor":1,"turns":1},{"damage":0,"enemies":"2 Louse","floor":5,"turns":1},{"damage":0,"enemies":"3 Sentries","floor":6,"turns":2},{"damage":0,"enemies":"Gremlin Nob","floor":14,"turns":3},{"damage":6,"enemies":"The Guardian","floor":16,"turns":8},{"damage":15,"enemies":"Spheric Guardian","floor":18,"turns":5},{"damage":4,"enemies":"Chosen","floor":20,"turns":4},{"damage":5,"enemies":"Snecko","floor":22,"turns":4},{"damage":12,"enemies":"Colosseum Slavers","floor":24,"turns":4},{"damage":7,"enemies":"Colosseum Nobs","floor":24,"turns":3},{"damage":14,"enemies":"Book of Stabbing","floor":27,"turns":5},{"damage":10,"enemies":"Snake Plant","floor":28,"turns":4},{"damage":3,"enemies":"Centurion and Healer","floor":30,"turns":4},{"damage":9,"enemies":"Shelled Parasite and Fungi","floor":31,"turns":5},{"damage":35,"enemies":"Champ","floor":33,"turns":8},{"damage":19,"enemies":"3 Shapes","floor":35,"turns":5},{"damage":20,"enemies":"3 Darklings","floor":38,"turns":5},{"damage":0,"enemies":"Mind Bloom Boss Battle","floor":39,"turns":6},{"damage":0,"enemies":"Nemesis","floor":41,"turns":5},{"damage":29,"enemies":"Spire Growth","floor":48,"turns":7},{"damage":35,"enemies":"Donu and Deca","floor":50,"turns":3}],"seed_played":"-6956475208859928595","potions_obtained":[{"floor":1,"key":"Energy Potion"},{"floor":5,"key":"Fire Potion"},{"floor":24,"key":"Block Potion"},{"floor":27,"key":"AttackPotion"},{"floor":28,"key":"Swift Potion"},{"floor":30,"key":"Swift Potion"},{"floor":48,"key":"Dexterity Potion"}],"is_trial":false,"path_per_floor":["M","?","$","?","M","E","R","?","T","R","?","R","$","E","R","B",null,"M","$","M","?","M","R","?","R","T","E","M","R","M","M","R","B",null,"M","?","$","M","?","R","E","?","T","R","$","R","?","M","R","B"],"character_chosen":"THE_SILENT","items_purchased":["Well Laid Plans","Bouncing Flask","Deadly Poison","TheAbacus","Catalyst","Dash"],"campfire_rested":5,"item_purchase_floors":[13,19,37,37,45,45],"current_hp_per_floor":[59,59,59,52,52,52,52,52,52,52,52,52,52,52,52,46,61,46,46,42,42,37,37,18,37,37,23,13,32,29,20,39,4,51,32,32,32,12,12,31,31,31,31,31,31,31,31,2,21,0],"gold":78,"neow_bonus":"THREE_ENEMY_KILL","is_prod":false,"is_daily":false,"chose_seed":false,"campfire_upgraded":6,"win_rate":0,"timestamp":1549613710,"path_taken":["M","?","$","?","?","E","R","?","T","R","?","R","$","E","R","BOSS","M","$","M","?","M","R","?","R","T","E","M","R","M","M","R","BOSS","M","?","$","?","?","R","E","?","T","R","$","R","?","M","R","BOSS"],"build_version":"2019-01-23","purchased_purges":1,"victory":false,"max_hp_per_floor":[66,66,66,66,66,66,66,66,66,66,66,66,66,66,66,66,66,66,66,66,66,66,66,66,66,66,66,66,66,66,66,66,66,66,66,66,66,66,66,66,66,66,66,66,66,66,66,66,66,66],"card_choices":[{"not_picked":["Dagger Spray","Backstab"],"picked":"Catalyst","floor":1},{"not_picked":["Slice","Dagger Throw"],"picked":"Footwork","floor":5},{"not_picked":["Dagger Throw","Escape Plan"],"picked":"Deadly Poison","floor":6},{"not_picked":["Dagger Throw","Malaise"],"picked":"Footwork","floor":14},{"not_picked":["Unload","Phantasmal Killer"],"picked":"Corpse Explosion","floor":16},{"not_picked":["Flying Knee","Outmaneuver","Prepared"],"picked":"SKIP","floor":18},{"not_picked":["Riddle With Holes+1","Accuracy"],"picked":"Tools of the Trade","floor":20},{"not_picked":["Bane","Endless Agony"],"picked":"Acrobatics","floor":22},{"not_picked":["Poisoned Stab","Dagger Throw"],"picked":"Footwork","floor":24},{"not_picked":["Endless Agony","Acrobatics"],"picked":"Deadly Poison","floor":27},{"not_picked":["Slice","Prepared"],"picked":"Well Laid Plans+1","floor":28},{"not_picked":["Underhanded Strike","Infinite Blades+1"],"picked":"Malaise","floor":30},{"not_picked":["Deflect","Choke","Blade Dance"],"picked":"SKIP","floor":31},{"not_picked":["Envenom+1","Bullet Time"],"picked":"Venomology","floor":33},{"not_picked":["Poisoned Stab+1","Endless Agony","Tactician"],"picked":"SKIP","floor":35},{"not_picked":["Quick Slash","Sucker Punch"],"picked":"Footwork+1","floor":38},{"not_picked":["Accuracy+1","Quick Slash"],"picked":"Tools of the Trade+1","floor":41},{"not_picked":["Accuracy+1","Flechettes+1"],"picked":"Deflect","floor":48}],"player_experience":2741003,"relics_obtained":[{"floor":6,"key":"WingedGreaves"},{"floor":9,"key":"PreservedInsect"},{"floor":14,"key":"Bag of Marbles"},{"floor":24,"key":"Girya"},{"floor":24,"key":"Frozen Egg 2"},{"floor":26,"key":"Sundial"},{"floor":27,"key":"Paper Crane"},{"floor":39,"key":"Turnip"},{"floor":41,"key":"Vajra"}],"event_choices":[{"cards_removed":["Strike_G"],"damage_healed":0,"gold_gain":0,"player_choice":"Card Removal","damage_taken":0,"max_hp_gain":0,"max_hp_loss":0,"event_name":"The Cleric","floor":2,"gold_loss":75},{"cards_removed":["Strike_G"],"damage_healed":0,"gold_gain":0,"player_choice":"Card Removal","damage_taken":7,"max_hp_gain":0,"max_hp_loss":0,"event_name":"Golden Wing","floor":4,"gold_loss":0},{"damage_healed":0,"gold_gain":0,"player_choice":"Grow","damage_taken":0,"max_hp_gain":0,"max_hp_loss":0,"event_name":"Living Wall","floor":8,"gold_loss":0,"cards_upgraded":["Deadly Poison"]},{"damage_healed":0,"gold_gain":0,"player_choice":"2 cards matched","damage_taken":0,"max_hp_gain":0,"max_hp_loss":0,"event_name":"Match and Keep!","floor":11,"gold_loss":0,"cards_obtained":["Neutralize","Noxious Fumes"]},{"damage_healed":0,"gold_gain":0,"player_choice":"Ignored","damage_taken":0,"max_hp_gain":0,"max_hp_loss":0,"event_name":"Vampires","floor":21,"gold_loss":0},{"damage_healed":0,"gold_gain":0,"player_choice":"Fight","damage_taken":0,"max_hp_gain":0,"max_hp_loss":0,"event_name":"Colosseum","floor":24,"gold_loss":0},{"damage_healed":0,"gold_gain":0,"player_choice":"Fought Nobs","damage_taken":0,"max_hp_gain":0,"max_hp_loss":0,"event_name":"Colosseum","floor":24,"gold_loss":0},{"damage_healed":0,"gold_gain":0,"player_choice":"Trade","damage_taken":0,"relics_obtained":["CultistMask"],"max_hp_gain":0,"max_hp_loss":0,"event_name":"FaceTrader","floor":36,"gold_loss":0},{"damage_healed":0,"gold_gain":0,"player_choice":"Fight","damage_taken":0,"max_hp_gain":0,"max_hp_loss":0,"event_name":"MindBloom","floor":39,"gold_loss":0},{"damage_healed":0,"gold_gain":0,"player_choice":"Ignored","damage_taken":0,"max_hp_gain":0,"max_hp_loss":0,"event_name":"Tomb of Lord Red Mask","floor":42,"gold_loss":0},{"damage_healed":0,"gold_gain":0,"player_choice":"Cursed","damage_taken":0,"max_hp_gain":0,"max_hp_loss":0,"event_name":"Wheel of Change","floor":47,"gold_loss":0,"cards_obtained":["Decay"]}],"is_beta":false,"boss_relics":[{"not_picked":["White Beast Statue","Runic Dome"],"picked":"Velvet Choker"},{"not_picked":["Lizard Tail","Sozu"],"picked":"Empty Cage"}],"items_purged_floors":[37],"is_endless":false,"potions_floor_spawned":[1,5,6,24,24,27,28,30,48],"killed_by":"Donu and Deca","ascension_level":20}