{"gold_per_floor":[114,114,128,278,288,317,317,317],"floor_reached":8,"playtime":578,"items_purged":[],"score":112,"play_id":"589c027d-eac5-4382-8d61-f4b25b55e605","local_time":"20190410034720","is_ascension_mode":true,"campfire_choices":[{"floor":7,"key":"REST"}],"neow_cost":"NONE","seed_source_timestamp":1145149320876547,"circlet_count":0,"master_deck":["AscendersBane","Defend_G","Defend_G","Defend_G","Defend_G","Defend_G","Strike_G","Strike_G","Strike_G","Strike_G","Strike_G","Survivor","Neutralize","Sucker Punch","Regret","Caltrops","Doubt","Backstab","Noxious Fumes"],"relics":["Ring of the Snake","NeowsBlessing","Potion Belt","Regal Pillow"],"potions_floor_usage":[6,6],"damage_taken":[{"damage":0,"enemies":"2 Louse","floor":1,"turns":1},{"damage":0,"enemies":"Small Slimes","floor":3,"turns":1},{"damage":0,"enemies":"Cultist","floor":5,"turns":1},{"damage":53,"enemies":"3 Sentries","floor":6,"turns":13},{"damage":44,"enemies":"Lagavulin","floor":8,"turns":6}],"seed_played":"-761935332328944388","potions_obtained":[{"floor":1,"key":"SpeedPotion"},{"floor":5,"key":"Weak Potion"}],"is_trial":false,"path_per_floor":["M","?","M","?","M","E","R","E"],"character_chosen":"THE_SILENT","items_purchased":[],"campfire_rested":1,"item_purchase_floors":[],"current_hp_per_floor":[59,59,59,59,59,6,40,0],"gold":317,"neow_bonus":"THREE_ENEMY_KILL","is_prod":false,"is_daily":false,"chose_seed":false,"campfire_upgraded":0,"win_rate":0,"timestamp":1554860840,"path_taken":["M","?","M","?","M","E","R","E"],"build_version":"2019-01-23","purchased_purges":0,"victory":false,"max_hp_per_floor":[66,66,66,66,66,66,66,66],"card_choices":[{"not_picked":["Prepared","Tactician"],"picked":"Sucker Punch","floor":1},{"not_picked":["Distraction","Backflip"],"picked":"Caltrops","floor":3},{"not_picked":["Blade Dance","Blur"],"picked":"Backstab","floor":5},{"not_picked":["Catalyst","Deflect"],"picked":"Noxious Fumes","floor":6}],"player_experience":3069625,"relics_obtained":[{"floor":6,"key":"Regal Pillow"}],"event_choices":[{"damage_healed":0,"gold_gain":0,"player_choice":"Box","damage_taken":0,"relics_obtained":["Potion Belt"],"max_hp_gain":0,"max_hp_loss":0,"event_name":"Big Fish","floor":2,"gold_loss":0,"cards_obtained":["Regret"]},{"damage_healed":0,"gold_gain":150,"player_choice":"AGREE","damage_taken":0,"max_hp_gain":0,"max_hp_loss":0,"event_name":"Liars Game","floor":4,"gold_loss":0,"cards_obtained":["Doubt"]}],"is_beta":false,"boss_relics":[],"items_purged_floors":[],"is_endless":false,"potions_floor_spawned":[1,5],"killed_by":"Lagavulin","ascension_level":20}