{"gold_per_floor":[117,132,132,144,144,144,179,179,209,234,234,265,37,56,56,151,151,164,42,58,41,54,54,89,108,134,134],"floor_reached":27,"playtime":1127,"items_purged":["Strike_R","Defend_R"],"score":389,"play_id":"b1c5843c-a6bf-43cc-8257-81926dced886","local_time":"20190511010514","is_ascension_mode":true,"campfire_choices":[{"floor":6.0,"key":"REST"},{"floor":8.0,"key":"REST"},{"floor":11.0,"key":"REST"},{"floor":15,"key":"REST"},{"floor":23,"key":"REST"}],"neow_cost":"NONE","seed_source_timestamp":565742386841987,"circlet_count":0,"master_deck":["Strike_R","Strike_R","Strike_R","Strike_R","Defend_R+1","Defend_R+1","Defend_R","Bash","Spot Weakness","Pommel Strike","Pummel","Twin Strike","Inflame","Pommel Strike+1","Flex+1"],"special_seed":0,"relics":["Burning Blood","Sundial","Tiny Chest","Anchor","Calipers","Membership Card","Eternal Feather","Pen Nib","Pantograph","Strawberry"],"potions_floor_usage":[14,16,18,22,25],"damage_taken":[{"damage":16.0,"enemies":"Jaw Worm","floor":1.0,"turns":6.0},{"damage":9.0,"enemies":"2 Louse","floor":2.0,"turns":3.0},{"damage":1.0,"enemies":"Cultist","floor":4.0,"turns":4.0},{"damage":40.0,"enemies":"Gremlin Nob","floor":7.0,"turns":4.0},{"damage":39.0,"enemies":"Lagavulin","floor":10.0,"turns":8.0},{"damage":20,"enemies":"3 Sentries","floor":12,"turns":9},{"damage":7,"enemies":"Lots of Slimes","floor":14,"turns":3},{"damage":40,"enemies":"Slime Boss","floor":16,"turns":11},{"damage":27,"enemies":"2 Thieves","floor":18,"turns":4},{"damage":40,"enemies":"Spheric Guardian","floor":20,"turns":6},{"damage":19,"enemies":"Shelled Parasite and Fungi","floor":22,"turns":4},{"damage":21,"enemies":"Book of Stabbing","floor":24,"turns":3},{"damage":23,"enemies":"Snake Plant","floor":25,"turns":5},{"damage":35,"enemies":"Snecko","floor":27,"turns":4}],"seed_played":"-671325555144245620","potions_obtained":[{"floor":4.0,"key":"FairyPotion"},{"floor":7.0,"key":"FearPotion"},{"floor":10.0,"key":"Poison Potion"},{"floor":14,"key":"SteroidPotion"},{"floor":16,"key":"Block Potion"},{"floor":18,"key":"SkillPotion"},{"floor":24,"key":"SkillPotion"}],"is_trial":false,"path_per_floor":["M","M","?","M","?","R","E","R","T","E","R","E","$","M","R","B",null,"M","$","M","$","M","R","E","M","T","M"],"character_chosen":"IRONCLAD","items_purchased":["Membership Card","Pen Nib","Inflame"],"campfire_rested":5,"item_purchase_floors":[13,19,21],"current_hp_per_floor":[70,67,49,54,54,80,46,72,72,39,65,51,51,50,76,42,77,56,56,22,22,9,41,26,9,16,0],"gold":134,"neow_bonus":"TEN_PERCENT_HP_BONUS","is_prod":false,"is_daily":false,"chose_seed":false,"campfire_upgraded":0,"win_rate":0,"timestamp":1557529514,"path_taken":["M","M","?","M","?","R","E","R","T","E","R","E","$","M","R","BOSS","M","$","M","$","M","R","E","M","T","M"],"build_version":"2019-01-23","purchased_purges":2,"victory":false,"max_hp_per_floor":[88,88,88,88,88,88,88,88,88,88,88,88,88,88,88,88,88,88,88,88,88,88,88,88,88,95,95],"card_choices":[{"not_picked":["Wild Strike","Fire Breathing"],"picked":"Spot Weakness","floor":1.0},{"not_picked":["Bloodletting","Spot Weakness","Warcry"],"picked":"SKIP","floor":2.0},{"not_picked":["Anger","Evolve","Second Wind"],"picked":"SKIP","floor":4.0},{"not_picked":["Rampage","Reckless Charge","Sentinel"],"picked":"SKIP","floor":7.0},{"not_picked":["Body Slam","Thunderclap"],"picked":"Pommel Strike","floor":10.0},{"not_picked":["Corruption","Shrug It Off"],"picked":"Pummel","floor":12},{"not_picked":["Clothesline","Bloodletting","Fire Breathing"],"picked":"SKIP","floor":14},{"not_picked":["Wild Strike","True Grit"],"picked":"Twin Strike","floor":18},{"not_picked":["Sever Soul+1","Twin Strike","Second Wind"],"picked":"SKIP","floor":20},{"not_picked":["Carnage","Shrug It Off"],"picked":"Pommel Strike+1","floor":22},{"not_picked":["Carnage+1","Cleave+1","Body Slam"],"picked":"SKIP","floor":24},{"not_picked":["Cleave+1","Iron Wave+1"],"picked":"Flex+1","floor":25}],"player_experience":454610,"relics_obtained":[{"floor":7.0,"key":"Sundial"},{"floor":9.0,"key":"Tiny Chest"},{"floor":10.0,"key":"Anchor"},{"floor":12,"key":"Calipers"},{"floor":24,"key":"Pantograph"},{"floor":26,"key":"Strawberry"}],"event_choices":[{"damage_healed":0.0,"max_hp_gain":0.0,"max_hp_loss":0.0,"gold_gain":0.0,"event_name":"Shining Light","player_choice":"Entered Light","floor":3.0,"gold_loss":0.0,"damage_taken":18.0,"cards_upgraded":["Defend_R","Defend_R"]},{"damage_healed":0.0,"max_hp_gain":0.0,"max_hp_loss":0.0,"gold_gain":0.0,"event_name":"Match and Keep!","player_choice":"0 cards matched","floor":5.0,"gold_loss":0.0,"damage_taken":0.0,"cards_obtained":[]}],"is_beta":false,"boss_relics":[{"not_picked":["Coffee Dripper","Sozu"],"picked":"Eternal Feather"}],"items_purged_floors":[13,19],"is_endless":false,"potions_floor_spawned":[4,7,10,14,16,18,24],"killed_by":"Snecko","ascension_level":9}