{"gold_per_floor":[112,112,127,139,139,139,170,170,194,225,225,242,242,51,51,122,122,132,132,182,24,37,64,75,75,100,12,22,22],"floor_reached":29,"playtime":1881,"items_purged":["Strike_G"],"score":627,"play_id":"13f5d790-4de5-407a-85cf-b7d59649a856","local_time":"20190130210101","is_ascension_mode":true,"campfire_choices":[{"data":"Bouncing Flask","floor":6,"key":"SMITH"},{"data":"Neutralize","floor":8,"key":"SMITH"},{"data":"Envenom","floor":11,"key":"SMITH"},{"data":"Dagger Spray","floor":13,"key":"SMITH"},{"data":"Apotheosis","floor":15,"key":"SMITH"},{"floor":25,"key":"REST"}],"neow_cost":"NONE","seed_source_timestamp":96760632813022,"circlet_count":0,"master_deck":["AscendersBane","Defend_G","Defend_G","Defend_G","Defend_G","Defend_G","Strike_G","Strike_G","Strike_G","Strike_G","Survivor","Neutralize+1","Dagger Throw","Dagger Spray+1","Bouncing Flask+1","Prepared","Envenom+1","Dagger Spray","Apotheosis+1","Night Terror","Dagger Spray","Ghostly","Ghostly","Ghostly","Well Laid Plans","Dodge and Roll","Cloak And Dagger","Deadly Poison","Footwork","Dagger Spray"],"relics":["Ring of the Snake","NeowsBlessing","Oddly Smooth Stone","Happy Flower","Regal Pillow","Fusion Hammer","Bottled Tornado","Potion Belt"],"potions_floor_usage":[7,7,16,18,23,24],"damage_taken":[{"damage":0,"enemies":"Small Slimes","floor":1,"turns":1},{"damage":0,"enemies":"Cultist","floor":3,"turns":1},{"damage":0,"enemies":"2 Louse","floor":4,"turns":1},{"damage":7,"enemies":"Lagavulin","floor":7,"turns":6},{"damage":25,"enemies":"3 Sentries","floor":10,"turns":10},{"damage":0,"enemies":"2 Fungi Beasts","floor":12,"turns":3},{"damage":0,"enemies":"Hexaghost","floor":16,"turns":8},{"damage":0,"enemies":"Chosen","floor":18,"turns":4},{"damage":12,"enemies":"2 Thieves","floor":22,"turns":4},{"damage":8,"enemies":"Book of Stabbing","floor":23,"turns":6},{"damage":11,"enemies":"Snake Plant","floor":24,"turns":4},{"damage":3,"enemies":"Cultist and Chosen","floor":28,"turns":5},{"damage":26,"enemies":"Slavers","floor":29,"turns":2}],"seed_played":"-5862600900615522623","potions_obtained":[{"floor":2,"key":"PowerPotion"},{"floor":2,"key":"Block Potion"},{"floor":10,"key":"SkillPotion"},{"floor":16,"key":"SkillPotion"},{"floor":18,"key":"PowerPotion"},{"floor":22,"key":"PowerPotion"}],"is_trial":false,"path_per_floor":["M","?","M","M","?","R","E","R","T","E","R","M","R","$","R","B",null,"M","?","?","$","M","E","M","R","T","$","M","E"],"character_chosen":"THE_SILENT","items_purchased":["Apotheosis","Well Laid Plans","Footwork"],"campfire_rested":1,"item_purchase_floors":[14,21,27],"current_hp_per_floor":[59,59,59,59,59,59,52,52,52,27,27,27,27,27,27,27,56,56,33,33,33,21,13,2,26,26,26,23,0],"gold":22,"neow_bonus":"THREE_ENEMY_KILL","is_prod":false,"is_daily":false,"chose_seed":false,"campfire_upgraded":5,"win_rate":0,"timestamp":1548878461,"path_taken":["M","?","?","M","?","R","E","R","T","E","R","M","R","$","R","BOSS","M","?","?","$","M","E","M","R","T","?","M","E"],"build_version":"2019-01-23","purchased_purges":1,"victory":false,"max_hp_per_floor":[66,66,66,66,66,66,66,66,66,66,66,66,66,66,66,66,66,66,33,33,33,33,33,33,33,33,33,33,33],"card_choices":[{"not_picked":["Quick Slash","Tactician"],"picked":"Dagger Throw","floor":1},{"not_picked":["Acrobatics","Calculated Gamble"],"picked":"Dagger Spray","floor":3},{"not_picked":["Backflip","Flechettes"],"picked":"Bouncing Flask","floor":4},{"not_picked":["Tactician","Slice"],"picked":"Prepared","floor":7},{"not_picked":["Cloak And Dagger","Dodge and Roll"],"picked":"Envenom","floor":10},{"not_picked":["Heel Hook","Slice"],"picked":"Dagger Spray","floor":12},{"not_picked":["Die Die Die","Venomology"],"picked":"Night Terror","floor":16},{"not_picked":["Dagger Throw","PiercingWail"],"picked":"Dagger Spray","floor":18},{"not_picked":["Masterful Stab","Choke"],"picked":"Dodge and Roll","floor":22},{"not_picked":["Sucker Punch","Accuracy"],"picked":"Cloak And Dagger","floor":23},{"not_picked":["Deflect","Acrobatics"],"picked":"Deadly Poison","floor":24},{"not_picked":["Poisoned Stab","Blade Dance"],"picked":"Dagger Spray","floor":28}],"player_experience":2714700,"relics_obtained":[{"floor":7,"key":"Oddly Smooth Stone"},{"floor":9,"key":"Happy Flower"},{"floor":10,"key":"Regal Pillow"},{"floor":23,"key":"Bottled Tornado"},{"floor":26,"key":"Potion Belt"}],"event_choices":[{"damage_healed":0,"gold_gain":0,"player_choice":"Got Potions","damage_taken":0,"max_hp_gain":0,"max_hp_loss":0,"event_name":"Lab","floor":2,"gold_loss":0},{"damage_healed":0,"gold_gain":0,"player_choice":"Ignored","damage_taken":0,"max_hp_gain":0,"max_hp_loss":0,"event_name":"Liars Game","floor":5,"gold_loss":0},{"damage_healed":0,"gold_gain":0,"player_choice":"Became a Ghost","damage_taken":0,"max_hp_gain":0,"max_hp_loss":33,"event_name":"Ghosts","floor":19,"gold_loss":0,"cards_obtained":["Ghostly","Ghostly","Ghostly"]},{"damage_healed":0,"gold_gain":50,"player_choice":"Stole From Cult","damage_taken":0,"max_hp_gain":0,"max_hp_loss":0,"event_name":"Nest","floor":20,"gold_loss":0}],"is_beta":false,"boss_relics":[{"not_picked":["Philosopher\u0027s Stone","WristBlade"],"picked":"Fusion Hammer"}],"items_purged_floors":[21],"is_endless":false,"potions_floor_spawned":[3,10,16,18,22],"killed_by":"Slavers","ascension_level":20}