{"gold_per_floor":[117,42,42,52,11,42,55,55,55,70,70,104,114,28,28,101,101,113,34,47,63,83,83,83,83],"floor_reached":25,"playtime":2212,"items_purged":[],"score":576,"play_id":"d6f1df47-55a9-4349-9f54-47f0da2747ec","local_time":"20190428233410","is_ascension_mode":true,"campfire_choices":[{"data":"Armaments","floor":8,"key":"SMITH"},{"data":"True Grit","floor":11,"key":"SMITH"},{"data":"Barricade","floor":15,"key":"SMITH"},{"data":"Flame Barrier","floor":23,"key":"SMITH"}],"neow_cost":"NONE","seed_source_timestamp":575511048083514,"circlet_count":0,"master_deck":["AscendersBane","Strike_R","Strike_R","Strike_R","Strike_R","Defend_R","Defend_R","Defend_R","Defend_R","Bash","True Grit+1","Evolve","Sever Soul","Clothesline","Armaments+1","Second Wind","Flame Barrier+1","Headbutt","Barricade+1","Impervious","Rage","Feel No Pain","Reaper","RitualDagger"],"relics":["Burning Blood","NeowsBlessing","StoneCalendar","Thread and Needle","Mercury Hourglass","Pen Nib","Runic Pyramid"],"potions_floor_usage":[12,16,20],"damage_taken":[{"damage":0,"enemies":"Jaw Worm","floor":1,"turns":1},{"damage":0,"enemies":"Cultist","floor":4,"turns":1},{"damage":0,"enemies":"3 Sentries","floor":6,"turns":2},{"damage":3,"enemies":"Small Slimes","floor":7,"turns":3},{"damage":0,"enemies":"Looter","floor":10,"turns":4},{"damage":39,"enemies":"Gremlin Nob","floor":12,"turns":5},{"damage":4,"enemies":"Lots of Slimes","floor":13,"turns":4},{"damage":0,"enemies":"Slime Boss","floor":16,"turns":7},{"damage":5,"enemies":"Spheric Guardian","floor":18,"turns":7},{"damage":0,"enemies":"3 Byrds","floor":20,"turns":3},{"damage":40,"enemies":"3 Cultists","floor":21,"turns":7},{"damage":0,"enemies":"Centurion and Healer","floor":22,"turns":7},{"damage":58,"enemies":"Slavers","floor":25,"turns":4}],"seed_played":"-7116221268874593840","potions_obtained":[{"floor":6,"key":"Fire Potion"},{"floor":10,"key":"SkillPotion"},{"floor":16,"key":"GamblersBrew"}],"is_trial":false,"path_per_floor":["M","?","?","M","$","E","M","R","T","M","R","E","M","$","R","B",null,"M","$","M","M","M","R","?","E"],"character_chosen":"IRONCLAD","items_purchased":["Sever Soul","Barricade","Feel No Pain"],"campfire_rested":0,"item_purchase_floors":[5,14,19],"current_hp_per_floor":[74,74,69,75,75,75,75,75,75,75,75,42,44,44,44,50,69,70,70,75,41,47,47,41,0],"gold":83,"neow_bonus":"THREE_ENEMY_KILL","is_prod":false,"is_daily":false,"chose_seed":false,"campfire_upgraded":4,"win_rate":0,"timestamp":1556487250,"path_taken":["M","?","?","M","?","E","?","R","T","M","R","E","M","$","R","BOSS","M","$","M","M","M","R","?","E"],"build_version":"2019-01-23","purchased_purges":0,"victory":false,"max_hp_per_floor":[75,75,75,75,75,75,75,75,75,75,75,75,75,75,75,75,75,75,75,75,75,75,75,75,75],"card_choices":[{"not_picked":["Flex","Heavy Blade"],"picked":"True Grit","floor":1},{"not_picked":["Iron Wave","Sword Boomerang"],"picked":"Evolve","floor":4},{"not_picked":["Rupture","Shockwave"],"picked":"Clothesline","floor":6},{"not_picked":["Whirlwind","Rampage"],"picked":"Armaments","floor":7},{"not_picked":["Cleave","Warcry"],"picked":"Second Wind","floor":10},{"not_picked":["Corruption","Dropkick"],"picked":"Flame Barrier","floor":12},{"not_picked":["Armaments","Sword Boomerang"],"picked":"Headbutt","floor":13},{"not_picked":["Dark Embrace","Fiend Fire"],"picked":"Impervious","floor":16},{"not_picked":["Sword Boomerang","Intimidate"],"picked":"Rage","floor":18},{"not_picked":["Burning Pact","Anger","Perfected Strike"],"picked":"SKIP","floor":20},{"not_picked":["Pommel Strike","Sword Boomerang","Headbutt"],"picked":"SKIP","floor":21},{"not_picked":["Anger+1","Clothesline"],"picked":"Reaper","floor":22}],"player_experience":3175333,"relics_obtained":[{"floor":6,"key":"Thread and Needle"},{"floor":9,"key":"Mercury Hourglass"},{"floor":12,"key":"Pen Nib"}],"event_choices":[{"cards_removed":["Strike_R"],"damage_healed":0,"gold_gain":0,"player_choice":"Card Removal","damage_taken":0,"max_hp_gain":0,"max_hp_loss":0,"event_name":"The Cleric","floor":2,"gold_loss":75},{"damage_healed":0,"gold_gain":0,"player_choice":"Success","damage_taken":5,"relics_obtained":["StoneCalendar"],"max_hp_gain":0,"max_hp_loss":0,"event_name":"Scrap Ooze","floor":3,"gold_loss":0},{"damage_healed":0,"gold_gain":0,"player_choice":"Joined the Cult","damage_taken":6,"max_hp_gain":0,"max_hp_loss":0,"event_name":"Nest","floor":24,"gold_loss":0,"cards_obtained":["RitualDagger"]}],"is_beta":false,"boss_relics":[{"not_picked":["Calling Bell","Orrery"],"picked":"Runic Pyramid"}],"items_purged_floors":[],"is_endless":false,"potions_floor_spawned":[6,10,16],"killed_by":"Slavers","ascension_level":20}