{"gold_per_floor":[119,135,151,38,53,53,110,110,133,164,164,178,190,190,190,265,265,285,302,41,59,59],"floor_reached":22,"playtime":2233,"items_purged":["Strike_G"],"score":396,"play_id":"6fa80a9f-8c0f-4ade-b3fd-6537829a1dd7","local_time":"20190314140958","is_ascension_mode":true,"campfire_choices":[{"data":"Noxious Fumes","floor":6,"key":"SMITH"},{"floor":8,"key":"REST"},{"floor":11,"key":"REST"},{"floor":15,"key":"REST"}],"neow_cost":"NONE","seed_source_timestamp":48490261326964,"circlet_count":0,"master_deck":["AscendersBane","Defend_G","Defend_G+1","Defend_G","Defend_G","Defend_G","Strike_G","Strike_G","Strike_G","Survivor","Neutralize","Noxious Fumes+1","Calculated Gamble","Poisoned Stab","Well Laid Plans","Crippling Poison+1","Catalyst","Skewer","Deadly Poison","PiercingWail","Tools of the Trade","Blur","Noxious Fumes","Leg Sweep","Dagger Spray+1","Deflect","Mayhem"],"relics":["Ring of the Snake","NeowsBlessing","Tiny Chest","Snake Skull","War Paint","Orrery"],"potions_floor_usage":[5,10,22],"damage_taken":[{"damage":0,"enemies":"Cultist","floor":1,"turns":1},{"damage":0,"enemies":"2 Louse","floor":2,"turns":1},{"damage":0,"enemies":"Small Slimes","floor":3,"turns":1},{"damage":3,"enemies":"Exordium Wildlife","floor":5,"turns":5},{"damage":48,"enemies":"Gremlin Nob","floor":7,"turns":5},{"damage":16,"enemies":"3 Sentries","floor":10,"turns":5},{"damage":6,"enemies":"Looter","floor":12,"turns":3},{"damage":6,"enemies":"Large Slime","floor":13,"turns":5},{"damage":11,"enemies":"Slime Boss","floor":16,"turns":8},{"damage":7,"enemies":"Chosen","floor":18,"turns":5},{"damage":30,"enemies":"Shell Parasite","floor":19,"turns":4},{"damage":4,"enemies":"Snake Plant","floor":21,"turns":5},{"damage":17,"enemies":"Snecko","floor":22,"turns":6}],"seed_played":"-3801264838725857293","potions_obtained":[{"floor":1,"key":"SteroidPotion"},{"floor":2,"key":"Energy Potion"},{"floor":7,"key":"EssenceOfSteel"},{"floor":18,"key":"PowerPotion"}],"is_trial":false,"path_per_floor":["M","M","M","$","M","R","E","R","T","E","R","M","M","?","R","B",null,"M","M","$","M","M"],"character_chosen":"THE_SILENT","items_purchased":["Well Laid Plans","Crippling Poison","Mayhem"],"campfire_rested":3,"item_purchase_floors":[4,4,20],"current_hp_per_floor":[59,59,59,59,56,56,8,27,27,11,30,24,18,18,37,26,56,49,19,19,15,0],"gold":59,"neow_bonus":"THREE_ENEMY_KILL","is_prod":false,"is_daily":false,"chose_seed":false,"campfire_upgraded":1,"win_rate":0,"timestamp":1552568998,"path_taken":["M","?","M","?","M","R","E","R","T","E","R","?","M","?","R","BOSS","M","?","?","M","?"],"build_version":"2019-01-23","purchased_purges":1,"victory":false,"max_hp_per_floor":[66,66,66,66,66,66,66,66,66,66,66,66,66,66,66,66,66,66,66,66,66,66],"card_choices":[{"not_picked":["Accuracy","Blade Dance"],"picked":"Noxious Fumes","floor":1},{"not_picked":["Escape Plan","Outmaneuver"],"picked":"Calculated Gamble","floor":2},{"not_picked":["Dodge and Roll","Concentrate"],"picked":"Poisoned Stab","floor":3},{"not_picked":["Expertise","Deadly Poison"],"picked":"Catalyst","floor":5},{"not_picked":["Choke","Terror"],"picked":"Skewer","floor":7},{"not_picked":["Accuracy","Blade Dance"],"picked":"Deadly Poison","floor":10},{"not_picked":["Bane","Dagger Throw"],"picked":"PiercingWail","floor":12},{"not_picked":["Choke","Endless Agony","Poisoned Stab"],"picked":"SKIP","floor":13},{"not_picked":["After Image","Storm of Steel"],"picked":"Tools of the Trade","floor":16},{"not_picked":["Dodge and Roll","Deflect"],"picked":"Blur","floor":17},{"not_picked":["PiercingWail","Well Laid Plans"],"picked":"Noxious Fumes","floor":17},{"not_picked":["Outmaneuver","Backflip"],"picked":"Leg Sweep","floor":17},{"not_picked":["Acrobatics","Bane"],"picked":"Dagger Spray+1","floor":18},{"not_picked":["Choke","Quick Slash+1"],"picked":"Deflect","floor":19},{"not_picked":["Predator","Dash","Underhanded Strike"],"picked":"SKIP","floor":21}],"player_experience":2914723,"relics_obtained":[{"floor":7,"key":"Tiny Chest"},{"floor":9,"key":"Snake Skull"},{"floor":10,"key":"War Paint"}],"event_choices":[{"cards_removed":["Strike_G"],"damage_healed":0,"gold_gain":0,"player_choice":"Purged","damage_taken":0,"max_hp_gain":0,"max_hp_loss":0,"event_name":"Purifier","floor":14,"gold_loss":0}],"is_beta":false,"boss_relics":[{"not_picked":["Philosopher\u0027s Stone","HoveringKite"],"picked":"Orrery"}],"items_purged_floors":[20],"is_endless":false,"potions_floor_spawned":[1,2,7,18],"killed_by":"Snecko","ascension_level":20}