{"gold_per_floor":[118,135,135,60,74,103,103,131,131,131,34,54,73,99,99,201,201,217,217,144,144,156,156,174,274,274,291,49,68,68,68,68,169,169,188,87,87,134,134,169,169,169,215,66,79,94,104,121,121,121,121,121,71,71,71],"floor_reached":55,"playtime":3786,"items_purged":["Pain","Strike_G","Infinite Blades","Bouncing Flask","Catalyst","Night Terror","Corpse Explosion"],"score":754,"play_id":"ba5f5f18-d834-47b6-a6c0-7f12c6e8eb70","local_time":"20190419184839","is_ascension_mode":true,"campfire_choices":[{"data":"Dagger Throw","floor":7.0,"key":"SMITH"},{"floor":10.0,"key":"REST"},{"data":"Cloak And Dagger","floor":15.0,"key":"SMITH"},{"data":"Infinite Blades","floor":23.0,"key":"SMITH"},{"data":"Cloak And Dagger","floor":32.0,"key":"SMITH"},{"data":"Infinite Blades","floor":41.0,"key":"SMITH"},{"floor":49.0,"key":"RECALL"},{"data":"A Thousand Cuts","floor":52,"key":"SMITH"}],"neow_cost":"NONE","seed_source_timestamp":478647013979268,"circlet_count":0,"master_deck":["Survivor","Neutralize","Dagger Throw+1","PiercingWail","Dagger Throw","Slice","Infinite Blades+1","Backstab","Cloak And Dagger+1","A Thousand Cuts+1","After Image","Venomology","Accuracy","Infinite Blades+1","Masterful Stab","Finisher","Deflect","Dodge and Roll","Quick Slash+1","Cloak And Dagger+1","Wraith Form v2","Terror","Blur","Backstab","Backflip+1","Backstab+1","Deflect+1","Cloak And Dagger+1"],"special_seed":0,"relics":["Ring of the Snake","WarpedTongs","Kunai","Smiling Mask","Question Card","Anchor","Pandora\u0027s Box","Calipers","Bottled Tornado","Ninja Scroll","WristBlade","Ginger","Sundial"],"potions_floor_usage":[50,50,50,54,54],"damage_taken":[{"damage":0.0,"enemies":"Small Slimes","floor":1.0,"turns":6.0},{"damage":5.0,"enemies":"Cultist","floor":2.0,"turns":5.0},{"damage":0.0,"enemies":"Jaw Worm","floor":5.0,"turns":3.0},{"damage":21.0,"enemies":"Lagavulin","floor":6.0,"turns":10.0},{"damage":32.0,"enemies":"Gremlin Nob","floor":8.0,"turns":6.0},{"damage":6.0,"enemies":"2 Fungi Beasts","floor":12.0,"turns":3.0},{"damage":0.0,"enemies":"Looter","floor":13.0,"turns":3.0},{"damage":3.0,"enemies":"Lagavulin","floor":14.0,"turns":3.0},{"damage":19.0,"enemies":"The Guardian","floor":16.0,"turns":13.0},{"damage":2.0,"enemies":"Chosen","floor":18.0,"turns":4.0},{"damage":8.0,"enemies":"Shell Parasite","floor":22.0,"turns":3.0},{"damage":2.0,"enemies":"3 Cultists","floor":24.0,"turns":5.0},{"damage":8.0,"enemies":"Colosseum Slavers","floor":25.0,"turns":4.0},{"damage":13.0,"enemies":"Colosseum Nobs","floor":25.0,"turns":5.0},{"damage":0.0,"enemies":"Snake Plant","floor":27.0,"turns":3.0},{"damage":1.0,"enemies":"Sentry and Sphere","floor":29.0,"turns":5.0},{"damage":10.0,"enemies":"Gremlin Leader","floor":30.0,"turns":5.0},{"damage":41.0,"enemies":"Collector","floor":33.0,"turns":7.0},{"damage":6.0,"enemies":"3 Darklings","floor":35.0,"turns":4.0},{"damage":1.0,"enemies":"2 Orb Walkers","floor":38.0,"turns":4.0},{"damage":14.0,"enemies":"Nemesis","floor":40.0,"turns":6.0},{"damage":3.0,"enemies":"3 Shapes","floor":45.0,"turns":4.0},{"damage":0.0,"enemies":"3 Darklings","floor":46.0,"turns":4.0},{"damage":0.0,"enemies":"Spire Growth","floor":47.0,"turns":4.0},{"damage":0.0,"enemies":"Maw","floor":48.0,"turns":4.0},{"damage":3,"enemies":"Awakened One","floor":50,"turns":11},{"damage":22,"enemies":"Shield and Spear","floor":54,"turns":4},{"damage":65,"enemies":"The Heart","floor":55,"turns":3}],"seed_played":"-4370354454085181931","potions_obtained":[{"floor":6.0,"key":"SmokeBomb"},{"floor":12.0,"key":"Ancient Potion"},{"floor":13.0,"key":"SteroidPotion"},{"floor":14.0,"key":"Regen Potion"},{"floor":16.0,"key":"LiquidBronze"},{"floor":18.0,"key":"Weak Potion"},{"floor":25.0,"key":"Poison Potion"},{"floor":38.0,"key":"Swift Potion"},{"floor":46.0,"key":"SteroidPotion"}],"is_trial":false,"path_per_floor":["?","$","?","?","?","?","?","?","?","?","M","M"],"character_chosen":"THE_SILENT","items_purchased":["Slice","Deflect","Cloak And Dagger","Wraith Form v2","Block Potion","AttackPotion","AttackPotion"],"campfire_rested":1,"item_purchase_floors":[11,20,28,28,36,44,44],"current_hp_per_floor":[77,72,72,72,72,51,51,19,19,42,42,36,36,33,33,29,77,75,61,61,61,53,53,51,30,30,30,30,29,19,46,46,5,82,76,76,76,75,75,61,61,61,61,61,58,58,58,58,58,55,78,78,78,63,0],"gold":71,"neow_bonus":"TEN_PERCENT_HP_BONUS","is_prod":false,"is_daily":false,"chose_seed":false,"campfire_upgraded":6,"win_rate":0,"timestamp":1555692519,"path_taken":["M","M","?","$","M","E","R","E","T","R","?","M","M","E","R","BOSS","M","?","$","?","M","R","M","?","T","M","$","M","E","?","R","BOSS","M","$","?","?","?","E","R","?","T","$","?","M","M","?","R","BOSS","R","$","E","BOSS"],"build_version":"2019-01-23","purchased_purges":7,"victory":false,"max_hp_per_floor":[77,77,77,77,77,77,77,77,77,77,77,77,77,77,77,77,77,77,82,82,82,82,82,82,82,82,82,82,82,82,82,82,82,82,82,82,82,82,78,78,78,78,78,78,78,78,78,78,78,78,78,78,78,78,78],"card_choices":[{"not_picked":["Underhanded Strike","Outmaneuver","Bouncing Flask"],"picked":"SKIP","floor":1.0},{"not_picked":["Deflect","Infinite Blades"],"picked":"Dagger Throw","floor":2.0},{"not_picked":["Blade Dance","Accuracy"],"picked":"PiercingWail","floor":5.0},{"not_picked":["Catalyst","Escape Plan"],"picked":"Dagger Throw","floor":6.0},{"not_picked":["Tactician","Backflip","Heel Hook"],"picked":"SKIP","floor":8.0},{"not_picked":["Masterful Stab","Underhanded Strike","Flying Knee"],"picked":"Infinite Blades","floor":12.0},{"not_picked":["Crippling Poison","Calculated Gamble","Escape Plan"],"picked":"Backstab","floor":13.0},{"not_picked":["Underhanded Strike","Riddle With Holes","Dagger Throw"],"picked":"Cloak And Dagger","floor":14.0},{"not_picked":["Tools of the Trade","Wraith Form v2","Glass Knife"],"picked":"A Thousand Cuts","floor":16.0},{"not_picked":["Blade Dance","Caltrops","PiercingWail"],"picked":"Finisher","floor":18.0},{"not_picked":["Dagger Throw","Sucker Punch","Quick Slash+1","Masterful Stab"],"picked":"SKIP","floor":22.0},{"not_picked":["Prepared","Blade Dance","Deadly Poison","Flying Knee+1"],"picked":"SKIP","floor":24.0},{"not_picked":["Setup","Sucker Punch","Acrobatics"],"picked":"Dodge and Roll","floor":25.0},{"not_picked":["Blade Dance+1","Dagger Throw","Dagger Spray"],"picked":"Quick Slash+1","floor":27.0},{"not_picked":["Riddle With Holes","Flechettes+1","Outmaneuver"],"picked":"Terror","floor":29.0},{"not_picked":["Grand Finale","Night Terror","Malaise"],"picked":"Corpse Explosion","floor":33.0},{"not_picked":["Bane+1","Catalyst","Dagger Spray"],"picked":"Blur","floor":35.0},{"not_picked":["Dagger Spray","Dagger Throw+1","Blade Dance+1"],"picked":"Backstab","floor":38.0},{"not_picked":["Flying Knee+1","Expertise","Concentrate"],"picked":"Backflip+1","floor":40.0},{"not_picked":["Eviscerate","Wraith Form v2","Sucker Punch+1","Dagger Throw"],"picked":"SKIP","floor":45.0},{"not_picked":["Deadly Poison","Terror+1","Backflip+1"],"picked":"Backstab+1","floor":46.0},{"not_picked":["Escape Plan","Terror","Tactician"],"picked":"Deflect+1","floor":47.0},{"not_picked":["Catalyst+1","Flying Knee+1","Dodge and Roll+1"],"picked":"Cloak And Dagger+1","floor":48.0}],"player_experience":116084,"relics_obtained":[{"floor":6.0,"key":"Kunai"},{"floor":8.0,"key":"Smiling Mask"},{"floor":9.0,"key":"Question Card"},{"floor":14.0,"key":"Anchor"},{"floor":25.0,"key":"Calipers"},{"floor":25.0,"key":"Bottled Tornado"},{"floor":26.0,"key":"Ninja Scroll"},{"floor":38.0,"key":"Ginger"},{"floor":40.0,"key":"Sundial"}],"event_choices":[{"damage_healed":0.0,"max_hp_gain":0.0,"max_hp_loss":0.0,"gold_gain":0.0,"event_name":"Accursed Blacksmith","player_choice":"Rummage","floor":3.0,"gold_loss":0.0,"damage_taken":0.0,"relics_obtained":["WarpedTongs"],"cards_obtained":["Pain"]},{"damage_healed":0.0,"max_hp_gain":5.0,"max_hp_loss":0.0,"gold_gain":0.0,"event_name":"Forgotten Altar","player_choice":"Shed Blood","floor":19.0,"gold_loss":0.0,"damage_taken":19.0},{"damage_healed":0.0,"max_hp_gain":0.0,"max_hp_loss":0.0,"gold_gain":0.0,"event_name":"Ghosts","player_choice":"Ignored","floor":21.0,"gold_loss":0.0,"damage_taken":0.0},{"damage_healed":0.0,"max_hp_gain":0.0,"max_hp_loss":0.0,"gold_gain":0.0,"event_name":"Colosseum","player_choice":"Fight","floor":25.0,"gold_loss":0.0,"damage_taken":0.0},{"damage_healed":0.0,"max_hp_gain":0.0,"max_hp_loss":0.0,"gold_gain":0.0,"event_name":"Colosseum","player_choice":"Fought Nobs","floor":25.0,"gold_loss":0.0,"damage_taken":0.0},{"damage_healed":27.0,"max_hp_gain":0.0,"max_hp_loss":0.0,"gold_gain":0.0,"event_name":"The Library","player_choice":"Heal","floor":31.0,"gold_loss":0.0,"damage_taken":0.0},{"damage_healed":0.0,"max_hp_gain":0.0,"max_hp_loss":0.0,"gold_gain":0.0,"event_name":"Tomb of Lord Red Mask","player_choice":"Ignored","floor":37.0,"gold_loss":0.0,"damage_taken":0.0},{"damage_healed":0.0,"max_hp_gain":0.0,"max_hp_loss":0.0,"gold_gain":0.0,"event_name":"Mysterious Sphere","player_choice":"Fight","floor":38.0,"gold_loss":0.0,"damage_taken":0.0},{"damage_healed":0.0,"max_hp_gain":0.0,"max_hp_loss":4.0,"gold_gain":0.0,"event_name":"Winding Halls","player_choice":"Max HP","floor":39.0,"gold_loss":0.0,"damage_taken":0.0},{"damage_healed":0.0,"max_hp_gain":0.0,"max_hp_loss":0.0,"gold_gain":0.0,"event_name":"SensoryStone","player_choice":"Memory 1","floor":42.0,"gold_loss":0.0,"damage_taken":0.0}],"is_beta":false,"boss_relics":[{"not_picked":["Astrolabe","Eternal Feather"],"picked":"Pandora\u0027s Box"},{"not_picked":["Tiny House","Sozu"],"picked":"WristBlade"}],"items_purged_floors":[4,11,20,28,36,44,53],"is_endless":false,"potions_floor_spawned":[6,12,13,14,16,18,25,27,29,30,38,46,48],"killed_by":"The Heart","ascension_level":2}