{"gold_per_floor":[115,190,190,56,56,56,81,231,231,231,260,260,279,1,1,78,78,98,36,36,30,46,46],"floor_reached":23,"playtime":1743,"items_purged":["Strike_G"],"score":590,"play_id":"11618fb1-1f5e-4c82-8573-e6bffaf655c5","local_time":"20190210084038","is_ascension_mode":true,"campfire_choices":[{"data":"Deadly Poison","floor":6,"key":"SMITH"},{"data":"Cloak And Dagger","floor":10,"key":"SMITH"},{"data":"Leg Sweep","floor":12,"key":"SMITH"},{"floor":15,"key":"REST"}],"neow_cost":"NONE","seed_source_timestamp":1002884342042817,"circlet_count":0,"master_deck":["AscendersBane","Survivor","Neutralize+1","Cloak And Dagger+1","Deadly Poison+1","Dodge and Roll","Doubt","Leg Sweep+1","PiercingWail+1","Apotheosis","Bouncing Flask","Burst","Footwork","Cloak And Dagger","Riddle With Holes","Deadly Poison+1","Envenom","Footwork","Unload","Bouncing Flask","A Thousand Cuts","Cloak And Dagger","Blur","Backflip"],"relics":["Ring of the Snake","NeowsBlessing","Letter Opener","Question Card","Thread and Needle","Peace Pipe","Pandora\u0027s Box","War Paint"],"potions_floor_usage":[16],"damage_taken":[{"damage":0,"enemies":"Jaw Worm","floor":1,"turns":1},{"damage":0,"enemies":"Gremlin Nob","floor":7,"turns":1},{"damage":0,"enemies":"Lagavulin","floor":11,"turns":1},{"damage":0,"enemies":"Small Slimes","floor":13,"turns":4},{"damage":0,"enemies":"The Guardian","floor":16,"turns":11},{"damage":0,"enemies":"Spheric Guardian","floor":18,"turns":3},{"damage":10,"enemies":"2 Thieves","floor":21,"turns":4},{"damage":16,"enemies":"Shelled Parasite and Fungi","floor":22,"turns":10},{"damage":42,"enemies":"Slavers","floor":23,"turns":4}],"seed_played":"7451413886885397069","potions_obtained":[{"floor":11,"key":"GhostInAJar"},{"floor":21,"key":"Explosive Potion"}],"is_trial":false,"path_per_floor":["M","?","T","$","?","R","E","?","T","R","E","R","M","$","R","B",null,"M","?","$","M","M","E"],"character_chosen":"THE_SILENT","items_purchased":["Deadly Poison","Apotheosis","Bouncing Flask"],"campfire_rested":1,"item_purchase_floors":[4,14,14],"current_hp_per_floor":[59,48,48,48,28,28,28,28,28,28,28,28,28,28,47,47,61,61,61,61,51,35,0],"gold":46,"neow_bonus":"THREE_ENEMY_KILL","is_prod":false,"is_daily":false,"chose_seed":false,"campfire_upgraded":3,"win_rate":0,"timestamp":1549784438,"path_taken":["M","?","?","$","?","R","E","?","T","R","E","R","M","?","R","BOSS","M","?","?","?","M","E"],"build_version":"2019-01-23","purchased_purges":1,"victory":false,"max_hp_per_floor":[66,66,66,66,66,66,66,66,66,66,66,66,66,66,66,66,66,66,66,66,66,66,66],"card_choices":[{"not_picked":["Dodge and Roll","Deflect"],"picked":"Cloak And Dagger","floor":1},{"not_picked":["Setup","Blade Dance"],"picked":"Dodge and Roll","floor":7},{"not_picked":["Tactician","Infinite Blades","Bane"],"picked":"Leg Sweep","floor":11},{"not_picked":["Blade Dance","Slice","Quick Slash"],"picked":"PiercingWail","floor":13},{"not_picked":["Unload","Doppelganger","After Image"],"picked":"Burst","floor":16},{"not_picked":["Terror","Acrobatics","Endless Agony"],"picked":"Cloak And Dagger","floor":18},{"not_picked":["Underhanded Strike","Heel Hook","Crippling Poison+1"],"picked":"Blur","floor":21},{"not_picked":["Quick Slash","Finisher","Deadly Poison"],"picked":"Backflip","floor":22}],"player_experience":2752421,"relics_obtained":[{"floor":3,"key":"Letter Opener"},{"floor":7,"key":"Question Card"},{"floor":9,"key":"Thread and Needle"},{"floor":11,"key":"Peace Pipe"}],"event_choices":[{"damage_healed":0,"gold_gain":75,"player_choice":"Gather Gold","damage_taken":11,"max_hp_gain":0,"max_hp_loss":0,"event_name":"World of Goop","floor":2,"gold_loss":0},{"damage_healed":0,"gold_gain":0,"player_choice":"Entered Light","damage_taken":20,"max_hp_gain":0,"max_hp_loss":0,"event_name":"Shining Light","floor":5,"gold_loss":0,"cards_upgraded":["Neutralize","Defend_G"]},{"damage_healed":0,"gold_gain":150,"player_choice":"AGREE","damage_taken":0,"max_hp_gain":0,"max_hp_loss":0,"event_name":"Liars Game","floor":8,"gold_loss":0,"cards_obtained":["Doubt"]},{"damage_healed":0,"gold_gain":0,"player_choice":"Paid Gold","damage_taken":0,"relics_obtained":["War Paint"],"max_hp_gain":0,"max_hp_loss":0,"event_name":"WeMeetAgain","floor":19,"gold_loss":62}],"is_beta":false,"boss_relics":[{"not_picked":["WristBlade","White Beast Statue"],"picked":"Pandora\u0027s Box"}],"items_purged_floors":[4],"is_endless":false,"potions_floor_spawned":[11,21],"killed_by":"Slavers","ascension_level":20}