{"gold_per_floor":[117,128,128,54,54,54,64,239,317,113,139,139,139,159,159,262,262,274,86,96,106,106,106,131,141,141,141,141,141,175,186,186,281,281,296,296,311,137,154,154,166,180,206,206,234,254,0,14,14,14],"floor_reached":51,"playtime":4160,"items_purged":["Doubt","Strike_R","Cleave"],"score":1235,"play_id":"8745ffb3-6a5c-458a-92cf-d4986786c337","local_time":"20190510161154","is_ascension_mode":true,"campfire_choices":[{"data":"Metallicize","floor":6.0,"key":"SMITH"},{"data":"Body Slam","floor":12.0,"key":"SMITH"},{"data":"Bash","floor":15.0,"key":"SMITH"},{"data":"Heavy Blade","floor":23.0,"key":"SMITH"},{"floor":27.0,"key":"REST"},{"floor":29.0,"key":"REST"},{"data":"Clothesline","floor":32,"key":"SMITH"},{"data":"Defend_R","floor":40,"key":"SMITH"},{"floor":44,"key":"REST"},{"floor":49,"key":"REST"}],"neow_cost":"NONE","seed_source_timestamp":0,"circlet_count":0,"master_deck":["Strike_R+1","Defend_R+1","Defend_R+1","Defend_R","Defend_R","Bash+1","Body Slam+1","Metallicize+1","Flex+1","Sentinel+1","Impervious+1","Warcry+1","Demon Form+1","Heavy Blade+1","Good Instincts+1","Sword Boomerang+1","Clothesline+1","Shrug It Off+1","Bludgeon","Rupture+1","Twin Strike+1","Berserk+1","Trip+1","True Grit+1","Shrug It Off+1","Anger+1","Doubt"],"special_seed":0,"relics":["Burning Blood","Toxic Egg 2","Odd Mushroom","Frozen Egg 2","Runic Pyramid","Girya","Mummified Hand","Meat on the Bone","Cursed Key","Omamori","Gremlin Horn","Red Mask"],"potions_floor_usage":[33,46,46,50,50,50,50,50],"damage_taken":[{"damage":6.0,"enemies":"Cultist","floor":1.0,"turns":3.0},{"damage":3.0,"enemies":"Jaw Worm","floor":2.0,"turns":5.0},{"damage":4.0,"enemies":"2 Louse","floor":7.0,"turns":4.0},{"damage":2.0,"enemies":"The Mushroom Lair","floor":11.0,"turns":4.0},{"damage":0.0,"enemies":"Blue Slaver","floor":14.0,"turns":2.0},{"damage":51.0,"enemies":"The Guardian","floor":16.0,"turns":18.0},{"damage":27.0,"enemies":"3 Byrds","floor":18.0,"turns":7.0},{"damage":3.0,"enemies":"Spheric Guardian","floor":20.0,"turns":4.0},{"damage":14.0,"enemies":"Shelled Parasite and Fungi","floor":21.0,"turns":3.0},{"damage":44.0,"enemies":"Slavers","floor":24.0,"turns":4.0},{"damage":4.0,"enemies":"Cultist and Chosen","floor":25.0,"turns":5.0},{"damage":24,"enemies":"Gremlin Leader","floor":30,"turns":4},{"damage":8,"enemies":"Sentry and Sphere","floor":31,"turns":4},{"damage":8,"enemies":"Champ","floor":33,"turns":9},{"damage":1,"enemies":"Orb Walker","floor":35,"turns":2},{"damage":15,"enemies":"3 Shapes","floor":37,"turns":4},{"damage":25,"enemies":"Sphere and 2 Shapes","floor":39,"turns":8},{"damage":15,"enemies":"Jaw Worm Horde","floor":41,"turns":4},{"damage":8,"enemies":"Spire Growth","floor":42,"turns":5},{"damage":36,"enemies":"Giant Head","floor":45,"turns":8},{"damage":2,"enemies":"Transient","floor":46,"turns":5},{"damage":0,"enemies":"Maw","floor":48,"turns":6},{"damage":29,"enemies":"Time Eater","floor":50,"turns":9}],"seed_played":"5475592886324401012","potions_obtained":[{"floor":7.0,"key":"Block Potion"},{"floor":16.0,"key":"Ancient Potion"},{"floor":18.0,"key":"SteroidPotion"},{"floor":24.0,"key":"AttackPotion"},{"floor":30,"key":"Poison Potion"},{"floor":33,"key":"LiquidBronze"},{"floor":35,"key":"Explosive Potion"},{"floor":39,"key":"Strength Potion"},{"floor":46,"key":"EntropicBrew"}],"is_trial":false,"path_per_floor":["M","?","?","?","?","T","M","?","?","?"],"character_chosen":"IRONCLAD","items_purchased":["Metallicize","Flex+1","Sentinel+1","Good Instincts+1","Shrug It Off+1"],"campfire_rested":4,"item_purchase_floors":[4,10,10,19,38],"current_hp_per_floor":[72,75,59,59,64,64,66,66,66,66,70,70,70,76,76,31,72,51,51,54,46,46,46,8,10,10,35,35,60,42,52,52,50,76,81,81,72,72,53,53,56,54,54,79,49,53,53,59,84,61],"gold":14,"neow_bonus":"TRANSFORM_CARD","is_prod":false,"is_daily":false,"chose_seed":false,"campfire_upgraded":6,"win_rate":0,"timestamp":1557497514,"path_taken":["M","?","?","$","?","R","M","?","T","$","?","R","?","?","R","BOSS","M","$","M","M","$","R","E","M","T","R","?","R","E","M","R","BOSS","M","?","M","$","M","R","M","M","T","R","E","M","?","M","R","BOSS"],"build_version":"2019-01-23","purchased_purges":3,"victory":true,"max_hp_per_floor":[80,80,80,80,85,85,85,85,85,85,85,85,85,85,85,85,85,85,85,85,85,85,85,85,85,85,85,85,85,85,85,85,85,85,85,85,85,85,85,85,85,85,85,85,85,85,85,85,85,85],"card_choices":[{"not_picked":["Twin Strike","Reckless Charge"],"picked":"Body Slam","floor":1.0},{"not_picked":["Thunderclap","Anger"],"picked":"Cleave","floor":2.0},{"not_picked":["Clash","Perfected Strike","Inflame"],"picked":"SKIP","floor":7.0},{"not_picked":["Pommel Strike","True Grit+1"],"picked":"Impervious+1","floor":11.0},{"not_picked":["Fire Breathing+1","Reckless Charge"],"picked":"Warcry+1","floor":14.0},{"not_picked":["Double Tap+1","Feed"],"picked":"Demon Form+1","floor":16.0},{"not_picked":["Clash","Reckless Charge"],"picked":"Heavy Blade","floor":18.0},{"not_picked":["Combust+1","Clothesline"],"picked":"Sword Boomerang+1","floor":20.0},{"not_picked":["Clash","Dual Wield+1","Hemokinesis"],"picked":"SKIP","floor":21.0},{"not_picked":["Headbutt+1","Brutality+1"],"picked":"Clothesline","floor":24.0},{"not_picked":["Corruption+1","Searing Blow"],"picked":"Shrug It Off+1","floor":25.0},{"not_picked":["Perfected Strike+1","Rampage"],"picked":"Twin Strike+1","floor":30},{"not_picked":["Clash+1","Reckless Charge+1","Sword Boomerang"],"picked":"SKIP","floor":31},{"not_picked":["Offering+1","Feed"],"picked":"Berserk+1","floor":33},{"not_picked":["Hemokinesis+1","Spot Weakness+1","Burning Pact+1"],"picked":"SKIP","floor":35},{"not_picked":["Deep Breath+1","Finesse+1"],"picked":"Trip+1","floor":36},{"not_picked":["Warcry+1","Clothesline"],"picked":"True Grit+1","floor":37},{"not_picked":["Evolve+1","Warcry+1"],"picked":"Anger+1","floor":39},{"not_picked":["Warcry+1","Anger","Clash"],"picked":"SKIP","floor":41},{"not_picked":["Exhume+1","Perfected Strike","Pommel Strike"],"picked":"SKIP","floor":42},{"not_picked":["Pommel Strike","True Grit+1","Sword Boomerang"],"picked":"SKIP","floor":45},{"not_picked":["Power Through+1","Armaments+1","Sword Boomerang"],"picked":"SKIP","floor":46},{"not_picked":["Armaments+1","Bloodletting+1","Shrug It Off+1"],"picked":"SKIP","floor":48}],"player_experience":261365,"relics_obtained":[{"floor":9.0,"key":"Toxic Egg 2"},{"floor":11.0,"key":"Odd Mushroom"},{"floor":13.0,"key":"Frozen Egg 2"},{"floor":24.0,"key":"Girya"},{"floor":26.0,"key":"Mummified Hand"},{"floor":30,"key":"Meat on the Bone"},{"floor":43,"key":"Omamori"},{"floor":45,"key":"Gremlin Horn"}],"event_choices":[{"damage_healed":0.0,"max_hp_gain":0.0,"max_hp_loss":0.0,"gold_gain":0.0,"event_name":"Shining Light","player_choice":"Entered Light","floor":3.0,"gold_loss":0.0,"damage_taken":16.0,"cards_upgraded":["Defend_R","Strike_R"]},{"damage_healed":0.0,"max_hp_gain":5.0,"max_hp_loss":0.0,"gold_gain":0.0,"event_name":"Big Fish","player_choice":"Donut","floor":5.0,"gold_loss":0.0,"damage_taken":0.0},{"damage_healed":0.0,"max_hp_gain":0.0,"max_hp_loss":0.0,"gold_gain":175.0,"event_name":"Liars Game","player_choice":"AGREE","floor":8.0,"gold_loss":0.0,"damage_taken":0.0,"cards_obtained":["Doubt"]},{"damage_healed":0.0,"max_hp_gain":0.0,"max_hp_loss":0.0,"gold_gain":0.0,"event_name":"Mushrooms","player_choice":"Fought Mushrooms","floor":11.0,"gold_loss":0.0,"damage_taken":0.0},{"damage_healed":0.0,"max_hp_gain":0.0,"max_hp_loss":0.0,"gold_gain":0.0,"cards_transformed":["Strike_R","Strike_R"],"event_name":"Drug Dealer","player_choice":"Became Test Subject","floor":28.0,"gold_loss":0.0,"damage_taken":0.0,"cards_obtained":["Bludgeon","Rupture"]},{"damage_healed":0,"gold_gain":0,"player_choice":"Memory 1","damage_taken":0,"max_hp_gain":0,"max_hp_loss":0,"event_name":"SensoryStone","floor":36,"gold_loss":0},{"damage_healed":0,"gold_gain":0,"player_choice":"Paid","damage_taken":0,"relics_obtained":["Red Mask"],"max_hp_gain":0,"max_hp_loss":0,"event_name":"Tomb of Lord Red Mask","floor":47,"gold_loss":254}],"is_beta":false,"boss_relics":[{"not_picked":["Sozu","Astrolabe"],"picked":"Runic Pyramid"},{"not_picked":["Coffee Dripper","Eternal Feather"],"picked":"Cursed Key"}],"items_purged_floors":[10,19,38],"is_endless":false,"potions_floor_spawned":[7,16,18,24,30,33,35,39,46],"ascension_level":8}