{"gold_per_floor":[117,127,142,215,234,266,266,296,320,320],"floor_reached":10,"playtime":425,"items_purged":[],"score":113,"play_id":"1e36ab90-ec26-4118-a44d-3dbf5158ffb3","local_time":"20190511004555","is_ascension_mode":true,"campfire_choices":[{"floor":7,"key":"REST"}],"neow_cost":"NONE","seed_source_timestamp":565306503504498,"circlet_count":0,"master_deck":["Strike_R","Strike_R","Strike_R","Strike_R","Strike_R","Defend_R","Defend_R","Defend_R","Defend_R","Bash","Heavy Blade","Dropkick","Twin Strike","Flex"],"relics":["Burning Blood","Gremlin Horn","PreservedInsect","Potion Belt"],"potions_floor_usage":[3,8],"damage_taken":[{"damage":1,"enemies":"2 Louse","floor":1,"turns":2},{"damage":19,"enemies":"Jaw Worm","floor":2,"turns":5},{"damage":0,"enemies":"Small Slimes","floor":3,"turns":3},{"damage":17,"enemies":"2 Fungi Beasts","floor":5,"turns":4},{"damage":55,"enemies":"Lagavulin","floor":6,"turns":7},{"damage":35,"enemies":"3 Sentries","floor":8,"turns":9},{"damage":30,"enemies":"Lagavulin","floor":10,"turns":4}],"seed_played":"-2733960001348233455","potions_obtained":[{"floor":2,"key":"SteroidPotion"},{"floor":6,"key":"Strength Potion"}],"is_trial":false,"path_per_floor":["M","M","M","?","M","E","R","E","T","E"],"character_chosen":"IRONCLAD","items_purchased":[],"campfire_rested":1,"item_purchase_floors":[],"current_hp_per_floor":[85,72,78,78,67,18,44,15,15,0],"gold":320,"neow_bonus":"TEN_PERCENT_HP_BONUS","is_prod":false,"is_daily":false,"chose_seed":false,"campfire_upgraded":0,"win_rate":0,"timestamp":1557528355,"path_taken":["M","M","M","?","M","E","R","E","T","E"],"build_version":"2019-01-23","purchased_purges":0,"victory":false,"max_hp_per_floor":[88,88,88,88,88,88,88,88,88,88],"card_choices":[{"not_picked":["Warcry","Havoc"],"picked":"Heavy Blade","floor":1},{"not_picked":["Wild Strike","Havoc"],"picked":"Dropkick","floor":2},{"not_picked":["Shockwave","Impervious","Thunderclap"],"picked":"SKIP","floor":3},{"not_picked":["Heavy Blade","Cleave","Clothesline"],"picked":"SKIP","floor":5},{"not_picked":["Second Wind","Power Through"],"picked":"Twin Strike","floor":6},{"not_picked":["Thunderclap","Pommel Strike"],"picked":"Flex","floor":8}],"player_experience":454185,"relics_obtained":[{"floor":6,"key":"Gremlin Horn"},{"floor":8,"key":"PreservedInsect"},{"floor":9,"key":"Potion Belt"}],"event_choices":[{"damage_healed":0,"gold_gain":73,"player_choice":"Gained Gold","damage_taken":0,"max_hp_gain":0,"max_hp_loss":0,"event_name":"Golden Wing","floor":4,"gold_loss":0}],"is_beta":false,"boss_relics":[],"items_purged_floors":[],"is_endless":false,"potions_floor_spawned":[2,6],"killed_by":"Lagavulin","ascension_level":9}