{"gold_per_floor":[111,61,61,71,86,86,114,114,114,125,125,136,151,151,151,223,223,234,253,253,71,0,0,0,0,0,0,13,27,40,40,40,40],"floor_reached":33,"playtime":1664,"items_purged":["Decay"],"score":507,"play_id":"a242c633-36b5-47c9-8d8d-b89ae0a1cec0","local_time":"20190130160352","is_ascension_mode":true,"campfire_choices":[{"floor":6.0,"key":"REST"},{"data":"Zap","floor":8.0,"key":"SMITH"},{"data":"Dualcast","floor":15.0,"key":"SMITH"},{"data":"Double Energy","floor":23.0,"key":"SMITH"},{"floor":25.0,"key":"REST"},{"floor":32,"key":"REST"}],"neow_cost":"TEN_PERCENT_HP_LOSS","seed_source_timestamp":5269369749504,"circlet_count":0,"master_deck":["AscendersBane","Strike_B+1","Strike_B","Strike_B","Defend_B","Defend_B","Defend_B","Defend_B+1","Zap+1","Dualcast+1","Glacier","Compile Driver","Electrodynamics","Ball Lightning","Leap","Core Surge","Shame","Coolheaded","Auto Shields","Shame","Steam","Double Energy+1","Writhe","Glacier+1","White Noise+1"],"special_seed":0,"relics":["Cracked Core","Ice Cream","Darkstone Periapt","Happy Flower","Calling Bell","Bag of Marbles","Mummified Hand","Turnip","Mercury Hourglass","Toxic Egg 2"],"potions_floor_usage":[29,33],"damage_taken":[{"damage":1.0,"enemies":"Cultist","floor":1.0,"turns":3.0},{"damage":7.0,"enemies":"Jaw Worm","floor":4.0,"turns":3.0},{"damage":4.0,"enemies":"Small Slimes","floor":5.0,"turns":3.0},{"damage":14.0,"enemies":"Lagavulin","floor":7.0,"turns":7.0},{"damage":5.0,"enemies":"Gremlin Gang","floor":10.0,"turns":2.0},{"damage":4.0,"enemies":"Looter","floor":12.0,"turns":3.0},{"damage":0.0,"enemies":"2 Fungi Beasts","floor":13.0,"turns":2.0},{"damage":35.0,"enemies":"Hexaghost","floor":16.0,"turns":12.0},{"damage":23.0,"enemies":"2 Thieves","floor":18.0,"turns":5.0},{"damage":17.0,"enemies":"Spheric Guardian","floor":19.0,"turns":4.0},{"damage":16.0,"enemies":"Centurion and Healer","floor":28.0,"turns":6.0},{"damage":6,"enemies":"Cultist and Chosen","floor":29,"turns":6},{"damage":9,"enemies":"Snecko","floor":30,"turns":6},{"damage":11,"enemies":"Colosseum Slavers","floor":31,"turns":4},{"damage":70,"enemies":"Collector","floor":33,"turns":8}],"seed_played":"8542666522150093929","potions_obtained":[{"floor":1.0,"key":"EssenceOfSteel"},{"floor":10.0,"key":"Ancient Potion"},{"floor":13.0,"key":"Block Potion"},{"floor":16.0,"key":"LiquidBronze"}],"is_trial":false,"path_per_floor":["M","?","?","M","M","R","E","R","T","M","?","M","M","?","R","B",null,"M","M","?","$","?","R","?","R","T","$","M","M","M","?","R","B"],"character_chosen":"DEFECT","items_purchased":["Steam","Double Energy"],"campfire_rested":3,"item_purchase_floors":[21,21],"current_hp_per_floor":[63,63,44,37,33,52,38,38,38,33,54,50,50,50,50,15,70,47,30,42,42,42,42,48,78,78,78,62,56,47,36,66,0],"gold":40,"neow_bonus":"ONE_RARE_RELIC","is_prod":false,"is_daily":false,"chose_seed":false,"campfire_upgraded":3,"win_rate":0,"timestamp":1548885832,"path_taken":["M","?","?","M","M","R","E","R","T","M","?","M","?","?","R","BOSS","M","?","?","$","?","R","?","R","T","?","M","M","M","?","R","BOSS"],"build_version":"2019-01-23","purchased_purges":1,"victory":false,"max_hp_per_floor":[64,64,64,64,64,64,64,64,64,64,64,64,64,64,64,64,82,82,82,94,94,94,94,100,100,100,100,100,100,100,100,100,100],"card_choices":[{"not_picked":["Blizzard","Skim","Tempest"],"picked":"SKIP","floor":1.0},{"not_picked":["Undo","Sweeping Beam"],"picked":"Glacier","floor":4.0},{"not_picked":["Undo","Go for the Eyes"],"picked":"Compile Driver","floor":5.0},{"not_picked":["Coolheaded","Rebound"],"picked":"Electrodynamics","floor":7.0},{"not_picked":["Rip and Tear","Beam Cell"],"picked":"Ball Lightning","floor":10.0},{"not_picked":["Go for the Eyes","Redo","Hello World"],"picked":"SKIP","floor":12.0},{"not_picked":["Rebound","Streamline"],"picked":"Leap","floor":13.0},{"not_picked":["Creative AI","Multi-Cast"],"picked":"Core Surge","floor":16.0},{"not_picked":["Rebound+1","Barrage+1"],"picked":"Coolheaded","floor":18.0},{"not_picked":["Scrape","Sunder"],"picked":"Auto Shields","floor":19.0},{"not_picked":["Turbo+1","Go for the Eyes"],"picked":"Glacier+1","floor":28.0},{"not_picked":["Rebound","Chill+1"],"picked":"White Noise+1","floor":29},{"not_picked":["Streamline+1","Go for the Eyes","Genetic Algorithm+1"],"picked":"SKIP","floor":30}],"player_experience":257808,"relics_obtained":[{"floor":7.0,"key":"Darkstone Periapt"},{"floor":9.0,"key":"Happy Flower"},{"floor":17.0,"key":"Bag of Marbles"},{"floor":17.0,"key":"Mummified Hand"},{"floor":17.0,"key":"Turnip"},{"floor":26.0,"key":"Toxic Egg 2"}],"event_choices":[{"damage_healed":0.0,"max_hp_gain":0.0,"max_hp_loss":0.0,"gold_gain":0.0,"event_name":"World of Goop","player_choice":"Left Gold","floor":2.0,"gold_loss":50.0,"damage_taken":0.0},{"damage_healed":0.0,"max_hp_gain":0.0,"max_hp_loss":0.0,"gold_gain":0.0,"event_name":"Shining Light","player_choice":"Entered Light","floor":3.0,"gold_loss":0.0,"damage_taken":19.0,"cards_upgraded":["Strike_B","Defend_B"]},{"damage_healed":21.0,"max_hp_gain":0.0,"max_hp_loss":0.0,"gold_gain":0.0,"event_name":"Big Fish","player_choice":"Banana","floor":11.0,"gold_loss":0.0,"damage_taken":0.0},{"cards_removed":["Strike_B"],"damage_healed":0.0,"max_hp_gain":0.0,"max_hp_loss":0.0,"gold_gain":0.0,"event_name":"Bonfire Elementals","player_choice":"Offered Basic","floor":14.0,"gold_loss":0.0,"damage_taken":0.0},{"damage_healed":0.0,"max_hp_gain":0.0,"max_hp_loss":0.0,"gold_gain":0.0,"cards_transformed":["Regret","Regret"],"event_name":"Drug Dealer","player_choice":"Became Test Subject","floor":20.0,"gold_loss":0.0,"damage_taken":0.0,"cards_obtained":["Decay","Shame"]},{"damage_healed":0.0,"max_hp_gain":0.0,"max_hp_loss":0.0,"gold_gain":0.0,"event_name":"Masked Bandits","player_choice":"Paid Fearfully","floor":22.0,"gold_loss":71.0,"damage_taken":0.0},{"damage_healed":0.0,"max_hp_gain":0.0,"max_hp_loss":0.0,"gold_gain":0.0,"event_name":"The Mausoleum","player_choice":"Opened","floor":24.0,"gold_loss":0.0,"damage_taken":0.0,"relics_obtained":["Mercury Hourglass"],"cards_obtained":["Writhe"]},{"damage_healed":0,"gold_gain":0,"player_choice":"Fight","damage_taken":0,"max_hp_gain":0,"max_hp_loss":0,"event_name":"Colosseum","floor":31,"gold_loss":0},{"damage_healed":0,"gold_gain":0,"player_choice":"Fled From Nobs","damage_taken":0,"max_hp_gain":0,"max_hp_loss":0,"event_name":"Colosseum","floor":31,"gold_loss":0}],"is_beta":false,"boss_relics":[{"not_picked":["Astrolabe","Coffee Dripper"],"picked":"Calling Bell"}],"items_purged_floors":[21],"is_endless":false,"potions_floor_spawned":[1,10,13,16,18,31],"killed_by":"Collector","ascension_level":19}