{"gold_per_floor":[216,233,244,259,269,269,285,317,317,317,351,351,227,256,256,256],"floor_reached":16,"playtime":696,"items_purged":["Strike_R"],"score":235,"play_id":"e1798a9e-08f0-4c15-97c6-fc66ef4d04d4","local_time":"20190218212751","is_ascension_mode":true,"campfire_choices":[{"data":"Bash","floor":6,"key":"SMITH"},{"floor":10,"key":"REST"},{"floor":12,"key":"REST"},{"floor":15,"key":"REST"}],"neow_cost":"NONE","seed_source_timestamp":479402910289599,"circlet_count":0,"master_deck":["AscendersBane","Strike_R","Strike_R","Strike_R","Strike_R","Defend_R","Defend_R","Defend_R","Defend_R","Bash+1","Cleave","Dropkick","Armaments","Dropkick"],"relics":["Burning Blood","Ancient Tea Set","Centennial Puzzle","The Courier"],"potions_floor_usage":[4,8,14,14],"damage_taken":[{"damage":1,"enemies":"Cultist","floor":1,"turns":4},{"damage":9,"enemies":"Small Slimes","floor":2,"turns":4},{"damage":0,"enemies":"2 Louse","floor":3,"turns":2},{"damage":23,"enemies":"Exordium Thugs","floor":4,"turns":6},{"damage":15,"enemies":"Large Slime","floor":5,"turns":6},{"damage":7,"enemies":"2 Fungi Beasts","floor":7,"turns":4},{"damage":45,"enemies":"3 Sentries","floor":8,"turns":9},{"damage":29,"enemies":"Lagavulin","floor":11,"turns":7},{"damage":3,"enemies":"Gremlin Nob","floor":14,"turns":2},{"damage":72,"enemies":"Slime Boss","floor":16,"turns":9}],"seed_played":"-4157735414737163609","potions_obtained":[{"floor":2,"key":"SkillPotion"},{"floor":3,"key":"SkillPotion"},{"floor":11,"key":"GamblersBrew"}],"is_trial":false,"path_per_floor":["M","M","M","M","M","R","M","E","T","R","E","R","$","E","R","B"],"character_chosen":"IRONCLAD","items_purchased":["AttackPotion"],"campfire_rested":3,"item_purchase_floors":[13],"current_hp_per_floor":[77,74,80,63,54,54,53,14,14,38,15,39,39,42,66,0],"gold":256,"neow_bonus":"HUNDRED_GOLD","is_prod":false,"is_daily":false,"chose_seed":false,"campfire_upgraded":1,"win_rate":0,"timestamp":1550561271,"path_taken":["M","M","M","M","M","R","M","E","T","R","E","R","$","E","R","BOSS"],"build_version":"2019-01-23","purchased_purges":1,"victory":false,"max_hp_per_floor":[80,80,80,80,80,80,80,80,80,80,80,80,80,80,80,80],"card_choices":[{"not_picked":["Havoc","Body Slam","Power Through"],"picked":"SKIP","floor":1},{"not_picked":["True Grit","Corruption"],"picked":"Cleave","floor":2},{"not_picked":["Sword Boomerang","Warcry"],"picked":"Dropkick","floor":3},{"not_picked":["Body Slam","Shrug It Off"],"picked":"Armaments","floor":4},{"not_picked":["Cleave","Thunderclap"],"picked":"Dropkick","floor":5},{"not_picked":["Uppercut","Feed","Metallicize"],"picked":"SKIP","floor":7},{"not_picked":["Headbutt","Carnage","Clothesline"],"picked":"SKIP","floor":8},{"not_picked":["Anger","Armaments","Second Wind"],"picked":"SKIP","floor":11},{"not_picked":["Burning Pact","Cleave","Rupture"],"picked":"SKIP","floor":14}],"player_experience":443394,"relics_obtained":[{"floor":8,"key":"Ancient Tea Set"},{"floor":11,"key":"Centennial Puzzle"},{"floor":14,"key":"The Courier"}],"event_choices":[],"is_beta":false,"boss_relics":[],"items_purged_floors":[13],"is_endless":false,"potions_floor_spawned":[2,3,11],"killed_by":"Slime Boss","ascension_level":12}