{"gold_per_floor":[113,131,145,262,262,262,296,313,313,341,456,469,482,498,498,602,702,714,724,741,760,776,802,802,802,802,832,850,313,333,352,352,472,472,513,539,593,644,201,201,228,351,351,404,444,444,486,486,486,619,619,674,734,796,796,864,864,947,1021,1047,1127,1220,1312,1485,1593,1593,1792,1792,1928,1928,1868,1383,1488,1847,1847,1772,1772,1772,1772,1901,1901,2059,2059,2295,2295,2463,2463,2636,2822,2822],"floor_reached":90,"playtime":23757,"items_purged":["elementalist:Fission_Lance","elementalist:Mist"],"score":2188,"play_id":"bf28fa23-af83-40ac-9868-6765e2a10dda","local_time":"20190221005424","is_ascension_mode":false,"campfire_choices":[{"data":"elementalist:Refract","floor":6.0,"key":"SMITH"},{"data":"elementalist:Fission_Lance","floor":15.0,"key":"SMITH"},{"floor":24.0,"key":"REST"},{"data":"elementalist:Heavensfall","floor":32.0,"key":"SMITH"},{"data":"elementalist:Emberveil","floor":40.0,"key":"SMITH"},{"data":"Magnetism","floor":57,"key":"SMITH"},{"data":"elementalist:Accelerant","floor":66,"key":"SMITH"},{"data":"Panache","floor":78,"key":"SMITH"},{"data":"elementalist:Accelerant","floor":81,"key":"SMITH"},{"data":"elementalist:Gaian_Form","floor":83,"key":"SMITH"}],"neow_cost":"TEN_PERCENT_HP_LOSS","seed_source_timestamp":0,"circlet_count":1,"master_deck":["elementalist:Air_Emblem","elementalist:Air_Emblem","elementalist:Air_Emblem","elementalist:Fire_Emblem","elementalist:Fire_Emblem","elementalist:Fire_Emblem","elementalist:Fire_Emblem","elementalist:Defend_Elemblue","elementalist:Defend_Elemblue","elementalist:Defend_Elemblue","elementalist:Defend_Elemblue","elementalist:Firestrike","elementalist:Earthstrike","elementalist:Crystal_Chalk","elementalist:Blaze","elementalist:Refract+1","elementalist:Caution","elementalist:Emberveil+1","elementalist:Cauterize+1","elementalist:Wards+1","elementalist:Emberveil+1","elementalist:Fission_Lance+1","elementalist:Breeze+1","elementalist:Cauterize","elementalist:Caution+1","elementalist:Kiln+1","elementalist:Solar_Form","elementalist:Blaze+1","elementalist:Heavensfall+1","elementalist:Caution+1","elementalist:Wards+1","elementalist:Fission_Lance+1","elementalist:Mist+1","elementalist:Wirbelwight","elementalist:Blaze+1","elementalist:Ignition+1","Apotheosis+1","Panache+1","Flash of Steel","Flash of Steel","elementalist:Heavensfall","elementalist:Emberveil+1","elementalist:Widdershins_Conversion+1","Impatience+1","ReplayTheSpireMod:Uncanny Aura+1","Magnetism+1","elementalist:Glaciate+1","elementalist:Emberveil+1","elementalist:Wards+1","elementalist:Inferno+1","elementalist:Gaian_Form+1","elementalist:Accelerant+1","elementalist:Emberveil+1","elementalist:Etherstrike","infinitespire:Collect+1","elementalist:Accelerant+1","elementalist:Emberveil+1","elementalist:Cyclone+1","elementalist:Solar_Form","elementalist:Heavensfall","elementalist:Air_Emblem+1","elementalist:Cyclone+1","elementalist:Inferno","elementalist:Ferruchemy+1","elementalist:Spark","elementalist:Widdershins_Conversion+1"],"special_seed":0,"relics":["elementalistmod:MagusStaff","elementalistmod:RedRibbon","Toxic Egg 2","Anchor","infinitespire:Beetle Shell","Replay:Wanted Poster","Bottled Lightning","ReplayTheSpireMod:Bottled Steam","Juzu Bracelet","Mercury Hourglass","Circlet","infinitespire:EvilPickle","Runic Pyramid","FossilizedHelix","Baseball","ReplayTheSpireMod:ShopPack","Replay:Towering Pillar of Hats","CatCart","Painkiller Herb","ReplayTheSpireMod:Ninjato","Torii","Blood Vial","Durian","infinitespire:Cupcake","Pen Nib","Centennial Puzzle","Guide Book","Turnip","Matryoshka","Gremlin Food","Fusion Hammer"],"potions_floor_usage":[42,50,50,58,61,61,67,67,74,74,84,90],"damage_taken":[{"damage":0.0,"enemies":"Small Slimes","floor":1.0,"turns":3.0},{"damage":0.0,"enemies":"Cultist","floor":2.0,"turns":2.0},{"damage":5.0,"enemies":"2 Louse","floor":3.0,"turns":2.0},{"damage":1.0,"enemies":"2 Fungi Beasts","floor":4.0,"turns":4.0},{"damage":2.0,"enemies":"Gremlin Nob","floor":7.0,"turns":4.0},{"damage":0.0,"enemies":"Lots of Slimes","floor":8.0,"turns":4.0},{"damage":0.0,"enemies":"Erikyupuro","floor":10.0,"turns":8.0},{"damage":0.0,"enemies":"3 Louse","floor":11.0,"turns":3.0},{"damage":0.0,"enemies":"2 Fungi Beasts","floor":12.0,"turns":2.0},{"damage":0.0,"enemies":"Blue Slaver","floor":13.0,"turns":5.0},{"damage":0.0,"enemies":"Looter","floor":14.0,"turns":3.0},{"damage":12.0,"enemies":"Fading Forest","floor":16.0,"turns":11.0},{"damage":0.0,"enemies":"Shell Parasite","floor":18.0,"turns":6.0},{"damage":0.0,"enemies":"Spheric Guardian","floor":19.0,"turns":3.0},{"damage":8.0,"enemies":"Shelled Parasite and Fungi","floor":20.0,"turns":5.0},{"damage":0.0,"enemies":"Snake Plant","floor":21.0,"turns":2.0},{"damage":0.0,"enemies":"Cultist and Chosen","floor":22.0,"turns":3.0},{"damage":18.0,"enemies":"Nightmare","floor":23.0,"turns":6.0},{"damage":0.0,"enemies":"Replay:Snechameleon","floor":27.0,"turns":5.0},{"damage":0.0,"enemies":"3 Cultists","floor":28.0,"turns":4.0},{"damage":0.0,"enemies":"Snake Plant","floor":30.0,"turns":2.0},{"damage":0.0,"enemies":"Centurion and Healer","floor":31.0,"turns":3.0},{"damage":14.0,"enemies":"Pondfish","floor":33.0,"turns":14.0},{"damage":0.0,"enemies":"3 Darklings","floor":35.0,"turns":3.0},{"damage":0.0,"enemies":"3 Shapes","floor":37.0,"turns":3.0},{"damage":6.0,"enemies":"3 Darklings","floor":38.0,"turns":5.0},{"damage":0.0,"enemies":"Writhing Mass","floor":41.0,"turns":4.0},{"damage":0,"enemies":"Maw","floor":42,"turns":6},{"damage":26,"enemies":"Orin","floor":44,"turns":9},{"damage":0,"enemies":"4 Shapes","floor":45,"turns":4},{"damage":0,"enemies":"Sphere and 2 Shapes","floor":47,"turns":4},{"damage":5,"enemies":"infinitespire:MassOfShapes","floor":50,"turns":7},{"damage":0,"enemies":"2 Louse","floor":52,"turns":1},{"damage":0,"enemies":"Small Slimes","floor":53,"turns":2},{"damage":0,"enemies":"Cultist","floor":54,"turns":2},{"damage":0,"enemies":"3 Louse","floor":56,"turns":2},{"damage":0,"enemies":"3 Sentries","floor":58,"turns":4},{"damage":0,"enemies":"Gremlin Gang","floor":59,"turns":2},{"damage":0,"enemies":"Exordium Thugs","floor":61,"turns":3},{"damage":0,"enemies":"2 Fungi Beasts","floor":62,"turns":3},{"damage":0,"enemies":"Gremlin Gang","floor":63,"turns":2},{"damage":0,"enemies":"Lots of Slimes","floor":65,"turns":2},{"damage":0,"enemies":"Hexaghost","floor":67,"turns":5},{"damage":0,"enemies":"Chosen","floor":69,"turns":2},{"damage":0,"enemies":"2 Thieves","floor":73,"turns":2},{"damage":0,"enemies":"Slavers","floor":74,"turns":4},{"damage":0,"enemies":"Chosen and Byrds","floor":80,"turns":2},{"damage":0,"enemies":"Replay:Snechameleon","floor":82,"turns":4},{"damage":0,"enemies":"Collector","floor":84,"turns":5},{"damage":0,"enemies":"3 Darklings","floor":86,"turns":3},{"damage":0,"enemies":"Orb Walker","floor":88,"turns":2},{"damage":0,"enemies":"Spire Growth","floor":89,"turns":3},{"damage":0,"enemies":"infinitespire:Three Voidlings","floor":90,"turns":2},{"damage":68,"enemies":"Nightmare_Alpha","floor":90,"turns":6}],"seed_played":"-4232089375985915664","potions_obtained":[{"floor":3.0,"key":"AttackPotion"},{"floor":7.0,"key":"Dexterity Potion"},{"floor":8.0,"key":"SkillPotion"},{"floor":11.0,"key":"Adrenaline Potion"},{"floor":13.0,"key":"SkillPotion"},{"floor":14.0,"key":"Reflective Coating"},{"floor":20.0,"key":"Energy Potion"},{"floor":22.0,"key":"LiquidBronze"},{"floor":23.0,"key":"Adrenaline Potion"},{"floor":28.0,"key":"AttackPotion"},{"floor":33.0,"key":"Dexterity Potion"},{"floor":41,"key":"AttackPotion"},{"floor":44,"key":"GamblersBrew"},{"floor":50,"key":"Swift Potion"},{"floor":52,"key":"AttackPotion"},{"floor":59,"key":"LifebloodPotion"},{"floor":62,"key":"Regen Potion"},{"floor":63,"key":"GamblersBrew"},{"floor":65,"key":"Weak Potion"},{"floor":67,"key":"FearPotion"},{"floor":69,"key":"LiquidBronze"},{"floor":80,"key":"SkillPotion"},{"floor":88,"key":"Strength Potion"},{"floor":89,"key":"Dexterity Potion"}],"is_trial":false,"path_per_floor":["M","M","M","M","?","R","E","M","T","E","M","M","M","M","R","B",null,"M","M","M","M","M","NM","R","?","T","E","M","$","M","M","R","B",null,"M","?","M","M","$","R","M","M","T","?","M","R","M","?","R","B",null,"?","?","?","?","?","T","E","?","T","?","?","?","?","?","T","B",null,"?","?","?","T","?","E","?","?","T","T","?","?","T","E","T","B",null,"?","?","?","?","?"],"character_chosen":"THE_ELEMENTALIST","items_purchased":["elementalist:Mist+1","Dead Branch","Mercury Hourglass","Apotheosis+1","Baseball","ReplayTheSpireMod:ShopPack","Pen Nib","Centennial Puzzle","Guide Book"],"campfire_rested":1,"item_purchase_floors":[29,29,29,39,39,39,72,72,72],"current_hp_per_floor":[63,63,58,57,57,57,55,55,55,55,55,55,55,55,55,43,63,63,63,55,55,55,37,55,44,44,44,44,44,44,44,44,45,68,68,68,68,62,62,62,68,68,68,42,42,42,42,32,52,47,68,68,68,68,61,61,61,61,61,61,63,65,67,67,68,68,73,73,73,73,73,73,73,73,73,73,73,73,73,73,73,73,73,73,73,73,73,73,73,5],"gold":2822,"neow_bonus":"TRANSFORM_TWO_CARDS","is_prod":false,"is_daily":false,"chose_seed":false,"campfire_upgraded":9,"win_rate":0.0,"timestamp":1550721264,"path_taken":["M","M","M","M","?","R","E","M","T","E","?","M","M","M","R","BOSS","M","M","M","M","M","NM","R","?","T","E","M","$","M","M","R","BOSS","M","?","M","M","$","R","M","M","T","?","M","R","M","?","R","BOSS","?","?","?","?","?","T","E","?","T","?","?","?","?","?","T","BOSS","?","?","?","T","?","E","?","?","T","T","?","?","T","E","T","BOSS","?","?","?","?","?"],"build_version":"2019-01-23","purchased_purges":2,"victory":false,"max_hp_per_floor":[63,63,63,63,63,63,63,63,63,63,63,63,63,63,63,63,63,63,63,63,63,63,63,63,68,68,68,68,68,68,68,68,68,68,68,68,68,68,68,68,68,68,68,68,68,68,68,68,68,68,68,68,68,68,68,68,68,68,68,68,68,68,68,68,68,68,73,73,73,73,73,73,73,73,73,73,73,73,73,73,73,73,73,73,73,73,73,73,73,73],"card_choices":[{"not_picked":["elementalist:Confluence","elementalist:Cyclone"],"picked":"elementalist:Caution","floor":1.0},{"not_picked":["elementalist:Momentum","elementalist:Caution","elementalist:Cyclone"],"picked":"SKIP","floor":2.0},{"not_picked":["elementalist:Stone_to_Mud","elementalist:Erosion"],"picked":"elementalist:Emberveil","floor":3.0},{"not_picked":["elementalist:Blaze","elementalist:Spout"],"picked":"elementalist:Mist","floor":4.0},{"not_picked":["elementalist:Spark","elementalist:Lunar_Form"],"picked":"elementalist:Cauterize","floor":7.0},{"not_picked":["elementalist:Lunar_Form","elementalist:Overheat+1"],"picked":"elementalist:Wards+1","floor":8.0},{"not_picked":["elementalist:Overheat+1","elementalist:Flame"],"picked":"elementalist:Emberveil+1","floor":10.0},{"not_picked":["elementalist:Tsunami","elementalist:Blaze"],"picked":"elementalist:Fission_Lance","floor":11.0},{"not_picked":["elementalist:Stone_to_Mud+1","elementalist:Magma_Shot"],"picked":"elementalist:Breeze+1","floor":12.0},{"not_picked":["elementalist:Magma_Shot","elementalist:Fission_Lance"],"picked":"elementalist:Cauterize","floor":13.0},{"not_picked":["elementalist:Solar_Form","elementalist:Overheat+1"],"picked":"elementalist:Caution+1","floor":14.0},{"not_picked":["elementalist:Astral_Form","elementalist:Impact"],"picked":"elementalist:Kiln+1","floor":16.0},{"not_picked":["elementalist:Confluence","elementalist:Ignition"],"picked":"elementalist:Solar_Form","floor":18.0},{"not_picked":["elementalist:Ignition","elementalist:Cauterize"],"picked":"elementalist:Blaze+1","floor":19.0},{"not_picked":["elementalist:Caution+1","elementalist:Wards+1"],"picked":"elementalist:Fission_Lance","floor":20.0},{"not_picked":["elementalist:Overheat+1","elementalist:Confluence","elementalist:Prepared_Sand"],"picked":"SKIP","floor":21.0},{"not_picked":["elementalist:Wards+1","elementalist:Emberveil+1"],"picked":"elementalist:Heavensfall","floor":22.0},{"not_picked":["elementalist:Cauterize+1","elementalist:Etherstrike"],"picked":"elementalist:Caution+1","floor":23.0},{"not_picked":["elementalist:Cauterize","elementalist:Overheat+1"],"picked":"elementalist:Wards+1","floor":27.0},{"not_picked":["elementalist:Flame","elementalist:Spout"],"picked":"elementalist:Fission_Lance+1","floor":28.0},{"not_picked":["elementalist:Flame","elementalist:Overheat+1","elementalist:Blaze"],"picked":"SKIP","floor":30.0},{"not_picked":["elementalist:Fission_Lance+1","elementalist:Flame","elementalist:Etherstrike"],"picked":"SKIP","floor":31.0},{"not_picked":["elementalist:Kiln+1","elementalist:Quake"],"picked":"elementalist:Wirbelwight","floor":33.0},{"not_picked":["elementalist:Overheat+1","elementalist:Magma_Shot"],"picked":"elementalist:Blaze+1","floor":35.0},{"not_picked":["elementalist:Solar_Form","elementalist:Overheat+1","elementalist:Magma_Shot"],"picked":"SKIP","floor":37.0},{"not_picked":["elementalist:Cyclone+1","elementalist:Prepared_Sand"],"picked":"elementalist:Ignition+1","floor":38.0},{"not_picked":["Secret Technique","The Bomb"],"picked":"Panache","floor":39.0},{"not_picked":["Purity","Specialist"],"picked":"Flash of Steel","floor":39.0},{"not_picked":["Enlightenment","Survey Options"],"picked":"Flash of Steel","floor":39.0},{"not_picked":["elementalist:Blaze+1","elementalist:Prepared_Sand+1","elementalist:Overheat+1"],"picked":"SKIP","floor":41},{"not_picked":["elementalist:Blaze+1","elementalist:Prepared_Sand+1","elementalist:Overheat+1"],"picked":"SKIP","floor":41},{"not_picked":["elementalist:Monument+1","elementalist:Flame+1"],"picked":"elementalist:Emberveil+1","floor":42},{"not_picked":["elementalist:Aegis+1","elementalist:Spout+1","elementalist:Stone_to_Mud+1"],"picked":"SKIP","floor":45},{"not_picked":["elementalist:Solar_Form","elementalist:Overheat+1"],"picked":"elementalist:Widdershins_Conversion+1","floor":47},{"not_picked":["Discovery+1","Replay:Sssssssssstrike"],"picked":"Impatience+1","floor":48},{"not_picked":["Flash of Steel","Mind Blast"],"picked":"ReplayTheSpireMod:Uncanny Aura+1","floor":48},{"not_picked":["Discovery+1","Replay:Sssssssssstrike"],"picked":"Magnetism","floor":48},{"not_picked":["elementalist:Wirbelwight","elementalist:Dragon_Bigram"],"picked":"elementalist:Glaciate","floor":50},{"not_picked":["elementalist:Momentum+1","elementalist:Overheat+1"],"picked":"elementalist:Emberveil+1","floor":52},{"not_picked":["elementalist:Spout","elementalist:Prepared_Sand"],"picked":"elementalist:Wards+1","floor":53},{"not_picked":["elementalist:Confluence","elementalist:Overheat+1"],"picked":"elementalist:Inferno","floor":54},{"not_picked":["elementalist:Flame","elementalist:Monument"],"picked":"elementalist:Gaian_Form","floor":56},{"not_picked":["elementalist:Spout","elementalist:Geomancy+1"],"picked":"elementalist:Accelerant","floor":58},{"not_picked":["elementalist:Magma_Shot","elementalist:Blaze","elementalist:Caution+1"],"picked":"SKIP","floor":59},{"not_picked":["elementalist:Ignition","elementalist:Cauterize"],"picked":"elementalist:Emberveil+1","floor":61},{"not_picked":["elementalist:Inferno","elementalist:Flame"],"picked":"elementalist:Etherstrike","floor":62},{"not_picked":["elementalist:Flame","elementalist:Overheat+1","elementalist:Cauterize"],"picked":"SKIP","floor":63},{"not_picked":["elementalist:Flame","elementalist:Prepared_Sand","elementalist:Overheat+1"],"picked":"SKIP","floor":65},{"not_picked":["Replay:Fractal Strike","infinitespire:FinalStrike"],"picked":"infinitespire:Collect","floor":67},{"not_picked":["elementalist:Kiln+1","elementalist:Dragon_Bigram"],"picked":"elementalist:Accelerant","floor":67},{"not_picked":["elementalist:Breeze+1","elementalist:Spout"],"picked":"elementalist:Emberveil+1","floor":69},{"not_picked":["elementalist:Wards+1","elementalist:Prepared_Sand"],"picked":"elementalist:Cyclone+1","floor":73},{"not_picked":["elementalist:Magma_Shot","elementalist:Flame+1"],"picked":"elementalist:Solar_Form","floor":74},{"not_picked":["elementalist:Monument","elementalist:Spout+1"],"picked":"elementalist:Cyclone+1","floor":80},{"not_picked":["elementalist:Overheat+1","elementalist:Ignition"],"picked":"elementalist:Inferno","floor":82},{"not_picked":["elementalist:Multification+1","elementalist:Inferno"],"picked":"elementalist:Ferruchemy+1","floor":84},{"not_picked":["elementalist:Momentum+1","elementalist:Caution+1"],"picked":"elementalist:Spark","floor":86},{"not_picked":["elementalist:Overheat+1","elementalist:Emberveil+1","elementalist:Solar_Form"],"picked":"SKIP","floor":88},{"not_picked":["elementalist:Ignition","elementalist:Breeze+1"],"picked":"elementalist:Widdershins_Conversion+1","floor":89}],"player_experience":758020,"relics_obtained":[{"floor":7.0,"key":"Toxic Egg 2"},{"floor":9.0,"key":"Anchor"},{"floor":10.0,"key":"infinitespire:Beetle Shell"},{"floor":23.0,"key":"Bottled Lightning"},{"floor":26.0,"key":"ReplayTheSpireMod:Bottled Steam"},{"floor":27.0,"key":"Juzu Bracelet"},{"floor":36.0,"key":"FossilizedHelix"},{"floor":43,"key":"Replay:Towering Pillar of Hats"},{"floor":44,"key":"CatCart"},{"floor":58,"key":"Torii"},{"floor":60,"key":"Blood Vial"},{"floor":74,"key":"Turnip"},{"floor":77,"key":"Matryoshka"},{"floor":82,"key":"Gremlin Food"}],"event_choices":[{"damage_healed":0.0,"max_hp_gain":5.0,"max_hp_loss":0.0,"gold_gain":0.0,"event_name":"Forgotten Altar","player_choice":"Shed Blood","floor":25.0,"gold_loss":0.0,"damage_taken":16.0},{"damage_healed":0,"gold_gain":0,"player_choice":"Fight","damage_taken":0,"max_hp_gain":0,"max_hp_loss":0,"event_name":"OrinTheCat","floor":44,"gold_loss":0},{"damage_healed":0,"gold_gain":0,"player_choice":"Memory 3","damage_taken":10,"max_hp_gain":0,"max_hp_loss":0,"event_name":"SensoryStone","floor":48,"gold_loss":0},{"cards_removed":["elementalist:Waterstrike"],"damage_healed":0,"gold_gain":0,"player_choice":"Card Removal","damage_taken":7,"max_hp_gain":0,"max_hp_loss":0,"event_name":"Golden Wing","floor":55,"gold_loss":0},{"cards_removed":["ReplayTheSpireMod:Splinters"],"damage_healed":0,"gold_gain":0,"player_choice":"Forget","damage_taken":0,"max_hp_gain":0,"max_hp_loss":0,"event_name":"Living Wall","floor":64,"gold_loss":0},{"damage_healed":0,"gold_gain":0,"player_choice":"Ignored","damage_taken":0,"max_hp_gain":0,"max_hp_loss":0,"event_name":"Vampires","floor":70,"gold_loss":0},{"damage_healed":0,"gold_gain":0,"player_choice":"Ignored","damage_taken":0,"max_hp_gain":0,"max_hp_loss":0,"event_name":"Ghosts","floor":75,"gold_loss":0},{"cards_removed":["Madness"],"damage_healed":0,"gold_gain":0,"player_choice":"Gave Gold","damage_taken":0,"max_hp_gain":0,"max_hp_loss":0,"event_name":"Beggar","floor":76,"gold_loss":75},{"damage_healed":0,"gold_gain":0,"player_choice":"Ignored","damage_taken":0,"max_hp_gain":0,"max_hp_loss":0,"event_name":"Tomb of Lord Red Mask","floor":87,"gold_loss":0}],"is_beta":false,"boss_relics":[{"not_picked":["Cursed Key","infinitespire:Cupcake"],"picked":"Replay:Wanted Poster"},{"not_picked":["Replay:Drink Me","White Beast Statue"],"picked":"Runic Pyramid"},{"not_picked":["ReplayTheSpireMod:SealedPack","Coffee Dripper"],"picked":"Painkiller Herb"},{"not_picked":["Cursed Key","Velvet Choker"],"picked":"infinitespire:Cupcake"},{"not_picked":["Tiny House","Runic Dome"],"picked":"Fusion Hammer"}],"items_purged_floors":[29,72],"is_endless":true,"potions_floor_spawned":[3,7,8,11,13,14,20,22,23,28,33,41,44,50,52,59,62,63,65,67,69,80,88,89],"killed_by":"Nightmare_Alpha","ascension_level":0}