{"gold_per_floor":[10,28,39,39,55,55,55,67,135,285,316,62,62,76,76,149,149,149],"floor_reached":18,"playtime":547,"items_purged":[],"score":284,"play_id":"85587fc2-33a6-4a6a-98b8-606d177c1a1b","local_time":"20190221203450","is_ascension_mode":true,"campfire_choices":[{"data":"Mind Blast","floor":6,"key":"SMITH"},{"data":"Spot Weakness","floor":13,"key":"SMITH"},{"floor":15,"key":"REST"}],"neow_cost":"NO_GOLD","seed_source_timestamp":130830619282469,"circlet_count":0,"master_deck":["AscendersBane","Bash","Mind Blast+1","Dramatic Entrance","Sword Boomerang","Perfected Strike","Perfected Strike","Rampage","Doubt","Spot Weakness+1","Offering","Entrench","Impervious","Feel No Pain","Power Through","Juggernaut","Thunderclap","Second Wind","Corruption","Reaper"],"relics":["Burning Blood","Shuriken","Nunchaku","Pear","Pandora\u0027s Box"],"potions_floor_usage":[5,5,5,16],"damage_taken":[{"damage":0,"enemies":"2 Louse","floor":1,"turns":2},{"damage":19,"enemies":"Jaw Worm","floor":2,"turns":4},{"damage":6,"enemies":"Cultist","floor":3,"turns":4},{"damage":13,"enemies":"Exordium Wildlife","floor":5,"turns":4},{"damage":6,"enemies":"Exordium Thugs","floor":8,"turns":3},{"damage":8,"enemies":"Gremlin Nob","floor":11,"turns":3},{"damage":20,"enemies":"Gremlin Gang","floor":14,"turns":3},{"damage":58,"enemies":"Hexaghost","floor":16,"turns":8},{"damage":18,"enemies":"Shell Parasite","floor":18,"turns":4}],"seed_played":"-1127488909859827221","potions_obtained":[{"floor":1,"key":"SpeedPotion"},{"floor":3,"key":"EntropicBrew"},{"floor":14,"key":"Explosive Potion"}],"is_trial":false,"path_per_floor":["M","M","M","?","M","R","$","M","T","?","E","$","R","M","R","B",null,"M"],"character_chosen":"IRONCLAD","items_purchased":["Pear"],"campfire_rested":1,"item_purchase_floors":[12],"current_hp_per_floor":[74,61,61,61,61,61,61,61,61,61,59,69,69,55,80,28,71,53],"gold":149,"neow_bonus":"RANDOM_COLORLESS_2","is_prod":false,"is_daily":false,"chose_seed":false,"campfire_upgraded":2,"win_rate":0,"timestamp":1550817290,"path_taken":["M","M","M","?","M","R","$","M","T","?","E","$","R","M","R","BOSS","M"],"build_version":"2019-01-23","purchased_purges":0,"victory":false,"max_hp_per_floor":[75,75,75,75,75,75,75,75,75,75,75,85,85,85,85,85,85,85],"card_choices":[{"not_picked":["Pummel","Carnage"],"picked":"Sword Boomerang","floor":1},{"not_picked":["Combust","Metallicize","Power Through"],"picked":"SKIP","floor":2},{"not_picked":["Sever Soul","Seeing Red"],"picked":"Perfected Strike","floor":3},{"not_picked":["Clash","Blood for Blood"],"picked":"Perfected Strike","floor":5},{"not_picked":["Thunderclap","Power Through"],"picked":"Rampage","floor":8},{"not_picked":["Corruption","Shrug It Off"],"picked":"Spot Weakness","floor":11},{"not_picked":["Carnage","Exhume","Sever Soul"],"picked":"SKIP","floor":14},{"not_picked":["Double Tap","Juggernaut"],"picked":"Offering","floor":16}],"player_experience":459722,"relics_obtained":[{"floor":9,"key":"Shuriken"},{"floor":11,"key":"Nunchaku"}],"event_choices":[{"damage_healed":0,"gold_gain":0,"player_choice":"Ignored","damage_taken":0,"max_hp_gain":0,"max_hp_loss":0,"event_name":"Golden Wing","floor":4,"gold_loss":0},{"damage_healed":0,"gold_gain":150,"player_choice":"AGREE","damage_taken":0,"max_hp_gain":0,"max_hp_loss":0,"event_name":"Liars Game","floor":10,"gold_loss":0,"cards_obtained":["Doubt"]}],"is_beta":false,"boss_relics":[{"not_picked":["Astrolabe","Empty Cage"],"picked":"Pandora\u0027s Box"}],"items_purged_floors":[],"is_endless":false,"potions_floor_spawned":[1,3,14],"killed_by":"Shell Parasite","ascension_level":15}