{"gold_per_floor":[111,111,138,154,173,173,183,183,183,183,195,195,47,111,111,212,212,195,195,214,214,232,266,266,191,191,219,231,259,271,24,24,128,128,139,139,139,30,43,43,43,43,94,104,104,0,0],"floor_reached":47,"playtime":1595,"items_purged":[],"score":518,"play_id":"ba1284a9-a1a6-4be6-9dad-087f93516673","local_time":"20190305132735","is_ascension_mode":false,"campfire_choices":[{"data":"Cleave","floor":6,"key":"SMITH"},{"floor":8,"key":"REST"},{"data":"Pommel Strike","floor":10,"key":"SMITH"},{"data":"True Grit","floor":15,"key":"SMITH"},{"floor":24,"key":"REST"},{"data":"Bash","floor":28,"key":"SMITH"},{"data":"Armaments","floor":32,"key":"SMITH"},{"floor":40,"key":"REST"}],"neow_cost":"NONE","seed_source_timestamp":1532493594603095,"circlet_count":0,"master_deck":["Strike_R","Strike_R","Strike_R","Defend_R","Defend_R","Defend_R","Defend_R","Bash+1","Cleave+1","Havoc","Shrug It Off","Pommel Strike+1","Armaments+1","True Grit+1","Feed","Inflame+1","Heavy Blade","Iron Wave","Inflame","Shockwave","Offering","Battle Trance","Dark Shackles","Flex","Panacea","Spot Weakness"],"relics":["Velvet Choker","Omamori","Matryoshka","Blood Vial","Orichalcum","Tiny Chest","Philosopher\u0027s Stone","Smiling Mask","MawBank","Pantograph","Meat on the Bone","Black Star","Strawberry","Red Skull","Red Mask"],"potions_floor_usage":[14,18,23,33,35,42,44],"damage_taken":[{"damage":6,"enemies":"Jaw Worm","floor":1,"turns":2},{"damage":0,"enemies":"Small Slimes","floor":4,"turns":3},{"damage":0,"enemies":"2 Louse","floor":5,"turns":2},{"damage":11,"enemies":"Large Slime","floor":7,"turns":5},{"damage":0,"enemies":"2 Fungi Beasts","floor":11,"turns":2},{"damage":12,"enemies":"Gremlin Nob","floor":14,"turns":4},{"damage":3,"enemies":"The Guardian","floor":16,"turns":14},{"damage":3,"enemies":"2 Thieves","floor":18,"turns":4},{"damage":0,"enemies":"Chosen","floor":20,"turns":3},{"damage":0,"enemies":"Centurion and Healer","floor":22,"turns":7},{"damage":33,"enemies":"Gremlin Leader","floor":23,"turns":6},{"damage":26,"enemies":"Chosen and Byrds","floor":27,"turns":6},{"damage":2,"enemies":"Snecko","floor":29,"turns":4},{"damage":59,"enemies":"Automaton","floor":33,"turns":7},{"damage":3,"enemies":"Orb Walker","floor":35,"turns":2},{"damage":30,"enemies":"3 Shapes","floor":39,"turns":4},{"damage":0,"enemies":"Spire Growth","floor":42,"turns":1},{"damage":10,"enemies":"Transient","floor":44,"turns":5},{"damage":94,"enemies":"Nemesis","floor":47,"turns":7}],"seed_played":"-6448052431457907761","potions_obtained":[{"floor":4,"key":"Block Potion"},{"floor":5,"key":"Strength Potion"},{"floor":11,"key":"Energy Potion"},{"floor":14,"key":"AttackPotion"},{"floor":20,"key":"LiquidBronze"},{"floor":33,"key":"SneckoOil"},{"floor":35,"key":"SmokeBomb"}],"is_trial":false,"path_per_floor":["M","?","T","M","M","R","M","R","T","R","M","?","$","E","R","B",null,"M","?","M","?","M","E","R","?","T","M","R","M","?","$","R","B",null,"M","?","?","$","M","R","?","M","T","M","$","?","E"],"character_chosen":"IRONCLAD","items_purchased":["Orichalcum","Meat on the Bone","Flex","Panacea"],"campfire_rested":3,"item_purchase_floors":[13,31,38,38],"current_hp_per_floor":[74,67,67,67,67,67,56,80,80,80,80,68,68,58,58,57,80,77,62,64,64,69,38,64,64,64,43,43,43,73,73,73,47,94,91,81,81,81,53,79,79,81,88,80,80,80,0],"gold":0,"neow_bonus":"BOSS_RELIC","is_prod":false,"is_daily":false,"chose_seed":false,"campfire_upgraded":5,"win_rate":0,"timestamp":1551770855,"path_taken":["M","?","?","M","M","R","M","R","T","R","?","?","?","E","R","BOSS","M","?","M","?","M","E","R","?","T","?","R","M","?","?","R","BOSS","M","?","?","?","?","R","?","M","T","M","$","?","E"],"build_version":"2019-01-23","purchased_purges":0,"victory":false,"max_hp_per_floor":[80,80,80,80,80,80,80,80,80,80,80,80,80,80,80,80,80,80,85,85,85,88,88,88,88,88,91,91,91,91,91,91,94,94,94,94,89,89,89,89,89,89,96,96,96,96,96],"card_choices":[{"not_picked":["Wild Strike","Rampage"],"picked":"Cleave","floor":1},{"not_picked":["Combust","Intimidate"],"picked":"Havoc","floor":4},{"not_picked":["Anger","Body Slam"],"picked":"Shrug It Off","floor":5},{"not_picked":["Anger","Sentinel"],"picked":"Pommel Strike","floor":7},{"not_picked":["Iron Wave","Anger"],"picked":"Armaments","floor":11},{"not_picked":["Impervious","Second Wind"],"picked":"True Grit","floor":14},{"not_picked":["Impervious","Exhume"],"picked":"Feed","floor":16},{"not_picked":["Perfected Strike+1","Combust+1"],"picked":"Inflame+1","floor":18},{"not_picked":["Clash+1","Rage"],"picked":"Heavy Blade","floor":20},{"not_picked":["Warcry","True Grit"],"picked":"Iron Wave","floor":22},{"not_picked":["Shrug It Off","Perfected Strike"],"picked":"Inflame","floor":23},{"not_picked":["Carnage","Corruption"],"picked":"Shockwave","floor":27},{"not_picked":["Iron Wave","Fire Breathing","Clash"],"picked":"SKIP","floor":29},{"not_picked":["Fiend Fire","Feed"],"picked":"Offering","floor":33},{"not_picked":["Heavy Blade","Sword Boomerang"],"picked":"Battle Trance","floor":35},{"not_picked":["Swift Strike","Mind Blast"],"picked":"Dark Shackles","floor":36},{"not_picked":["Body Slam","Clothesline+1"],"picked":"Spot Weakness","floor":39},{"not_picked":["Infernal Blade+1","Rage","Reckless Charge"],"picked":"SKIP","floor":44}],"player_experience":942090,"relics_obtained":[{"floor":3,"key":"Omamori"},{"floor":9,"key":"Matryoshka"},{"floor":14,"key":"Tiny Chest"},{"floor":23,"key":"Smiling Mask"},{"floor":26,"key":"MawBank"},{"floor":26,"key":"Pantograph"},{"floor":43,"key":"Strawberry"},{"floor":43,"key":"Red Skull"}],"event_choices":[{"cards_removed":["Strike_R"],"damage_healed":0,"gold_gain":0,"player_choice":"Card Removal","damage_taken":7,"max_hp_gain":0,"max_hp_loss":0,"event_name":"Golden Wing","floor":2,"gold_loss":0},{"damage_healed":0,"gold_gain":0,"player_choice":"Success","damage_taken":12,"relics_obtained":["Blood Vial"],"max_hp_gain":0,"max_hp_loss":0,"event_name":"Scrap Ooze","floor":12,"gold_loss":0},{"damage_healed":0,"gold_gain":0,"player_choice":"Shed Blood","damage_taken":20,"max_hp_gain":5,"max_hp_loss":0,"event_name":"Forgotten Altar","floor":19,"gold_loss":0},{"damage_healed":0,"gold_gain":0,"player_choice":"Ignored","damage_taken":0,"max_hp_gain":0,"max_hp_loss":0,"event_name":"Ghosts","floor":21,"gold_loss":0},{"cards_removed":["Strike_R"],"damage_healed":0,"gold_gain":0,"player_choice":"Gave Gold","damage_taken":0,"max_hp_gain":0,"max_hp_loss":0,"event_name":"Beggar","floor":25,"gold_loss":75},{"damage_healed":30,"gold_gain":0,"player_choice":"Heal","damage_taken":0,"max_hp_gain":0,"max_hp_loss":0,"event_name":"The Library","floor":30,"gold_loss":0},{"damage_healed":0,"gold_gain":0,"player_choice":"Memory 3","damage_taken":10,"max_hp_gain":0,"max_hp_loss":0,"event_name":"SensoryStone","floor":36,"gold_loss":0},{"damage_healed":0,"gold_gain":0,"player_choice":"Max HP","damage_taken":0,"max_hp_gain":0,"max_hp_loss":5,"event_name":"Winding Halls","floor":37,"gold_loss":0},{"damage_healed":0,"gold_gain":0,"player_choice":"Ignored","damage_taken":0,"max_hp_gain":0,"max_hp_loss":0,"event_name":"Mysterious Sphere","floor":41,"gold_loss":0},{"damage_healed":0,"gold_gain":0,"player_choice":"Paid","damage_taken":0,"relics_obtained":["Red Mask"],"max_hp_gain":0,"max_hp_loss":0,"event_name":"Tomb of Lord Red Mask","floor":46,"gold_loss":104}],"is_beta":false,"boss_relics":[{"not_picked":["Coffee Dripper","Fusion Hammer"],"picked":"Philosopher\u0027s Stone"},{"not_picked":["Mark of Pain","Sozu"],"picked":"Black Star"}],"items_purged_floors":[],"is_endless":false,"potions_floor_spawned":[4,5,11,14,20,22,33,35],"killed_by":"Nemesis","ascension_level":0}