{"gold_per_floor":[113,113,132,149,159,192,203,203,228,228,31,48,21,34,34,132,132,151,250,250,279,279,279,310,310,359,359,171,190,210,224,224,224],"floor_reached":33,"playtime":1464,"items_purged":[],"score":412,"play_id":"86e6f4d7-7057-4701-9052-2c1836d9e466","local_time":"20181219193447","is_ascension_mode":true,"campfire_choices":[{"floor":10.0,"key":"REST"},{"data":"Streamline","floor":15.0,"key":"SMITH"},{"data":"White Noise","floor":23,"key":"SMITH"},{"floor":25,"key":"REST"},{"data":"Glacier","floor":27,"key":"SMITH"},{"data":"Zap","floor":32,"key":"SMITH"}],"neow_cost":"NONE","seed_source_timestamp":281393947826,"circlet_count":0,"master_deck":["Strike_B+1","Strike_B+1","Defend_B+1","Defend_B+1","Defend_B+1","Defend_B+1","Zap+1","Dualcast","Genetic Algorithm","Beam Cell","Cold Snap","Glacier+1","Streamline+1","Ball Lightning","Sweeping Beam","Compile Driver","White Noise+1","Heatsinks","HandOfGreed"],"special_seed":0,"relics":["Cracked Core","Dodecahedron","Bag of Preparation","Lee\u0027s Waffle","Nuclear Battery","Red Mask","Orichalcum"],"potions_floor_usage":[16,21,24,33,33],"damage_taken":[{"damage":0.0,"enemies":"Small Slimes","floor":1.0,"turns":2.0},{"damage":0.0,"enemies":"2 Louse","floor":3.0,"turns":2.0},{"damage":7.0,"enemies":"Jaw Worm","floor":4.0,"turns":3.0},{"damage":20.0,"enemies":"Lots of Slimes","floor":5.0,"turns":5.0},{"damage":25.0,"enemies":"3 Sentries","floor":6.0,"turns":8.0},{"damage":0.0,"enemies":"Large Slime","floor":7.0,"turns":5.0},{"damage":0.0,"enemies":"Looter","floor":12.0,"turns":3.0},{"damage":0.0,"enemies":"2 Fungi Beasts","floor":14.0,"turns":3.0},{"damage":0,"enemies":"Slime Boss","floor":16,"turns":8},{"damage":5,"enemies":"3 Byrds","floor":18,"turns":4},{"damage":26,"enemies":"Masked Bandits","floor":21,"turns":5},{"damage":20,"enemies":"Book of Stabbing","floor":24,"turns":5},{"damage":0,"enemies":"Spheric Guardian","floor":29,"turns":3},{"damage":1,"enemies":"Shelled Parasite and Fungi","floor":30,"turns":9},{"damage":0,"enemies":"Centurion and Healer","floor":31,"turns":8},{"damage":103,"enemies":"Collector","floor":33,"turns":12}],"seed_played":"-3171903856378190026","potions_obtained":[{"floor":1.0,"key":"FocusPotion"},{"floor":5.0,"key":"Fire Potion"},{"floor":6.0,"key":"Fire Potion"},{"floor":7.0,"key":"Poison Potion"},{"floor":12.0,"key":"SkillPotion"},{"floor":18,"key":"SkillPotion"},{"floor":21,"key":"Swift Potion"},{"floor":29,"key":"Regen Potion"}],"is_trial":false,"path_per_floor":["M","?","M","M","M","E","M","?","T","R","$","M","$","M","R","B",null,"M","?","?","?","?","R","E","R","T","R","$","M","M","M","R","B"],"character_chosen":"DEFECT","items_purchased":["Lee\u0027s Waffle","Ball Lightning","HandOfGreed"],"campfire_rested":2,"item_purchase_floors":[11,13,28],"current_hp_per_floor":[75,75,75,68,48,23,23,23,23,47,89,89,89,89,89,89,89,84,84,84,58,58,58,38,64,64,64,64,64,63,63,63,0],"gold":224,"neow_bonus":"TEN_PERCENT_HP_BONUS","is_prod":false,"is_daily":false,"chose_seed":false,"campfire_upgraded":4,"win_rate":0,"timestamp":1545269687,"path_taken":["M","?","M","M","M","E","M","?","T","R","?","?","$","M","R","BOSS","M","?","?","?","?","R","E","R","T","R","$","M","M","M","R","BOSS"],"build_version":"2018-12-13","purchased_purges":0,"victory":false,"max_hp_per_floor":[82,82,82,82,82,82,82,82,82,82,89,89,89,89,89,89,89,89,89,89,89,89,89,89,89,89,89,89,89,89,89,89,89],"card_choices":[{"not_picked":["Streamline","Gash"],"picked":"Genetic Algorithm","floor":1.0},{"not_picked":["Lockon","Gash","Sweeping Beam"],"picked":"SKIP","floor":3.0},{"not_picked":["Coolheaded","Reboot","Leap"],"picked":"SKIP","floor":4.0},{"not_picked":["Storm","BootSequence"],"picked":"Beam Cell","floor":5.0},{"not_picked":["Capacitor","Stack"],"picked":"Cold Snap","floor":6.0},{"not_picked":["Static Discharge","Rebound"],"picked":"Glacier","floor":7.0},{"not_picked":["Gash","Blizzard"],"picked":"Streamline","floor":12.0},{"not_picked":["Tempest","Coolheaded"],"picked":"Sweeping Beam","floor":14.0},{"not_picked":["Reinforced Body","Blizzard"],"picked":"Compile Driver","floor":18},{"not_picked":["Ball Lightning","Loop","Compile Driver+1"],"picked":"SKIP","floor":24},{"not_picked":["Recycle","Doom and Gloom","Beam Cell+1"],"picked":"SKIP","floor":29},{"not_picked":["White Noise","Barrage","Ball Lightning+1"],"picked":"SKIP","floor":30},{"not_picked":["Gash","Barrage+1","Compile Driver"],"picked":"SKIP","floor":31}],"player_experience":158278,"relics_obtained":[{"floor":6.0,"key":"Dodecahedron"},{"floor":9.0,"key":"Bag of Preparation"},{"floor":21,"key":"Red Mask"},{"floor":24,"key":"Orichalcum"}],"event_choices":[{"damage_healed":0.0,"max_hp_gain":0.0,"max_hp_loss":0.0,"gold_gain":0.0,"event_name":"Liars Game","player_choice":"Ignored","floor":2.0,"gold_loss":0.0,"damage_taken":0.0},{"damage_healed":0.0,"max_hp_gain":0.0,"max_hp_loss":0.0,"gold_gain":0.0,"event_name":"Golden Wing","player_choice":"Ignored","floor":8.0,"gold_loss":0.0,"damage_taken":0.0},{"damage_healed":0,"gold_gain":99,"player_choice":"Stole From Cult","damage_taken":0,"max_hp_gain":0,"max_hp_loss":0,"event_name":"Nest","floor":19,"gold_loss":0},{"damage_healed":0,"gold_gain":0,"cards_transformed":["Strike_B","Strike_B"],"player_choice":"Became Test Subject","damage_taken":0,"max_hp_gain":0,"max_hp_loss":0,"event_name":"Drug Dealer","floor":20,"gold_loss":0,"cards_obtained":["White Noise","Heatsinks"]},{"damage_healed":0,"gold_gain":0,"player_choice":"Fought Bandits","damage_taken":0,"max_hp_gain":0,"max_hp_loss":0,"event_name":"Masked Bandits","floor":21,"gold_loss":0},{"damage_healed":0,"gold_gain":0,"player_choice":"Simplicity","damage_taken":0,"max_hp_gain":0,"max_hp_loss":0,"event_name":"Back to Basics","floor":22,"gold_loss":0,"cards_upgraded":["Strike_B","Strike_B","Defend_B","Defend_B","Defend_B","Defend_B"]}],"is_beta":false,"boss_relics":[{"not_picked":["Orrery","FrozenCore"],"picked":"Nuclear Battery"}],"items_purged_floors":[],"is_endless":false,"potions_floor_spawned":[1,5,6,7,12,18,21,29],"killed_by":"Collector","ascension_level":6}