{"gold_per_floor":[118,237,237,10,23,23],"floor_reached":6,"playtime":397,"items_purged":[],"score":36,"play_id":"bbbe87d8-0dd7-4a89-a850-f765c0552233","local_time":"20190211182919","is_ascension_mode":false,"campfire_choices":[],"neow_cost":"PERCENT_DAMAGE","seed_source_timestamp":17712761200755,"circlet_count":0,"master_deck":["elementalist:Defend_Elemblue","elementalist:Defend_Elemblue","elementalist:Defend_Elemblue","elementalist:Defend_Elemblue","elementalist:Elemental_Strike","elementalist:Firestrike","elementalist:Earthstrike","elementalist:Waterstrike","elementalist:Airstrike","elementalist:Crystal_Chalk","elementalist:Heavensfall","elementalist:Breeze","elementalist:Air_Emblem","elementalist:Confluence","Impatience","elementalist:Kiln","elementalist:Fission_Lance"],"relics":["elementalistmod:MagusStaff"],"potions_floor_usage":[],"damage_taken":[{"damage":12,"enemies":"Small Slimes","floor":1,"turns":5},{"damage":7,"enemies":"2 Louse","floor":2,"turns":3},{"damage":7,"enemies":"2 Louse","floor":5,"turns":2},{"damage":10,"enemies":"Gremlin Nob","floor":6,"turns":3}],"seed_played":"8520700528626942506","potions_obtained":[{"floor":2,"key":"SpeedPotion"}],"is_trial":false,"path_per_floor":["M","M","?","$","M","E"],"character_chosen":"THE_ELEMENTALIST","items_purchased":["Impatience","elementalist:Kiln"],"campfire_rested":0,"item_purchase_floors":[4,4],"current_hp_per_floor":[37,30,30,30,23,13],"gold":23,"neow_bonus":"THREE_RARE_CARDS","is_prod":false,"is_daily":false,"chose_seed":false,"campfire_upgraded":0,"win_rate":0.0,"timestamp":1549916959,"path_taken":["M","M","?","$","M","E"],"build_version":"2019-01-23","purchased_purges":0,"victory":false,"max_hp_per_floor":[70,70,70,70,70,70],"card_choices":[{"not_picked":["elementalist:Inferno","elementalist:Ferruchemy"],"picked":"elementalist:Heavensfall","floor":0},{"not_picked":["elementalist:Flame","elementalist:Overheat","elementalist:Aegis"],"picked":"SKIP","floor":1},{"not_picked":["elementalist:Flame","elementalist:Overheat","elementalist:Aegis"],"picked":"SKIP","floor":1},{"not_picked":["elementalist:Spout","elementalist:Rising_Tides"],"picked":"elementalist:Breeze","floor":2},{"not_picked":["elementalist:Mage_Hand","elementalist:Stone_to_Mud"],"picked":"elementalist:Fission_Lance","floor":5}],"player_experience":749089,"relics_obtained":[],"event_choices":[{"damage_healed":0,"gold_gain":0,"cards_transformed":["elementalist:Defend_Elemblue"],"player_choice":"Transformed","damage_taken":0,"max_hp_gain":0,"max_hp_loss":0,"event_name":"Transmorgrifier","floor":3,"gold_loss":0,"cards_obtained":["elementalist:Confluence"]}],"is_beta":false,"boss_relics":[],"items_purged_floors":[],"is_endless":false,"potions_floor_spawned":[2],"killed_by":"Gremlin Nob","ascension_level":0}