{"gold_per_floor":[119,119,51,69,87,87,121,140,210,210,237,237,237,112,112,214,214,182,282,100,111,123,123,139,139,139,167,45,45],"floor_reached":29,"playtime":1914,"items_purged":["Strike_B"],"score":251,"play_id":"2e9416bd-4ba9-4fac-975c-59a18617dbb6","local_time":"20190307200610","is_ascension_mode":false,"campfire_choices":[{"data":"Zap","floor":6,"key":"SMITH"},{"floor":13,"key":"REST"},{"floor":15,"key":"REST"},{"floor":23,"key":"REST"},{"floor":25,"key":"REST"}],"neow_cost":"NONE","seed_source_timestamp":927793621181045,"circlet_count":0,"master_deck":["Strike_B","Strike_B","Strike_B","Defend_B","Defend_B","Defend_B","Defend_B","Zap+1","Dualcast","Go for the Eyes+1","Capacitor","Glacier","Turbo","Redo","Blizzard","Capacitor","Echo Form","Gash","Force Field","Core Surge","Turbo+1","Cold Snap","Turbo","Conserve Battery+1","Storm","Gash","Sunder","Self Repair","Leap"],"relics":["Cracked Core","Pocketwatch","Pear","Lantern","Centennial Puzzle","Sozu","Darkstone Periapt","Bag of Marbles"],"potions_floor_usage":[7,22,24,27],"damage_taken":[{"damage":0,"enemies":"2 Louse","floor":1,"turns":2},{"damage":0,"enemies":"Cultist","floor":4,"turns":4},{"damage":0,"enemies":"Small Slimes","floor":5,"turns":3},{"damage":45,"enemies":"Gremlin Nob","floor":7,"turns":7},{"damage":0,"enemies":"Blue Slaver","floor":8,"turns":3},{"damage":9,"enemies":"Lagavulin","floor":11,"turns":7},{"damage":40,"enemies":"Slime Boss","floor":16,"turns":12},{"damage":13,"enemies":"2 Thieves","floor":18,"turns":5},{"damage":12,"enemies":"Spheric Guardian","floor":21,"turns":4},{"damage":21,"enemies":"3 Cultists","floor":22,"turns":7},{"damage":34,"enemies":"Chosen and Byrds","floor":24,"turns":10},{"damage":44,"enemies":"Slavers","floor":27,"turns":7},{"damage":12,"enemies":"Shelled Parasite and Fungi","floor":29,"turns":2}],"seed_played":"-749098345654945686","potions_obtained":[{"floor":1,"key":"Explosive Potion"},{"floor":4,"key":"SkillPotion"},{"floor":8,"key":"SneckoOil"},{"floor":16,"key":"Ancient Potion"}],"is_trial":false,"path_per_floor":["M","?","$","M","M","R","E","M","T","?","E","T","R","$","R","B",null,"M","?","$","M","M","R","M","R","T","E","$","M"],"character_chosen":"DEFECT","items_purchased":["Glacier","Gash","Force Field","Cold Snap","Turbo","Self Repair","Leap"],"campfire_rested":4,"item_purchase_floors":[3,14,14,20,20,28,28],"current_hp_per_floor":[75,75,75,75,75,75,30,30,40,37,28,28,53,53,78,38,85,72,72,72,60,39,64,30,55,55,11,11,0],"gold":45,"neow_bonus":"THREE_CARDS","is_prod":false,"is_daily":false,"chose_seed":false,"campfire_upgraded":1,"win_rate":0,"timestamp":1551999970,"path_taken":["M","?","?","M","?","R","E","?","T","?","E","?","R","$","R","BOSS","M","?","$","M","M","R","M","R","T","E","$","M"],"build_version":"2019-01-23","purchased_purges":1,"victory":false,"max_hp_per_floor":[75,75,75,75,75,75,75,75,85,85,85,85,85,85,85,85,85,85,85,85,85,85,85,85,85,85,85,85,85],"card_choices":[{"not_picked":["Steam Power","Turbo"],"picked":"Go for the Eyes","floor":0},{"not_picked":["Hologram","Melter"],"picked":"Capacitor","floor":1},{"not_picked":["Beam Cell","Streamline"],"picked":"Turbo","floor":4},{"not_picked":["Lockon","Turbo"],"picked":"Redo","floor":5},{"not_picked":["Double Energy","Force Field"],"picked":"Blizzard","floor":7},{"not_picked":["Fusion","Compile Driver"],"picked":"Capacitor","floor":8},{"not_picked":["Stack","Reprogram"],"picked":"Echo Form","floor":11},{"not_picked":["All For One","Rainbow"],"picked":"Core Surge","floor":16},{"not_picked":["Tempest","Beam Cell"],"picked":"Turbo+1","floor":18},{"not_picked":["Gash","Streamline+1"],"picked":"Conserve Battery+1","floor":21},{"not_picked":["Sweeping Beam","Leap"],"picked":"Storm","floor":22},{"not_picked":["Redo","Echo Form"],"picked":"Gash","floor":24},{"not_picked":["Scrape","Double Energy"],"picked":"Sunder","floor":27}],"player_experience":22991,"relics_obtained":[{"floor":7,"key":"Pocketwatch"},{"floor":9,"key":"Pear"},{"floor":11,"key":"Lantern"},{"floor":12,"key":"Centennial Puzzle"},{"floor":26,"key":"Darkstone Periapt"},{"floor":27,"key":"Bag of Marbles"}],"event_choices":[{"damage_healed":0,"gold_gain":0,"player_choice":"Upgraded","damage_taken":0,"max_hp_gain":0,"max_hp_loss":0,"event_name":"Upgrade Shrine","floor":2,"gold_loss":0,"cards_upgraded":["Go for the Eyes"]},{"damage_healed":0,"gold_gain":0,"player_choice":"Fled","damage_taken":3,"max_hp_gain":0,"max_hp_loss":0,"event_name":"Scrap Ooze","floor":10,"gold_loss":0},{"damage_healed":0,"gold_gain":100,"player_choice":"Pray","damage_taken":0,"max_hp_gain":0,"max_hp_loss":0,"event_name":"Golden Shrine","floor":19,"gold_loss":0}],"is_beta":false,"boss_relics":[{"not_picked":["Snecko Eye","Busted Crown"],"picked":"Sozu"}],"items_purged_floors":[20],"is_endless":false,"potions_floor_spawned":[1,4,8,16,21],"killed_by":"Shelled Parasite and Fungi","ascension_level":0}