{"gold_per_floor":[117,129,129,149,25,57,57,90,90,104,131,147,166,0,0,96,96,71,71,83,83,94,122,140,140,163,180,505,261,12,28,28,125,125,143,143,162,44,144,144,178,178,202,214,36,36,111,37,37,37,37,37,11,43,43],"floor_reached":55,"playtime":4334,"items_purged":["Pain","Bash"],"score":1166,"play_id":"797ec467-f769-405c-8a7c-d240d2e34817","local_time":"20190101191104","is_ascension_mode":true,"campfire_choices":[{"floor":7,"key":"REST"},{"floor":15,"key":"RECALL"},{"floor":25,"key":"REST"},{"data":"Metallicize","floor":32,"key":"SMITH"},{"data":"Demon Form","floor":40,"key":"SMITH"},{"floor":42,"key":"REST"},{"data":"Juggernaut","floor":46,"key":"SMITH"},{"data":"Disarm","floor":49,"key":"SMITH"},{"data":"Feel No Pain","floor":52,"key":"SMITH"}],"neow_cost":"NONE","seed_source_timestamp":96871415613098,"circlet_count":0,"master_deck":["Strike_R","Strike_R","Strike_R","Strike_R","Strike_R","Defend_R+1","Defend_R","Defend_R","Defend_R","Metallicize+1","Shrug It Off","Shrug It Off+1","True Grit","Evolve","Feel No Pain+1","Flame Barrier","Offering","Shrug It Off","Finesse","Shrug It Off","Sword Boomerang","Feed","Wild Strike+1","RitualDagger","Shockwave+1","Clothesline","Headbutt+1","Juggernaut+1","Exhume","Disarm+1","Carnage","Demon Form+1","Uppercut+1","Dark Embrace","Sword Boomerang","Shrug It Off"],"relics":["Burning Blood","WarpedTongs","Self Forming Clay","Orichalcum","Mercury Hourglass","Snecko Eye","Nloth\u0027s Gift","PreservedInsect","Old Coin","Membership Card","Toolbox","Happy Flower","Eternal Feather","Juzu Bracelet","Tiny Chest","WingedGreaves","Bronze Scales","Potion Belt","Medical Kit","Regal Pillow","War Paint","Sundial"],"potions_floor_usage":[6,11,16,23,28,33,33,55,55,55],"damage_taken":[{"damage":18,"enemies":"Small Slimes","floor":1,"turns":5},{"damage":4,"enemies":"Cultist","floor":2,"turns":5},{"damage":4,"enemies":"Jaw Worm","floor":4,"turns":5},{"damage":34,"enemies":"Gremlin Nob","floor":6,"turns":6},{"damage":7,"enemies":"3 Sentries","floor":8,"turns":12},{"damage":0,"enemies":"Red Slaver","floor":10,"turns":5},{"damage":20,"enemies":"Lagavulin","floor":11,"turns":9},{"damage":0,"enemies":"Exordium Thugs","floor":12,"turns":5},{"damage":3,"enemies":"2 Fungi Beasts","floor":13,"turns":4},{"damage":20,"enemies":"The Guardian","floor":16,"turns":19},{"damage":6,"enemies":"2 Thieves","floor":18,"turns":5},{"damage":18,"enemies":"3 Byrds","floor":20,"turns":4},{"damage":7,"enemies":"Snecko","floor":22,"turns":6},{"damage":20,"enemies":"Book of Stabbing","floor":23,"turns":5},{"damage":19,"enemies":"Snake Plant","floor":24,"turns":5},{"damage":0,"enemies":"Chosen and Byrds","floor":27,"turns":3},{"damage":16,"enemies":"Gremlin Leader","floor":28,"turns":5},{"damage":1,"enemies":"Centurion and Healer","floor":31,"turns":11},{"damage":37,"enemies":"Champ","floor":33,"turns":8},{"damage":20,"enemies":"3 Darklings","floor":35,"turns":7},{"damage":6,"enemies":"3 Shapes","floor":37,"turns":5},{"damage":18,"enemies":"Mind Bloom Boss Battle","floor":39,"turns":9},{"damage":34,"enemies":"Nemesis","floor":41,"turns":7},{"damage":29,"enemies":"Maw","floor":44,"turns":7},{"damage":88,"enemies":"Awakened One","floor":50,"turns":17},{"damage":39,"enemies":"Shield and Spear","floor":54,"turns":4},{"damage":85,"enemies":"The Heart","floor":55,"turns":8}],"seed_played":"7743373562757470698","potions_obtained":[{"floor":1,"key":"Strength Potion"},{"floor":4,"key":"GamblersBrew"},{"floor":11,"key":"Poison Potion"},{"floor":12,"key":"Dexterity Potion"},{"floor":13,"key":"FearPotion"},{"floor":16,"key":"Strength Potion"},{"floor":20,"key":"Fire Potion"},{"floor":24,"key":"FairyPotion"},{"floor":31,"key":"Dexterity Potion"},{"floor":35,"key":"Strength Potion"},{"floor":44,"key":"PowerPotion"},{"floor":54,"key":"AttackPotion"}],"is_trial":false,"path_per_floor":["M","M","?","M","$","E","R","E","T","M","E","M","M","$","R","B",null,"M","?","M","?","M","E","M","R","T","M","E","$","$","M","R","B",null,"M","?","M","$","?","R","E","R","T","M","$","R","?","$","R","B",null,"R","$","E","B"],"character_chosen":"IRONCLAD","items_purchased":["True Grit","Finesse","Shrug It Off","Sword Boomerang","Membership Card","Disarm","Toolbox","Happy Flower","Strength Potion","Juzu Bracelet","Tiny Chest","Medical Kit","Regal Pillow","War Paint","Shrug It Off"],"campfire_rested":3,"item_purchase_floors":[5,14,14,14,29,29,30,30,30,38,38,45,45,48,53],"current_hp_per_floor":[68,70,70,72,72,44,70,69,69,75,61,67,70,70,70,56,80,80,74,65,65,64,50,40,68,68,74,64,64,64,73,73,42,84,70,70,73,73,61,79,51,99,99,76,76,97,87,87,101,19,81,101,101,68,0],"gold":43,"neow_bonus":"TEN_PERCENT_HP_BONUS","is_prod":false,"is_daily":false,"chose_seed":false,"campfire_upgraded":5,"win_rate":0,"timestamp":1546377064,"path_taken":["M","M","?","M","$","E","R","E","T","M","E","M","M","?","R","BOSS","M","?","M","?","?","E","M","R","T","M","E","?","$","M","R","BOSS","M","?","?","$","?","R","E","R","T","M","$","R","?","$","R","BOSS","R","$","E","BOSS"],"build_version":"2018-12-20","purchased_purges":2,"victory":false,"max_hp_per_floor":[88,88,88,88,88,88,88,88,88,88,88,88,88,88,88,88,88,88,88,91,91,91,91,94,94,94,94,94,94,94,98,98,98,98,98,98,101,101,101,101,101,101,101,101,101,101,101,101,101,101,101,101,101,101,101],"card_choices":[{"not_picked":["Hemokinesis","Clothesline"],"picked":"Metallicize","floor":1},{"not_picked":["Flex","Feel No Pain"],"picked":"Shrug It Off","floor":2},{"not_picked":["Clash","Iron Wave"],"picked":"Shrug It Off","floor":4},{"not_picked":["Clash","Intimidate"],"picked":"Evolve","floor":6},{"not_picked":["Fire Breathing","Perfected Strike"],"picked":"Feel No Pain","floor":8},{"not_picked":["Pommel Strike","Battle Trance"],"picked":"Flame Barrier","floor":10},{"not_picked":["Pommel Strike","Burning Pact"],"picked":"Offering","floor":11},{"not_picked":["Cleave","Clash","Infernal Blade"],"picked":"SKIP","floor":12},{"not_picked":["Rupture","Power Through"],"picked":"Shrug It Off","floor":13},{"not_picked":["Bludgeon","Juggernaut"],"picked":"Feed","floor":16},{"not_picked":["Body Slam+1","Rage+1"],"picked":"Wild Strike+1","floor":18},{"not_picked":["Armaments","Reckless Charge"],"picked":"Shockwave+1","floor":20},{"not_picked":["Body Slam+1","Perfected Strike"],"picked":"Clothesline","floor":22},{"not_picked":["Heavy Blade+1","Berserk"],"picked":"Headbutt+1","floor":23},{"not_picked":["Warcry","Fire Breathing+1","Bloodletting"],"picked":"SKIP","floor":24},{"not_picked":["Hemokinesis","Corruption"],"picked":"Juggernaut","floor":27},{"not_picked":["Wild Strike","Berserk"],"picked":"Exhume","floor":28},{"not_picked":["Heavy Blade+1","Clash"],"picked":"Carnage","floor":31},{"not_picked":["Limit Break","Immolate"],"picked":"Demon Form","floor":33},{"not_picked":["Clothesline","Searing Blow"],"picked":"Uppercut+1","floor":35},{"not_picked":["Thunderclap","Cleave","Immolate"],"picked":"SKIP","floor":37},{"not_picked":["Twin Strike+1","Brutality"],"picked":"Dark Embrace","floor":41},{"not_picked":["Pummel+1","Flex+1"],"picked":"Sword Boomerang","floor":44},{"not_picked":["Twin Strike","Burning Pact","Warcry"],"picked":"SKIP","floor":54}],"player_experience":650079,"relics_obtained":[{"floor":6,"key":"Self Forming Clay"},{"floor":8,"key":"Orichalcum"},{"floor":9,"key":"Mercury Hourglass"},{"floor":11,"key":"Champion Belt"},{"floor":23,"key":"PreservedInsect"},{"floor":28,"key":"Old Coin"},{"floor":39,"key":"WingedGreaves"},{"floor":41,"key":"Bronze Scales"},{"floor":43,"key":"Potion Belt"},{"floor":54,"key":"Sundial"}],"event_choices":[{"damage_healed":0,"gold_gain":0,"player_choice":"Rummage","damage_taken":0,"relics_obtained":["WarpedTongs"],"max_hp_gain":0,"max_hp_loss":0,"event_name":"Accursed Blacksmith","floor":3,"gold_loss":0,"cards_obtained":["Pain"]},{"damage_healed":0,"gold_gain":0,"player_choice":"Joined the Cult","damage_taken":6,"max_hp_gain":0,"max_hp_loss":0,"event_name":"Nest","floor":19,"gold_loss":0,"cards_obtained":["RitualDagger"]},{"damage_healed":0,"gold_gain":0,"player_choice":"Traded Relic","damage_taken":0,"relics_obtained":["Nloth\u0027s Gift"],"max_hp_gain":0,"max_hp_loss":0,"event_name":"N\u0027loth","floor":21,"relics_lost":["Champion Belt"],"gold_loss":0},{"damage_healed":0,"gold_gain":0,"player_choice":"Bought 0 Potions","damage_taken":0,"max_hp_gain":0,"max_hp_loss":0,"event_name":"The Woman in Blue","floor":36,"gold_loss":0},{"damage_healed":0,"gold_gain":0,"player_choice":"Fight","damage_taken":0,"max_hp_gain":0,"max_hp_loss":0,"event_name":"MindBloom","floor":39,"gold_loss":0},{"damage_healed":0,"gold_gain":75,"player_choice":"Touch","damage_taken":10,"max_hp_gain":0,"max_hp_loss":0,"event_name":"FaceTrader","floor":47,"gold_loss":0}],"is_beta":false,"boss_relics":[{"not_picked":["Orrery","Velvet Choker"],"picked":"Snecko Eye"},{"not_picked":["Lizard Tail","Black Star"],"picked":"Eternal Feather"}],"items_purged_floors":[5,30],"is_endless":false,"potions_floor_spawned":[1,4,11,12,13,16,20,24,31,35,44,54],"killed_by":"The Heart","ascension_level":9}