{"gold_per_floor":[115,133,40,52,52,85,85,103,103,103,103,128,23,61,61,190,190,215,215,239,260,260],"floor_reached":22,"playtime":1973,"items_purged":[],"score":196,"play_id":"fe883ca2-7bf1-4ced-a88f-fb179b54b202","local_time":"20190308172936","is_ascension_mode":false,"campfire_choices":[{"floor":7.0,"key":"REST"},{"floor":11.0,"key":"REST"},{"floor":15,"key":"REST"}],"neow_cost":"NONE","seed_source_timestamp":1004719128910045,"circlet_count":0,"master_deck":["Strike_R","Strike_R","Strike_R","Strike_R","Defend_R","Defend_R","Defend_R","Defend_R","Bash","Thunderclap","Clash","Fire Breathing","Clothesline","Metallicize","Inflame","Injury","Double Tap","Entrench","Rampage","Iron Wave","Good Instincts","Thunderclap","Juggernaut","Limit Break","Heavy Blade","Heavy Blade+1","Heavy Blade+1"],"special_seed":0,"relics":["Black Blood","Golden Idol","Question Card","Torii","Mango"],"potions_floor_usage":[16,16,20,22,22],"damage_taken":[{"damage":12.0,"enemies":"2 Louse","floor":1.0,"turns":2.0},{"damage":6.0,"enemies":"Jaw Worm","floor":2.0,"turns":3.0},{"damage":9.0,"enemies":"Cultist","floor":4.0,"turns":4.0},{"damage":32.0,"enemies":"3 Sentries","floor":6.0,"turns":7.0},{"damage":22.0,"enemies":"Exordium Thugs","floor":8.0,"turns":5.0},{"damage":1,"enemies":"Blue Slaver","floor":12,"turns":2},{"damage":37,"enemies":"Gremlin Nob","floor":14,"turns":5},{"damage":77,"enemies":"Slime Boss","floor":16,"turns":12},{"damage":55,"enemies":"3 Byrds","floor":18,"turns":6},{"damage":12,"enemies":"Spheric Guardian","floor":20,"turns":4},{"damage":42,"enemies":"Shelled Parasite and Fungi","floor":21,"turns":8},{"damage":18,"enemies":"Snecko","floor":22,"turns":4}],"seed_played":"271533063260423233","potions_obtained":[{"floor":1.0,"key":"Explosive Potion"},{"floor":4.0,"key":"Weak Potion"},{"floor":6.0,"key":"BloodPotion"},{"floor":12,"key":"BloodPotion"},{"floor":14,"key":"EssenceOfSteel"},{"floor":18,"key":"Explosive Potion"},{"floor":21,"key":"FearPotion"}],"is_trial":false,"path_per_floor":["M","M","$","M","?","E","R","M","T","?","R","M","$","E","R","B",null,"M","?","M","M","M"],"character_chosen":"IRONCLAD","items_purchased":["Clothesline","Metallicize","Good Instincts","Thunderclap"],"campfire_rested":3,"item_purchase_floors":[3,3,13,13],"current_hp_per_floor":[74,74,74,71,71,45,69,61,61,61,80,80,80,63,91,29,94,49,49,47,15,0],"gold":260,"neow_bonus":"THREE_CARDS","is_prod":false,"is_daily":false,"chose_seed":false,"campfire_upgraded":0,"win_rate":0.0,"timestamp":1552076976,"path_taken":["M","M","$","M","?","E","R","M","T","?","R","M","?","E","R","BOSS","M","?","M","M","M"],"build_version":"2019-01-23","purchased_purges":0,"victory":false,"max_hp_per_floor":[80,80,80,80,80,80,80,80,80,80,80,80,80,94,94,94,94,94,94,94,94,94],"card_choices":[{"not_picked":["Combust","Sword Boomerang"],"picked":"Thunderclap","floor":0.0},{"not_picked":["Combust","Flex"],"picked":"Clash","floor":1.0},{"not_picked":["Bloodletting","Perfected Strike"],"picked":"Fire Breathing","floor":2.0},{"not_picked":["Power Through","Intimidate"],"picked":"Inflame","floor":4.0},{"not_picked":["Bloodletting","Headbutt"],"picked":"Double Tap","floor":6.0},{"not_picked":["Thunderclap","Feel No Pain","Rupture"],"picked":"Entrench","floor":8.0},{"not_picked":["Intimidate","Twin Strike","Sever Soul"],"picked":"Iron Wave","floor":12},{"not_picked":["Shrug It Off","Twin Strike","Fiend Fire"],"picked":"Juggernaut","floor":14},{"not_picked":["Feed","Impervious","Fiend Fire"],"picked":"Limit Break","floor":16},{"not_picked":["Infernal Blade","Flex+1","Spot Weakness"],"picked":"Heavy Blade","floor":18},{"not_picked":["Anger","Burning Pact","Shrug It Off"],"picked":"Heavy Blade+1","floor":20},{"not_picked":["Cleave","Dual Wield","True Grit"],"picked":"Heavy Blade+1","floor":21}],"player_experience":60609,"relics_obtained":[{"floor":6.0,"key":"Question Card"},{"floor":9.0,"key":"Torii"},{"floor":14,"key":"Mango"}],"event_choices":[{"damage_healed":0.0,"max_hp_gain":0.0,"max_hp_loss":0.0,"gold_gain":0.0,"event_name":"Golden Idol","player_choice":"Take Wound","floor":5.0,"gold_loss":0.0,"damage_taken":0.0,"relics_obtained":["Golden Idol"],"cards_obtained":["Injury"]},{"damage_healed":0.0,"max_hp_gain":0.0,"max_hp_loss":0.0,"gold_gain":0.0,"cards_transformed":["Strike_R"],"event_name":"Living Wall","player_choice":"Change","floor":10.0,"gold_loss":0.0,"damage_taken":0.0,"cards_obtained":["Rampage"]},{"damage_healed":0,"gold_gain":0,"player_choice":"0 cards matched","damage_taken":0,"max_hp_gain":0,"max_hp_loss":0,"event_name":"Match and Keep!","floor":19,"gold_loss":0,"cards_obtained":[]}],"is_beta":false,"boss_relics":[{"not_picked":["Philosopher\u0027s Stone","Velvet Choker"],"picked":"Black Blood"}],"items_purged_floors":[],"is_endless":false,"potions_floor_spawned":[1,4,6,12,14,18,21],"killed_by":"Snecko","ascension_level":0}