{"gold_per_floor":[116,134,153,133,144,144,176,176,253,273,124,154,154,154,154,254,254,270,289,204,304,316,348,359,370,423,423,435,462,153,173,173,278,278,295,310,151,151,0,20,120,120,120,150,165,177,177,191,191,191,191,191,45,71,71],"floor_reached":55,"playtime":15806,"items_purged":["Strike_R","Strike_R"],"score":837,"play_id":"dd44585d-5489-41f1-b678-8cd0920dd077","local_time":"20190114170203","is_ascension_mode":true,"campfire_choices":[{"data":"Juggernaut","floor":6.0,"key":"SMITH"},{"data":"Disarm","floor":8.0,"key":"SMITH"},{"data":"Metallicize","floor":13.0,"key":"SMITH"},{"data":"Dual Wield","floor":15.0,"key":"SMITH"},{"floor":27.0,"key":"REST"},{"floor":32.0,"key":"REST"},{"floor":42.0,"key":"RECALL"},{"floor":47.0,"key":"REST"},{"data":"Demon Form","floor":49.0,"key":"SMITH"},{"data":"Heavy Blade","floor":52.0,"key":"SMITH"}],"neow_cost":"NONE","seed_source_timestamp":463680669093568,"circlet_count":0,"master_deck":["Strike_R","Strike_R","Strike_R","Defend_R","Defend_R","Defend_R","Defend_R","Bash","Metallicize+1","Juggernaut+1","Disarm+1","Battle Trance","Shrug It Off","Dual Wield+1","Feed+1","Fiend Fire","Rampage+1","Shrug It Off+1","Offering+1","Entrench+1","True Grit+1","Exhume+1","Demon Form+1","Limit Break+1","Dark Shackles+1","Heavy Blade+1","Pummel","Flame Barrier+1","Warcry+1","Heavy Blade"],"special_seed":0,"relics":["Burning Blood","Dream Catcher","Nunchaku","Gremlin Horn","Regal Pillow","Sozu","PreservedInsect","Peace Pipe","Toxic Egg 2","Boot","Lantern","Ornamental Fan","Busted Crown","Red Mask","Unceasing Top","Mercury Hourglass","Letter Opener"],"potions_floor_usage":[],"damage_taken":[{"damage":0.0,"enemies":"Small Slimes","floor":1.0,"turns":3.0},{"damage":9.0,"enemies":"Cultist","floor":2.0,"turns":4.0},{"damage":3.0,"enemies":"2 Louse","floor":3.0,"turns":4.0},{"damage":13.0,"enemies":"Blue Slaver","floor":5.0,"turns":4.0},{"damage":11.0,"enemies":"Gremlin Nob","floor":7.0,"turns":4.0},{"damage":4.0,"enemies":"Looter","floor":10.0,"turns":4.0},{"damage":13.0,"enemies":"3 Sentries","floor":12.0,"turns":7.0},{"damage":29.0,"enemies":"The Guardian","floor":16.0,"turns":19.0},{"damage":5.0,"enemies":"3 Byrds","floor":18.0,"turns":5.0},{"damage":10.0,"enemies":"Shell Parasite","floor":19.0,"turns":5.0},{"damage":4.0,"enemies":"Colosseum Slavers","floor":21.0,"turns":4.0},{"damage":38.0,"enemies":"Colosseum Nobs","floor":21.0,"turns":5.0},{"damage":9.0,"enemies":"Centurion and Healer","floor":22.0,"turns":8.0},{"damage":30.0,"enemies":"Slavers","floor":23.0,"turns":5.0},{"damage":16.0,"enemies":"Sentry and Sphere","floor":24.0,"turns":5.0},{"damage":7.0,"enemies":"3 Cultists","floor":25.0,"turns":5.0},{"damage":34.0,"enemies":"Shelled Parasite and Fungi","floor":28.0,"turns":5.0},{"damage":6.0,"enemies":"Book of Stabbing","floor":29.0,"turns":5.0},{"damage":8.0,"enemies":"Cultist and Chosen","floor":31.0,"turns":7.0},{"damage":63.0,"enemies":"Collector","floor":33.0,"turns":14.0},{"damage":9.0,"enemies":"3 Shapes","floor":35.0,"turns":6.0},{"damage":6.0,"enemies":"3 Darklings","floor":36.0,"turns":7.0},{"damage":6.0,"enemies":"Transient","floor":40.0,"turns":5.0},{"damage":12.0,"enemies":"Mind Bloom Boss Battle","floor":41.0,"turns":7.0},{"damage":30.0,"enemies":"Giant Head","floor":44.0,"turns":8.0},{"damage":24.0,"enemies":"Spire Growth","floor":45.0,"turns":4.0},{"damage":6.0,"enemies":"4 Shapes","floor":46.0,"turns":3.0},{"damage":16.0,"enemies":"Maw","floor":48.0,"turns":6.0},{"damage":93.0,"enemies":"Donu and Deca","floor":50.0,"turns":7.0},{"damage":34,"enemies":"Shield and Spear","floor":54,"turns":5},{"damage":105,"enemies":"The Heart","floor":55,"turns":6}],"seed_played":"-4625900689904811503","potions_obtained":[{"floor":2.0,"key":"Weak Potion"},{"floor":4.0,"key":"Strength Potion"},{"floor":5.0,"key":"SkillPotion"},{"floor":10.0,"key":"Block Potion"}],"is_trial":false,"path_per_floor":["M","M","M","?","M","R","E","R","T","M","$","E","R","?","R","B",null,"M","M","?","?","M","E","M","M","T","R","M","E","$","M","R","B",null,"M","M","$","?","?","M","?","R","T","E","M","M","R","M","R","B",null,"R","$","E","B"],"character_chosen":"IRONCLAD","items_purchased":["Dual Wield","Offering+1","Entrench+1","Limit Break+1","Flame Barrier+1","Warcry+1","Heavy Blade"],"campfire_rested":3,"item_purchase_floors":[11,30,30,37,53,53,53],"current_hp_per_floor":[80,77,80,80,73,73,68,68,68,70,70,63,63,63,63,40,80,88,88,88,66,67,47,37,40,40,88,64,64,64,66,117,60,120,117,117,117,107,107,107,101,101,101,77,59,67,120,110,110,23,128,128,128,104,0],"gold":71,"neow_bonus":"RANDOM_COMMON_RELIC","is_prod":false,"is_daily":false,"chose_seed":false,"campfire_upgraded":6,"win_rate":0,"timestamp":1547506923,"path_taken":["M","M","M","?","?","R","E","R","T","M","$","E","R","?","R","BOSS","M","M","?","?","?","E","M","M","T","R","M","E","$","M","R","BOSS","M","M","$","?","?","M","?","R","T","E","M","M","R","M","R","BOSS","R","$","E","BOSS"],"build_version":"2019-01-10","purchased_purges":2,"victory":false,"max_hp_per_floor":[80,80,80,80,80,80,80,80,80,80,80,80,80,80,80,80,80,88,92,92,100,104,108,108,112,112,112,116,116,116,120,120,120,120,120,120,120,120,120,120,120,120,120,120,120,128,128,128,128,128,128,128,128,132,132],"card_choices":[{"not_picked":["Cleave","Iron Wave"],"picked":"Metallicize","floor":1.0},{"not_picked":["Cleave","Body Slam"],"picked":"Juggernaut","floor":2.0},{"not_picked":["Burning Pact","Body Slam"],"picked":"Disarm","floor":3.0},{"not_picked":["Sword Boomerang","Second Wind"],"picked":"Battle Trance","floor":5.0},{"not_picked":["Evolve","Pummel"],"picked":"Shrug It Off","floor":7.0},{"not_picked":["Infernal Blade","Sentinel","Wild Strike"],"picked":"SKIP","floor":10.0},{"not_picked":["Clash","Combust"],"picked":"Feed","floor":12.0},{"not_picked":["Double Tap","Demon Form"],"picked":"Fiend Fire","floor":16.0},{"not_picked":["Clothesline","Carnage","Warcry"],"picked":"SKIP","floor":18.0},{"not_picked":["Combust","Armaments","Blood for Blood"],"picked":"SKIP","floor":19.0},{"not_picked":["Wild Strike+1","Clash"],"picked":"Rampage+1","floor":21.0},{"not_picked":["Anger+1","Clothesline+1","Sword Boomerang"],"picked":"SKIP","floor":22.0},{"not_picked":["Pommel Strike","Entrench+1","Armaments+1"],"picked":"SKIP","floor":23.0},{"not_picked":["Second Wind+1","Cleave","Warcry+1"],"picked":"SKIP","floor":24.0},{"not_picked":["Body Slam","Cleave+1","Sword Boomerang"],"picked":"SKIP","floor":25.0},{"not_picked":["Reckless Charge","Clash"],"picked":"Shrug It Off+1","floor":27.0},{"not_picked":["Cleave","Blood for Blood","Limit Break+1"],"picked":"SKIP","floor":28.0},{"not_picked":["Heavy Blade+1","Dual Wield+1","Searing Blow"],"picked":"SKIP","floor":29.0},{"not_picked":["Flex+1","Whirlwind"],"picked":"True Grit+1","floor":31.0},{"not_picked":["Armaments+1","Warcry+1"],"picked":"Exhume+1","floor":32.0},{"not_picked":["Limit Break+1","Immolate"],"picked":"Demon Form","floor":33.0},{"not_picked":["Thunderclap+1"],"picked":"SKIP","floor":35.0},{"not_picked":["Spot Weakness+1"],"picked":"SKIP","floor":36.0},{"not_picked":[],"picked":"Dark Shackles+1","floor":38.0},{"not_picked":["Clothesline+1"],"picked":"SKIP","floor":40.0},{"not_picked":["True Grit+1"],"picked":"SKIP","floor":44.0},{"not_picked":[],"picked":"Heavy Blade","floor":45.0},{"not_picked":["Corruption+1"],"picked":"SKIP","floor":46.0},{"not_picked":[],"picked":"Pummel","floor":47.0},{"not_picked":["Sword Boomerang"],"picked":"SKIP","floor":48.0},{"not_picked":["Dual Wield+1"],"picked":"SKIP","floor":54}],"player_experience":196360,"relics_obtained":[{"floor":7.0,"key":"Nunchaku"},{"floor":9.0,"key":"Gremlin Horn"},{"floor":12.0,"key":"Regal Pillow"},{"floor":21.0,"key":"Peace Pipe"},{"floor":21.0,"key":"Toxic Egg 2"},{"floor":23.0,"key":"Boot"},{"floor":26.0,"key":"Lantern"},{"floor":29.0,"key":"Ornamental Fan"},{"floor":41.0,"key":"Unceasing Top"},{"floor":44.0,"key":"Mercury Hourglass"},{"floor":54,"key":"Letter Opener"}],"event_choices":[{"damage_healed":0.0,"max_hp_gain":0.0,"max_hp_loss":0.0,"gold_gain":0.0,"event_name":"The Woman in Blue","player_choice":"Bought 1 Potion","floor":4.0,"gold_loss":0.0,"damage_taken":0.0},{"damage_healed":0.0,"max_hp_gain":0.0,"max_hp_loss":0.0,"gold_gain":0.0,"event_name":"Living Wall","player_choice":"Grow","floor":14.0,"gold_loss":0.0,"damage_taken":0.0,"cards_upgraded":["Feed"]},{"damage_healed":0.0,"max_hp_gain":0.0,"max_hp_loss":0.0,"gold_gain":0.0,"event_name":"Addict","player_choice":"Obtained Relic","floor":20.0,"gold_loss":85.0,"damage_taken":0.0,"relics_obtained":["PreservedInsect"]},{"damage_healed":0.0,"max_hp_gain":0.0,"max_hp_loss":0.0,"gold_gain":0.0,"event_name":"Colosseum","player_choice":"Fight","floor":21.0,"gold_loss":0.0,"damage_taken":0.0},{"damage_healed":0.0,"max_hp_gain":0.0,"max_hp_loss":0.0,"gold_gain":0.0,"event_name":"Colosseum","player_choice":"Fought Nobs","floor":21.0,"gold_loss":0.0,"damage_taken":0.0},{"damage_healed":0.0,"max_hp_gain":0.0,"max_hp_loss":0.0,"gold_gain":0.0,"event_name":"SensoryStone","player_choice":"Memory 3","floor":38.0,"gold_loss":0.0,"damage_taken":10.0},{"damage_healed":0.0,"max_hp_gain":0.0,"max_hp_loss":0.0,"gold_gain":0.0,"event_name":"Tomb of Lord Red Mask","player_choice":"Paid","floor":39.0,"gold_loss":151.0,"damage_taken":0.0,"relics_obtained":["Red Mask"]},{"damage_healed":0.0,"max_hp_gain":0.0,"max_hp_loss":0.0,"gold_gain":0.0,"event_name":"MindBloom","player_choice":"Fight","floor":41.0,"gold_loss":0.0,"damage_taken":0.0}],"is_beta":false,"boss_relics":[{"not_picked":["Empty Cage","Calling Bell"],"picked":"Sozu"},{"not_picked":["Black Blood","Coffee Dripper"],"picked":"Busted Crown"}],"items_purged_floors":[11,30],"is_endless":false,"potions_floor_spawned":[2,5,10,18,19,23,24,28,40,41,44,46],"killed_by":"The Heart","ascension_level":1}