{"gold_per_floor":[116,127,302,312,323,351,370,370,394,409,409],"floor_reached":11,"playtime":964,"items_purged":[],"score":77,"play_id":"86772cbb-43bf-4a71-b18c-7680ce85a4d3","local_time":"20180720224548","is_ascension_mode":false,"campfire_choices":[{"floor":8,"key":"REST"}],"neow_cost":"NONE","seed_source_timestamp":172672375399197,"circlet_count":0,"master_deck":["Defend_G","Defend_G","Defend_G","Defend_G","Defend_G","Strike_G","Strike_G","Strike_G","Strike_G","Strike_G","Survivor","Neutralize","Acrobatics","Flying Knee","Doubt","Caltrops","Dagger Spray","Accuracy","Quick Slash","Quick Slash"],"relics":["Ring of the Snake","Bronze Scales","Ninja Scroll","Bag of Marbles"],"potions_floor_usage":[6],"damage_taken":[{"damage":3,"enemies":"Small Slimes","floor":1,"turns":3},{"damage":0,"enemies":"Jaw Worm","floor":2,"turns":5},{"damage":1,"enemies":"Cultist","floor":4,"turns":4},{"damage":23,"enemies":"Exordium Thugs","floor":5,"turns":5},{"damage":39,"enemies":"Gremlin Nob","floor":6,"turns":6},{"damage":0,"enemies":"Lots of Slimes","floor":7,"turns":1},{"damage":12,"enemies":"Large Slime","floor":10,"turns":5},{"damage":17,"enemies":"3 Sentries","floor":11,"turns":2}],"seed_played":"-5748095105500525393","potions_obtained":[{"floor":1,"key":"Dexterity Potion"},{"floor":5,"key":"SteroidPotion"},{"floor":7,"key":"Energy Potion"},{"floor":10,"key":"SteroidPotion"}],"is_trial":false,"path_per_floor":["M","M","?","M","M","E","M","R","T","M"],"character_chosen":"THE_SILENT","items_purchased":[],"campfire_rested":1,"item_purchase_floors":[],"current_hp_per_floor":[67,67,67,66,43,4,4,25,25,13,0],"gold":409,"neow_bonus":"RANDOM_COMMON_RELIC","is_prod":false,"is_daily":false,"chose_seed":false,"campfire_upgraded":0,"win_rate":0,"timestamp":1532144748,"path_taken":["M","M","?","M","?","E","?","R","T","M","E"],"build_version":"2018-07-19v2","purchased_purges":0,"victory":false,"max_hp_per_floor":[70,70,70,70,70,70,70,70,70,70,70],"card_choices":[{"not_picked":["Eviscerate","Dagger Throw"],"picked":"Acrobatics","floor":1},{"not_picked":["Heel Hook","Underhanded Strike"],"picked":"Flying Knee","floor":2},{"not_picked":["Reflex","Endless Agony"],"picked":"Caltrops","floor":4},{"not_picked":["Backflip","Sucker Punch"],"picked":"Dagger Spray","floor":5},{"not_picked":["Distraction","Dodge and Roll"],"picked":"Accuracy","floor":6},{"not_picked":["Die Die Die","Deflect"],"picked":"Quick Slash","floor":7},{"not_picked":["Dagger Spray","Predator"],"picked":"Quick Slash","floor":10}],"player_experience":63939,"relics_obtained":[{"floor":6,"key":"Ninja Scroll"},{"floor":9,"key":"Bag of Marbles"}],"event_choices":[{"event_name":"Liars Game","player_choice":"agreed","floor":3,"damage_taken":0}],"is_beta":false,"boss_relics":[],"items_purged_floors":[],"is_endless":false,"potions_floor_spawned":[1,5,7,10],"killed_by":"3 Sentries","ascension_level":0}