{"gold_per_floor":[369,369,93,93,122,171,171,206,206,281,281,311,341,31,31,150,150,178,2,2,13,13,46,46,81,158,158,358,375,375],"floor_reached":30,"playtime":5480,"items_purged":["Strike_B","Strike_B"],"score":434,"play_id":"c5e71d3f-eeca-4fba-8e59-3c1284a0b1c8","local_time":"20190108214527","is_ascension_mode":true,"campfire_choices":[{"floor":7,"key":"DIG"},{"floor":11,"key":"DIG"},{"floor":15,"key":"DIG"},{"floor":24,"key":"DIG"},{"data":"CollectingQuirk","floor":27,"key":"SMITH"}],"neow_cost":"BASIC_CARDS","seed_source_timestamp":19127963534214,"circlet_count":0,"master_deck":["Strike_MRS","Strike_MRS","Strike_MRS","Defend_MRS","Defend_MRS","Defend_MRS","Defend_MRS","MasterSpark","UpSweep","Defend_G+1","NonDirectionalLaser","SporeBomb+1","WitchOfGreed","StarBarrage","GalacticHalo","AsteroidBelt","MachineGunSpark","Pot Of Greed","Pot Of Greed","EnergyFlow","PowerUp","Parasite","Parasite","MagicAbsorber","D6C","Pot Of Greed","EnergyFlow","AsteroidBelt","AsteroidBelt","CollectingQuirk+1","EnergyFlow+1","Occultation","MoraleDepletion","J.A.X.","EarthLightRay","EnergyRecoil"],"relics":["MiniHakkero","Shovel","Grinning Jar","Lantern","ShroomBag","Lee\u0027s Waffle","Simple Rune","Black Star","Ornamental Fan","Pondfish Scales","Torii","Smiling Mask","Omamori","Prayer Wheel","Mercury Hourglass"],"potions_floor_usage":[6,16,25,29,30,30],"damage_taken":[{"damage":1,"enemies":"Jaw Worm","floor":1,"turns":3},{"damage":5,"enemies":"Small Slimes","floor":5,"turns":4},{"damage":2,"enemies":"Lagavulin","floor":6,"turns":7},{"damage":2,"enemies":"2 Louse","floor":8,"turns":3},{"damage":13,"enemies":"Exordium Wildlife","floor":12,"turns":4},{"damage":8,"enemies":"3 Louse","floor":13,"turns":4},{"damage":0,"enemies":"The Guardian","floor":16,"turns":8},{"damage":2,"enemies":"Shell Parasite","floor":18,"turns":7},{"damage":10,"enemies":"Spheric Guardian","floor":21,"turns":3},{"damage":6,"enemies":"Replay:Snechameleon","floor":23,"turns":7},{"damage":3,"enemies":"Book of Stabbing","floor":25,"turns":5},{"damage":3,"enemies":"3 Cultists","floor":29,"turns":4},{"damage":84,"enemies":"Gremlin Leader","floor":30,"turns":6}],"seed_played":"8949497900982669352","potions_obtained":[{"floor":5,"key":"LifebloodPotion"},{"floor":5,"key":"Dexterity Potion"},{"floor":6,"key":"EssenceOfSteel"},{"floor":8,"key":"Strength Potion"},{"floor":8,"key":"Weak Potion"},{"floor":16,"key":"Toxic Potion"},{"floor":25,"key":"SteroidPotion"},{"floor":29,"key":"GamblersBrew"}],"is_trial":false,"path_per_floor":["M","?","$","?","M","E","R","M","T","?","R","M","M","$","R","B",null,"M","$","?","M","?","E","R","E","T","R","?","M","E"],"character_chosen":"MARISA","items_purchased":["WitchOfGreed","StarBarrage","GalacticHalo","AsteroidBelt","Lee\u0027s Waffle","EnergyFlow","AsteroidBelt","Occultation"],"campfire_rested":0,"item_purchase_floors":[3,3,3,3,14,14,14,19],"current_hp_per_floor":[74,74,74,62,57,55,55,53,53,42,42,35,30,82,82,82,82,82,82,82,72,72,72,72,76,76,76,76,79,0],"gold":375,"neow_bonus":"TWO_FIFTY_GOLD","is_prod":false,"is_daily":false,"chose_seed":false,"campfire_upgraded":1,"win_rate":0,"timestamp":1546991127,"path_taken":["M","?","?","?","M","E","R","?","T","?","R","M","M","$","R","BOSS","M","$","?","M","?","E","R","E","T","R","?","M","E"],"build_version":"2019-01-03v4","purchased_purges":2,"victory":false,"max_hp_per_floor":[75,75,75,75,75,75,75,75,75,75,75,75,75,82,82,82,82,82,82,82,82,82,82,82,82,82,82,82,82,82],"card_choices":[{"not_picked":["ShootingEcho","MoraleDepletion"],"picked":"NonDirectionalLaser","floor":1},{"not_picked":["D6C","WitchOfGreed"],"picked":"MachineGunSpark","floor":5},{"not_picked":["MeteoricShower","IllusionStar"],"picked":"EnergyFlow","floor":6},{"not_picked":["D6C","MysteriousBeam"],"picked":"PowerUp","floor":8},{"not_picked":["EnergyRecoil","DragonMeteor"],"picked":"MagicAbsorber","floor":12},{"not_picked":["WitchLeyline","IllusionStar"],"picked":"D6C","floor":13},{"not_picked":["EscapeVelocity","BigCrunch"],"picked":"CollectingQuirk","floor":16},{"not_picked":["GrandCross","MysteriousBeam"],"picked":"EnergyFlow+1","floor":18},{"not_picked":["LuminesStrike","ManaConvection"],"picked":"MoraleDepletion","floor":21},{"not_picked":["UnstableBomb","WitchOfGreed"],"picked":"EarthLightRay","floor":23},{"not_picked":["SuperNova","FairyDestructionRay+1","DoubleSpark"],"picked":"SKIP","floor":25},{"not_picked":["SporeBomb","DeepEcoloBomb"],"picked":"EnergyRecoil","floor":29},{"not_picked":["NonDirectionalLaser","StarlightTyphoon","WitchOfGreed+1"],"picked":"SKIP","floor":29}],"player_experience":717150,"relics_obtained":[{"floor":6,"key":"Grinning Jar"},{"floor":7,"key":"Lantern"},{"floor":11,"key":"ShroomBag"},{"floor":15,"key":"Simple Rune"},{"floor":23,"key":"Pondfish Scales"},{"floor":23,"key":"Torii"},{"floor":24,"key":"Smiling Mask"},{"floor":25,"key":"Omamori"},{"floor":25,"key":"Prayer Wheel"},{"floor":26,"key":"Mercury Hourglass"}],"event_choices":[{"damage_healed":0,"gold_gain":0,"player_choice":"Success","damage_taken":12,"relics_obtained":["Shovel"],"max_hp_gain":0,"max_hp_loss":0,"event_name":"Scrap Ooze","floor":4,"gold_loss":0},{"damage_healed":0,"gold_gain":75,"player_choice":"Gather Gold","damage_taken":11,"max_hp_gain":0,"max_hp_loss":0,"event_name":"World of Goop","floor":10,"gold_loss":0},{"damage_healed":0,"gold_gain":0,"player_choice":"Obtain J.A.X.","damage_taken":0,"max_hp_gain":0,"max_hp_loss":0,"event_name":"Drug Dealer","floor":22,"gold_loss":0,"cards_obtained":["J.A.X."]},{"damage_healed":0,"gold_gain":250,"player_choice":"Bet on Owner","damage_taken":0,"max_hp_gain":0,"max_hp_loss":0,"event_name":"The Joust","floor":28,"gold_loss":50}],"is_beta":false,"boss_relics":[{"not_picked":["RampagingMagicTools","Lizard Tail"],"picked":"Black Star"}],"items_purged_floors":[3,19],"is_endless":false,"potions_floor_spawned":[5,8,16,23,25,29],"killed_by":"Gremlin Leader","ascension_level":1}