{"gold_per_floor":[217,73,89,100,175,175,209,209,209,179,199,212,212,182,182,284,284,304,304,394,412,412],"floor_reached":22,"playtime":1224,"items_purged":["Strike_R"],"score":202,"play_id":"fd727d85-d6d4-4343-be30-e661ca797374","local_time":"20190310190033","is_ascension_mode":true,"campfire_choices":[{"data":"Shockwave","floor":6,"key":"SMITH"},{"data":"True Grit","floor":13,"key":"SMITH"},{"data":"Body Slam","floor":15,"key":"SMITH"}],"neow_cost":"NONE","seed_source_timestamp":2160168660037420,"circlet_count":0,"master_deck":["Strike_R","Strike_R","Strike_R","Strike_R","Defend_R","Defend_R","Defend_R","Defend_R","Bash","Whirlwind","Shockwave+1","Armaments","Dropkick+1","Metallicize","Body Slam+1","True Grit+1","Feel No Pain","Demon Form","J.A.X.","Impatience"],"relics":["Burning Blood","The Courier","Paper Frog","Cursed Key"],"potions_floor_usage":[14,16,18],"damage_taken":[{"damage":3,"enemies":"Small Slimes","floor":1,"turns":3},{"damage":2,"enemies":"Cultist","floor":3,"turns":5},{"damage":5,"enemies":"Jaw Worm","floor":4,"turns":5},{"damage":47,"enemies":"Gremlin Nob","floor":7,"turns":6},{"damage":1,"enemies":"Looter","floor":10,"turns":4},{"damage":13,"enemies":"Gremlin Gang","floor":11,"turns":3},{"damage":0,"enemies":"Lots of Slimes","floor":12,"turns":1},{"damage":0,"enemies":"Looter","floor":14,"turns":4},{"damage":28,"enemies":"Hexaghost","floor":16,"turns":13},{"damage":22,"enemies":"2 Thieves","floor":18,"turns":3},{"damage":19,"enemies":"3 Byrds","floor":21,"turns":5},{"damage":33,"enemies":"Snake Plant","floor":22,"turns":3}],"seed_played":"5629725753885631259","potions_obtained":[{"floor":4,"key":"Weak Potion"},{"floor":11,"key":"FearPotion"},{"floor":12,"key":"Regen Potion"}],"is_trial":false,"path_per_floor":["M","$","M","M","?","R","E","?","T","M","M","M","R","M","R","B",null,"M","?","?","M","M"],"character_chosen":"IRONCLAD","items_purchased":["Shockwave"],"campfire_rested":0,"item_purchase_floors":[2],"current_hp_per_floor":[80,80,80,80,69,69,28,28,28,33,26,32,32,52,52,30,80,64,64,40,27,0],"gold":412,"neow_bonus":"HUNDRED_GOLD","is_prod":false,"is_daily":false,"chose_seed":false,"campfire_upgraded":3,"win_rate":0,"timestamp":1552269633,"path_taken":["M","$","M","M","?","R","E","?","T","?","M","M","R","M","R","BOSS","M","?","?","M","M"],"build_version":"2019-01-23","purchased_purges":1,"victory":false,"max_hp_per_floor":[80,80,80,80,80,80,80,80,80,80,80,80,80,80,80,80,80,80,80,80,80,80],"card_choices":[{"not_picked":["Iron Wave","Cleave"],"picked":"Whirlwind","floor":1},{"not_picked":["Wild Strike","Flex","Iron Wave"],"picked":"SKIP","floor":3},{"not_picked":["Warcry","Clash"],"picked":"Armaments","floor":4},{"not_picked":["True Grit","Searing Blow"],"picked":"Dropkick","floor":7},{"not_picked":["Feel No Pain","Disarm"],"picked":"Metallicize","floor":10},{"not_picked":["Twin Strike","Shrug It Off"],"picked":"Body Slam","floor":11},{"not_picked":["Cleave","Clash"],"picked":"True Grit","floor":12},{"not_picked":["Thunderclap","Bloodletting"],"picked":"Feel No Pain","floor":14},{"not_picked":["Exhume","Bludgeon"],"picked":"Demon Form","floor":16},{"not_picked":["Thunderclap","Carnage","Clothesline"],"picked":"SKIP","floor":18},{"not_picked":["Armaments","Iron Wave+1","Cleave"],"picked":"SKIP","floor":21}],"player_experience":260882,"relics_obtained":[{"floor":7,"key":"The Courier"},{"floor":9,"key":"Paper Frog"}],"event_choices":[{"damage_healed":0,"gold_gain":75,"player_choice":"Gather Gold","damage_taken":11,"max_hp_gain":0,"max_hp_loss":0,"event_name":"World of Goop","floor":5,"gold_loss":0},{"damage_healed":0,"gold_gain":0,"player_choice":"Upgraded","damage_taken":0,"max_hp_gain":0,"max_hp_loss":0,"event_name":"Upgrade Shrine","floor":8,"gold_loss":0,"cards_upgraded":["Dropkick"]},{"damage_healed":0,"gold_gain":0,"player_choice":"Obtain J.A.X.","damage_taken":0,"max_hp_gain":0,"max_hp_loss":0,"event_name":"Drug Dealer","floor":19,"gold_loss":0,"cards_obtained":["J.A.X."]},{"damage_healed":0,"gold_gain":90,"player_choice":"GOLD CARD ","damage_taken":24,"max_hp_gain":0,"max_hp_loss":0,"event_name":"Knowing Skull","floor":20,"potions_obtained":[],"gold_loss":0,"cards_obtained":["Impatience"]}],"is_beta":false,"boss_relics":[{"not_picked":["Tiny House","Pandora\u0027s Box"],"picked":"Cursed Key"}],"items_purged_floors":[2],"is_endless":false,"potions_floor_spawned":[4,11,12],"killed_by":"Snake Plant","ascension_level":2}