{"gold_per_floor":[166,178,178,190,209,272,286,313,313,313,330,412,438,438],"floor_reached":14,"playtime":728,"items_purged":[],"score":112,"play_id":"d3f96234-0ed1-4bcf-92af-21962df54460","local_time":"20181227192922","is_ascension_mode":false,"campfire_choices":[{"data":"Defend_G","floor":10,"key":"PURGE"}],"neow_cost":"NONE","seed_source_timestamp":11644543547489,"circlet_count":0,"master_deck":["Defend_G","Defend_G","Defend_G","Strike_G","Strike_G","Strike_G","Strike_G","Strike_G","Survivor","Neutralize+1","PiercingWail","Backflip","Deflect","Backstab","Backflip","Dagger Spray","Night Terror","Dagger Spray"],"relics":["Tiny House","Tiny Chest","Dream Catcher","Peace Pipe","Pantograph","Ginger"],"potions_floor_usage":[6,6,8,13],"damage_taken":[{"damage":3,"enemies":"Small Slimes","floor":1,"turns":5},{"damage":2,"enemies":"Jaw Worm","floor":2,"turns":6},{"damage":0,"enemies":"Cultist","floor":4,"turns":3},{"damage":0,"enemies":"Blue Slaver","floor":5,"turns":6},{"damage":3,"enemies":"Lagavulin","floor":6,"turns":6},{"damage":6,"enemies":"3 Louse","floor":7,"turns":4},{"damage":12,"enemies":"3 Sentries","floor":8,"turns":17},{"damage":15,"enemies":"Large Slime","floor":11,"turns":8},{"damage":23,"enemies":"Lagavulin","floor":13,"turns":11},{"damage":0,"enemies":"Exordium Wildlife","floor":14,"turns":1}],"seed_played":"7115523144969147803","potions_obtained":[{"floor":0,"key":"Poison Potion"},{"floor":1,"key":"Poison Potion"},{"floor":5,"key":"SkillPotion"},{"floor":8,"key":"PowerPotion"}],"is_trial":false,"path_per_floor":["M","M","?","M","M","E","M","E","T","R","M","T","E","M"],"character_chosen":"THE_SILENT","items_purchased":[],"campfire_rested":0,"item_purchase_floors":[],"current_hp_per_floor":[72,70,70,70,70,67,61,49,49,49,34,34,11,11],"gold":438,"neow_bonus":"BOSS_RELIC","is_prod":false,"is_daily":false,"chose_seed":false,"campfire_upgraded":0,"win_rate":0,"timestamp":1545946162,"path_taken":["M","M","?","M","M","E","M","E","T","R","M","?","E","M"],"build_version":"2018-12-20","purchased_purges":0,"victory":false,"max_hp_per_floor":[75,75,75,75,75,75,75,75,75,75,75,75,75,75],"card_choices":[{"not_picked":["Escape Plan","Reflex"],"picked":"PiercingWail","floor":0},{"not_picked":["Dagger Throw","Accuracy","Reflex"],"picked":"SKIP","floor":1},{"not_picked":["Deflect","Bane"],"picked":"Backflip","floor":2},{"not_picked":["Blade Dance","Skewer"],"picked":"Deflect","floor":4},{"not_picked":["Sucker Punch","Dodge and Roll"],"picked":"Backstab","floor":5},{"not_picked":["Outmaneuver","Quick Slash"],"picked":"Backflip","floor":6},{"not_picked":["Skewer","Quick Slash","Blade Dance"],"picked":"SKIP","floor":7},{"not_picked":["All Out Attack","Blur"],"picked":"Dagger Spray","floor":8},{"not_picked":["Deadly Poison","Bane"],"picked":"Night Terror","floor":11},{"not_picked":["Dagger Throw","Escape Plan"],"picked":"Dagger Spray","floor":13}],"player_experience":646337,"relics_obtained":[{"floor":6,"key":"Tiny Chest"},{"floor":8,"key":"Dream Catcher"},{"floor":9,"key":"Peace Pipe"},{"floor":12,"key":"Pantograph"},{"floor":13,"key":"Ginger"}],"event_choices":[{"cards_removed":["Defend_G"],"damage_healed":0,"gold_gain":0,"player_choice":"Forget","damage_taken":0,"max_hp_gain":0,"max_hp_loss":0,"event_name":"Living Wall","floor":3,"gold_loss":0}],"is_beta":false,"boss_relics":[],"items_purged_floors":[],"is_endless":false,"potions_floor_spawned":[1,5,8],"killed_by":"Exordium Wildlife","ascension_level":0}