{"gold_per_floor":[118,130,55,55,65,65,98,98,145,145,161,181,193,93,93,194,194,205,45,45,58,72,72,82,108,108,108,108,125,139,155,155,260,260,274,274,287,362,212,212],"floor_reached":40,"playtime":3484,"items_purged":["Strike_R","Strike_R","Strike_R","Writhe"],"score":472,"play_id":"b05f88ba-d873-4ca2-baea-1d7d948eaae1","local_time":"20190307172221","is_ascension_mode":true,"campfire_choices":[{"data":"Body Slam","floor":6,"key":"SMITH"},{"data":"Flex","floor":8,"key":"SMITH"},{"data":"Bash","floor":15,"key":"SMITH"},{"floor":23,"key":"REST"},{"floor":28,"key":"REST"},{"floor":32,"key":"REST"}],"neow_cost":"TEN_PERCENT_HP_LOSS","seed_source_timestamp":265091287064676,"circlet_count":0,"master_deck":["Strike_R","Defend_R","Defend_R","Defend_R+1","Defend_R+1","Bash+1","Flex+1","Shrug It Off","Body Slam+1","Dropkick","Anger","Shrug It Off+1","Flame Barrier","Body Slam","Burning Pact","Thunderclap","Fire Breathing+1"],"relics":["Burning Blood","Unceasing Top","War Paint","Centennial Puzzle","Fusion Hammer","Oddly Smooth Stone","Orichalcum","Pen Nib","Busted Crown"],"potions_floor_usage":[7,12,25,33,33,33],"damage_taken":[{"damage":7,"enemies":"2 Louse","floor":1,"turns":3},{"damage":3,"enemies":"Small Slimes","floor":2,"turns":3},{"damage":0,"enemies":"Cultist","floor":5,"turns":3},{"damage":22,"enemies":"3 Sentries","floor":7,"turns":13},{"damage":10,"enemies":"Exordium Wildlife","floor":11,"turns":4},{"damage":18,"enemies":"Exordium Thugs","floor":12,"turns":4},{"damage":0,"enemies":"3 Louse","floor":13,"turns":2},{"damage":34,"enemies":"The Guardian","floor":16,"turns":11},{"damage":0,"enemies":"3 Byrds","floor":18,"turns":4},{"damage":0,"enemies":"Chosen","floor":21,"turns":3},{"damage":21,"enemies":"Shelled Parasite and Fungi","floor":22,"turns":5},{"damage":0,"enemies":"Chosen and Byrds","floor":24,"turns":4},{"damage":27,"enemies":"Slavers","floor":25,"turns":4},{"damage":0,"enemies":"Snecko","floor":29,"turns":3},{"damage":2,"enemies":"Snake Plant","floor":30,"turns":2},{"damage":11,"enemies":"Cultist and Chosen","floor":31,"turns":8},{"damage":36,"enemies":"Champ","floor":33,"turns":10},{"damage":19,"enemies":"3 Shapes","floor":35,"turns":7},{"damage":0,"enemies":"Orb Walker","floor":37,"turns":3},{"damage":67,"enemies":"Nemesis","floor":40,"turns":5}],"seed_played":"3640656543085521653","potions_obtained":[{"floor":2,"key":"SkillPotion"},{"floor":7,"key":"PowerPotion"},{"floor":18,"key":"Weak Potion"},{"floor":25,"key":"AttackPotion"},{"floor":29,"key":"Dexterity Potion"},{"floor":30,"key":"LiquidBronze"},{"floor":35,"key":"Poison Potion"}],"is_trial":false,"path_per_floor":["M","M","$","?","M","R","E","R","T","?","M","M","M","$","R","B",null,"M","$","?","M","M","R","M","E","T","$","R","M","M","M","R","B",null,"M","?","M","?","$","E"],"character_chosen":"IRONCLAD","items_purchased":["Flame Barrier"],"campfire_rested":3,"item_purchase_floors":[19],"current_hp_per_floor":[71,72,72,72,72,72,56,56,56,56,52,40,46,46,46,18,72,72,72,72,72,57,72,72,51,51,51,72,72,72,67,72,42,72,59,59,65,59,59,0],"gold":212,"neow_bonus":"ONE_RARE_RELIC","is_prod":false,"is_daily":false,"chose_seed":false,"campfire_upgraded":3,"win_rate":0,"timestamp":1552000941,"path_taken":["M","M","$","?","M","R","E","R","T","?","?","M","M","$","R","BOSS","M","$","?","M","M","R","M","E","T","$","R","M","M","M","R","BOSS","M","?","M","?","$","E"],"build_version":"2019-01-23","purchased_purges":4,"victory":false,"max_hp_per_floor":[72,72,72,72,72,72,72,72,72,72,72,72,72,72,72,72,72,72,72,72,72,72,72,72,72,72,72,72,72,72,72,72,72,72,72,68,68,68,68,68],"card_choices":[{"not_picked":["Cleave","Armaments"],"picked":"Flex","floor":1},{"not_picked":["Perfected Strike","Intimidate"],"picked":"Shrug It Off","floor":2},{"not_picked":["Intimidate","Immolate"],"picked":"Body Slam","floor":5},{"not_picked":["Heavy Blade","Clothesline"],"picked":"Dropkick","floor":7},{"not_picked":["Havoc","Intimidate","Metallicize"],"picked":"SKIP","floor":11},{"not_picked":["Power Through","Twin Strike","Rupture"],"picked":"SKIP","floor":12},{"not_picked":["Bloodletting","Entrench"],"picked":"Anger","floor":13},{"not_picked":["Power Through","Twin Strike"],"picked":"Shrug It Off+1","floor":18},{"not_picked":["Perfected Strike","Headbutt"],"picked":"Body Slam","floor":21},{"not_picked":["Pommel Strike","Shrug It Off"],"picked":"Burning Pact","floor":22},{"not_picked":["Clothesline","Pummel","Rupture"],"picked":"SKIP","floor":24},{"not_picked":["Inflame","Warcry","Headbutt"],"picked":"SKIP","floor":25},{"not_picked":["Fiend Fire","Warcry"],"picked":"Thunderclap","floor":29},{"not_picked":["Anger","Twin Strike+1"],"picked":"Fire Breathing+1","floor":30},{"not_picked":["Dual Wield","Headbutt","Armaments"],"picked":"SKIP","floor":31},{"not_picked":["Thunderclap+1"],"picked":"SKIP","floor":35},{"not_picked":["Clash+1"],"picked":"SKIP","floor":37}],"player_experience":203034,"relics_obtained":[{"floor":7,"key":"War Paint"},{"floor":9,"key":"Centennial Puzzle"},{"floor":25,"key":"Orichalcum"},{"floor":26,"key":"Pen Nib"}],"event_choices":[{"damage_healed":0,"gold_gain":0,"player_choice":"Ignored","damage_taken":0,"max_hp_gain":0,"max_hp_loss":0,"event_name":"Liars Game","floor":4,"gold_loss":0},{"cards_removed":["Strike_R"],"damage_healed":0,"gold_gain":0,"player_choice":"Offered Basic","damage_taken":0,"max_hp_gain":0,"max_hp_loss":0,"event_name":"Bonfire Elementals","floor":10,"gold_loss":0},{"damage_healed":0,"gold_gain":0,"player_choice":"Opened","damage_taken":0,"relics_obtained":["Oddly Smooth Stone"],"max_hp_gain":0,"max_hp_loss":0,"event_name":"The Mausoleum","floor":20,"gold_loss":0,"cards_obtained":["Writhe"]},{"damage_healed":0,"gold_gain":0,"player_choice":"Max HP","damage_taken":0,"max_hp_gain":0,"max_hp_loss":4,"event_name":"Winding Halls","floor":36,"gold_loss":0},{"damage_healed":0,"gold_gain":75,"player_choice":"Touch","damage_taken":6,"max_hp_gain":0,"max_hp_loss":0,"event_name":"FaceTrader","floor":38,"gold_loss":0}],"is_beta":false,"boss_relics":[{"not_picked":["Calling Bell","Ectoplasm"],"picked":"Fusion Hammer"},{"not_picked":["Runic Cube","Velvet Choker"],"picked":"Busted Crown"}],"items_purged_floors":[3,14,19,39],"is_endless":false,"potions_floor_spawned":[2,7,18,25,29,30,35],"killed_by":"Nemesis","ascension_level":3}