{"gold_per_floor":[109,122,197,197,30,65,65,65,90,110,169,192,25,44,44,146,146,164,164,176,196,196,224,224,250,292,304,334,346],"floor_reached":29,"playtime":1244,"items_purged":[],"score":329,"play_id":"766d78ce-5ede-4e84-a642-9552383e2b01","local_time":"20190123170816","is_ascension_mode":true,"campfire_choices":[{"data":"Enlightenment","floor":7,"key":"SMITH"},{"floor":15,"key":"REST"},{"floor":24,"key":"REST"}],"neow_cost":"NONE","seed_source_timestamp":378224706638665,"circlet_count":0,"master_deck":["Defend_G","Defend_G","Defend_G","Defend_G","Defend_G","Strike_G","Strike_G","Strike_G","Strike_G","Survivor","Neutralize+1","Dodge and Roll","Slice","Endless Agony+1","Enlightenment+1","Phantasmal Killer","Flying Knee","Magnetism+1","Dash","After Image+1","Poisoned Stab","Crippling Poison","Deadly Poison+1","Flying Knee","Noxious Fumes+1","Caltrops+1"],"relics":["Ring of the Snake","NeowsBlessing","Frozen Egg 2","Vajra","Oddly Smooth Stone","Regal Pillow","Eternal Feather","MutagenicStrength","Omamori","MawBank","Tiny Chest"],"potions_floor_usage":[11,23,23],"damage_taken":[{"damage":0,"enemies":"Small Slimes","floor":1,"turns":1},{"damage":0,"enemies":"Jaw Worm","floor":2,"turns":1},{"damage":0,"enemies":"Gremlin Nob","floor":6,"turns":1},{"damage":0,"enemies":"2 Louse","floor":10,"turns":2},{"damage":12,"enemies":"Gremlin Nob","floor":11,"turns":4},{"damage":3,"enemies":"Blue Slaver","floor":14,"turns":3},{"damage":21,"enemies":"The Guardian","floor":16,"turns":10},{"damage":1,"enemies":"Chosen","floor":18,"turns":4},{"damage":10,"enemies":"Shell Parasite","floor":20,"turns":5},{"damage":29,"enemies":"3 Cultists","floor":21,"turns":7},{"damage":27,"enemies":"Gremlin Leader","floor":23,"turns":8},{"damage":45,"enemies":"Book of Stabbing","floor":25,"turns":6},{"damage":4,"enemies":"Shelled Parasite and Fungi","floor":28,"turns":8},{"damage":4,"enemies":"Centurion and Healer","floor":29,"turns":1}],"seed_played":"3420098766624327409","potions_obtained":[{"floor":1,"key":"SkillPotion"},{"floor":6,"key":"Weak Potion"},{"floor":11,"key":"GhostInAJar"},{"floor":14,"key":"SteroidPotion"},{"floor":25,"key":"AttackPotion"},{"floor":28,"key":"Ancient Potion"}],"is_trial":false,"path_per_floor":["M","M","?","?","$","E","R","?","T","M","?","T","$","M","R","B",null,"M","?","M","M","?","E","R","E","T","$","M","M"],"character_chosen":"THE_SILENT","items_purchased":["Endless Agony","Enlightenment","Magnetism+1"],"campfire_rested":2,"item_purchase_floors":[5,5,13],"current_hp_per_floor":[70,70,59,59,59,59,59,45,45,45,33,33,33,30,66,45,70,69,69,59,30,30,3,51,6,6,6,2,0],"gold":346,"neow_bonus":"THREE_ENEMY_KILL","is_prod":false,"is_daily":false,"chose_seed":false,"campfire_upgraded":1,"win_rate":0,"timestamp":1548299296,"path_taken":["M","M","?","?","$","E","R","?","T","?","?","?","?","M","R","BOSS","M","?","M","M","?","E","R","E","T","$","M","?"],"build_version":"2019-01-23","purchased_purges":0,"victory":false,"max_hp_per_floor":[70,70,70,70,70,70,70,70,70,70,70,70,70,70,70,70,70,70,70,70,70,70,70,70,70,70,70,70,70],"card_choices":[{"not_picked":["Tactician","Deflect"],"picked":"Dodge and Roll","floor":1},{"not_picked":["Outmaneuver","Tactician"],"picked":"Slice","floor":2},{"not_picked":["Sucker Punch","Endless Agony"],"picked":"Phantasmal Killer","floor":6},{"not_picked":["Eviscerate","Cloak And Dagger"],"picked":"Flying Knee","floor":10},{"not_picked":["Deflect","Prepared"],"picked":"Dash","floor":14},{"not_picked":["Unload","Storm of Steel"],"picked":"After Image+1","floor":16},{"not_picked":["Outmaneuver","Cloak And Dagger"],"picked":"Poisoned Stab","floor":18},{"not_picked":["Backflip+1","Masterful Stab"],"picked":"Crippling Poison","floor":20},{"not_picked":["Bane+1","Quick Slash+1"],"picked":"Deadly Poison+1","floor":21},{"not_picked":["Reflex","Slice"],"picked":"Flying Knee","floor":23},{"not_picked":["Slice","Sucker Punch+1"],"picked":"Noxious Fumes+1","floor":25},{"not_picked":["Tools of the Trade+1","Blade Dance"],"picked":"Caltrops+1","floor":28}],"player_experience":343063,"relics_obtained":[{"floor":6,"key":"Frozen Egg 2"},{"floor":9,"key":"Vajra"},{"floor":12,"key":"Regal Pillow"},{"floor":23,"key":"Omamori"},{"floor":25,"key":"MawBank"},{"floor":26,"key":"Tiny Chest"}],"event_choices":[{"damage_healed":0,"gold_gain":75,"player_choice":"Gather Gold","damage_taken":11,"max_hp_gain":0,"max_hp_loss":0,"event_name":"World of Goop","floor":3,"gold_loss":0},{"damage_healed":0,"gold_gain":0,"player_choice":"Leave","damage_taken":0,"max_hp_gain":0,"max_hp_loss":0,"event_name":"The Cleric","floor":4,"gold_loss":0},{"damage_healed":0,"gold_gain":0,"player_choice":"Entered Light","damage_taken":14,"max_hp_gain":0,"max_hp_loss":0,"event_name":"Shining Light","floor":8,"gold_loss":0,"cards_upgraded":["Endless Agony","Neutralize"]},{"damage_healed":0,"gold_gain":0,"player_choice":"Searched \u00272\u0027 times","damage_taken":0,"relics_obtained":["Oddly Smooth Stone"],"max_hp_gain":0,"max_hp_loss":0,"event_name":"Dead Adventurer","floor":11,"gold_loss":0},{"damage_healed":0,"gold_gain":0,"player_choice":"Inject Mutagens","damage_taken":0,"relics_obtained":["MutagenicStrength"],"max_hp_gain":0,"max_hp_loss":0,"event_name":"Drug Dealer","floor":19,"gold_loss":0},{"cards_removed":["Strike_G"],"damage_healed":0,"gold_gain":0,"player_choice":"Card Removal","damage_taken":0,"max_hp_gain":0,"max_hp_loss":0,"event_name":"Wheel of Change","floor":22,"gold_loss":0}],"is_beta":false,"boss_relics":[{"not_picked":["Ectoplasm","Snecko Eye"],"picked":"Eternal Feather"}],"items_purged_floors":[],"is_endless":false,"potions_floor_spawned":[1,6,11,14,18,25,28],"killed_by":"Centurion and Healer","ascension_level":3}