{"gold_per_floor":[118,132,150,150,150,150,225,235,313,347,358,23,35,35,35,107,107,122,134,151,162,180,74,74],"floor_reached":24,"playtime":3654,"items_purged":["Strike_B"],"score":404,"play_id":"b060c0b0-0dd9-491e-871b-62035d599133","local_time":"20190225115906","is_ascension_mode":true,"campfire_choices":[{"data":"Zap","floor":6.0,"key":"SMITH"},{"floor":15.0,"key":"REST"}],"neow_cost":"NONE","seed_source_timestamp":409826853826714,"circlet_count":0,"master_deck":["AscendersBane","Strike_B","Strike_B","Strike_B","Defend_B","Defend_B","Defend_B","Defend_B","Zap+1","Dualcast+1","White Noise","Glacier","Rip and Tear","Biased Cognition","Conserve Battery","Electrodynamics","Sunder","Ball Lightning","White Noise","Glacier","Steam"],"special_seed":0,"relics":["Cracked Core","Bronze Scales","Tiny Chest","Smiling Mask","Blood Vial","Cursed Key"],"potions_floor_usage":[16,16,20],"damage_taken":[{"damage":1.0,"enemies":"Cultist","floor":1.0,"turns":3.0},{"damage":1.0,"enemies":"2 Louse","floor":2.0,"turns":3.0},{"damage":4.0,"enemies":"Small Slimes","floor":3.0,"turns":3.0},{"damage":8.0,"enemies":"Blue Slaver","floor":8.0,"turns":3.0},{"damage":24.0,"enemies":"Lagavulin","floor":10.0,"turns":8.0},{"damage":1.0,"enemies":"Large Slime","floor":11.0,"turns":6.0},{"damage":6.0,"enemies":"Exordium Wildlife","floor":13.0,"turns":3.0},{"damage":20,"enemies":"Slime Boss","floor":16,"turns":9},{"damage":3,"enemies":"Spheric Guardian","floor":18,"turns":5},{"damage":0,"enemies":"Chosen","floor":19,"turns":3},{"damage":28,"enemies":"Snake Plant","floor":20,"turns":4},{"damage":8,"enemies":"Centurion and Healer","floor":21,"turns":5},{"damage":18,"enemies":"Snecko","floor":22,"turns":4},{"damage":16,"enemies":"Gremlin Leader","floor":24,"turns":3}],"seed_played":"2702319361809801971","potions_obtained":[{"floor":3.0,"key":"Weak Potion"},{"floor":8.0,"key":"SkillPotion"},{"floor":11.0,"key":"LiquidBronze"},{"floor":13.0,"key":"SteroidPotion"},{"floor":18,"key":"Energy Potion"}],"is_trial":false,"path_per_floor":["M","M","M","?","?","R","?","M","T","E","M","$","M","$","R","B",null,"M","M","M","M","M","$","E"],"character_chosen":"DEFECT","items_purchased":["Blood Vial","Biased Cognition","Steam"],"campfire_rested":1,"item_purchase_floors":[12,12,23],"current_hp_per_floor":[63,62,58,58,58,58,47,39,39,15,14,14,10,10,31,13,57,56,58,32,26,10,10,0],"gold":74,"neow_bonus":"RANDOM_COMMON_RELIC","is_prod":false,"is_daily":false,"chose_seed":false,"campfire_upgraded":1,"win_rate":0,"timestamp":1551117546,"path_taken":["M","?","M","?","?","R","?","M","T","E","M","?","M","$","R","BOSS","M","M","M","M","M","$","E"],"build_version":"2019-01-23","purchased_purges":1,"victory":false,"max_hp_per_floor":[71,71,71,71,71,71,71,71,71,71,71,71,71,71,71,71,71,71,71,71,71,71,71,71],"card_choices":[{"not_picked":["Rebound","Stack","Compile Driver"],"picked":"SKIP","floor":1.0},{"not_picked":["Steam Power","Go for the Eyes","Compile Driver"],"picked":"SKIP","floor":2.0},{"not_picked":["Compile Driver","All For One","Barrage"],"picked":"SKIP","floor":3.0},{"not_picked":["Genetic Algorithm","Coolheaded"],"picked":"White Noise","floor":8.0},{"not_picked":["Coolheaded","Conserve Battery"],"picked":"Glacier","floor":10.0},{"not_picked":["Gash","Coolheaded"],"picked":"Rip and Tear","floor":11.0},{"not_picked":["Redo","Gash"],"picked":"Conserve Battery","floor":13.0},{"not_picked":["Multi-Cast","Rainbow"],"picked":"Electrodynamics","floor":16},{"not_picked":["Beam Cell","Darkness"],"picked":"Sunder","floor":18},{"not_picked":["Rebound","Self Repair"],"picked":"Ball Lightning","floor":19},{"not_picked":["Chill","Sweeping Beam"],"picked":"White Noise","floor":20},{"not_picked":["Sweeping Beam","Biased Cognition"],"picked":"Glacier","floor":21},{"not_picked":["Gash","Beam Cell","Loop+1"],"picked":"SKIP","floor":22}],"player_experience":307214,"relics_obtained":[{"floor":9.0,"key":"Tiny Chest"},{"floor":10.0,"key":"Smiling Mask"}],"event_choices":[{"damage_healed":0.0,"max_hp_gain":0.0,"max_hp_loss":0.0,"gold_gain":0.0,"event_name":"Living Wall","player_choice":"Grow","floor":4.0,"gold_loss":0.0,"damage_taken":0.0,"cards_upgraded":["Dualcast"]},{"damage_healed":0.0,"max_hp_gain":0.0,"max_hp_loss":0.0,"gold_gain":0.0,"event_name":"The Cleric","player_choice":"Leave","floor":5.0,"gold_loss":0.0,"damage_taken":0.0},{"damage_healed":0.0,"max_hp_gain":0.0,"max_hp_loss":0.0,"gold_gain":75.0,"event_name":"World of Goop","player_choice":"Gather Gold","floor":7.0,"gold_loss":0.0,"damage_taken":11.0}],"is_beta":false,"boss_relics":[{"not_picked":["Tiny House","Philosopher\u0027s Stone"],"picked":"Cursed Key"}],"items_purged_floors":[23],"is_endless":false,"potions_floor_spawned":[3,8,11,13,18],"killed_by":"Gremlin Leader","ascension_level":20}