{"gold_per_floor":[117,136,136,136,52,85,85,49,49,149,149,160,177,177,177,177],"floor_reached":16,"playtime":18497,"items_purged":[],"score":118,"play_id":"468b87cf-f9b4-48d1-bb05-266c92c85f48","local_time":"20190210003713","is_ascension_mode":true,"campfire_choices":[{"floor":7,"key":"REST"},{"floor":11,"key":"REST"},{"floor":15,"key":"REST"}],"neow_cost":"NONE","seed_source_timestamp":296807225388490,"circlet_count":0,"master_deck":["Defend_G","Defend_G","Defend_G","Defend_G","Strike_G","Strike_G","Strike_G","Strike_G","Strike_G","Survivor","Neutralize","Eviscerate","Dagger Spray","Sucker Punch","Backstab","Outmaneuver","Outmaneuver","Tactician","Finisher","Dash","Injury"],"relics":["Ring of the Snake","Lantern","Golden Idol"],"potions_floor_usage":[16,16,16],"damage_taken":[{"damage":3,"enemies":"Jaw Worm","floor":1,"turns":6},{"damage":4,"enemies":"2 Louse","floor":2,"turns":3},{"damage":50,"enemies":"3 Sentries","floor":6,"turns":11},{"damage":0,"enemies":"Cultist","floor":12,"turns":3},{"damage":6,"enemies":"Looter","floor":13,"turns":2},{"damage":70,"enemies":"Hexaghost","floor":16,"turns":14}],"seed_played":"-1691890205810503653","potions_obtained":[{"floor":0,"key":"GhostInAJar"},{"floor":0,"key":"Dexterity Potion"},{"floor":0,"key":"Strength Potion"}],"is_trial":false,"path_per_floor":["M","M","?","?","$","E","R","$","T","?","R","M","M","?","R","B"],"character_chosen":"THE_SILENT","items_purchased":["Backstab","Outmaneuver","Tactician"],"campfire_rested":3,"item_purchase_floors":[5,5,8],"current_hp_per_floor":[67,63,63,63,63,13,34,34,34,34,55,55,49,49,70,0],"gold":177,"neow_bonus":"THREE_SMALL_POTIONS","is_prod":false,"is_daily":false,"chose_seed":false,"campfire_upgraded":0,"win_rate":0,"timestamp":1549795033,"path_taken":["M","M","?","?","?","E","R","$","T","?","R","?","M","?","R","BOSS"],"build_version":"2019-01-23","purchased_purges":0,"victory":false,"max_hp_per_floor":[70,70,70,70,70,70,70,70,70,70,70,70,70,70,70,70],"card_choices":[{"not_picked":["Deadly Poison","Bouncing Flask"],"picked":"Eviscerate","floor":1},{"not_picked":["Slice","Sucker Punch"],"picked":"Dagger Spray","floor":2},{"not_picked":["Blade Dance","Catalyst"],"picked":"Outmaneuver","floor":6},{"not_picked":["Poisoned Stab","PiercingWail"],"picked":"Finisher","floor":12},{"not_picked":["Bane","Underhanded Strike"],"picked":"Dash","floor":13}],"player_experience":409621,"relics_obtained":[{"floor":6,"key":"Lantern"}],"event_choices":[{"damage_healed":0,"gold_gain":0,"cards_transformed":["Defend_G"],"player_choice":"Change","damage_taken":0,"max_hp_gain":0,"max_hp_loss":0,"event_name":"Living Wall","floor":3,"gold_loss":0,"cards_obtained":["Sucker Punch"]},{"damage_healed":0,"gold_gain":0,"player_choice":"Ignored","damage_taken":0,"max_hp_gain":0,"max_hp_loss":0,"event_name":"Golden Wing","floor":4,"gold_loss":0},{"damage_healed":0,"gold_gain":100,"player_choice":"Pray","damage_taken":0,"max_hp_gain":0,"max_hp_loss":0,"event_name":"Golden Shrine","floor":10,"gold_loss":0},{"damage_healed":0,"gold_gain":0,"player_choice":"Take Wound","damage_taken":0,"relics_obtained":["Golden Idol"],"max_hp_gain":0,"max_hp_loss":0,"event_name":"Golden Idol","floor":14,"gold_loss":0,"cards_obtained":["Injury"]}],"is_beta":false,"boss_relics":[],"items_purged_floors":[],"is_endless":false,"potions_floor_spawned":[1,13],"killed_by":"Hexaghost","ascension_level":4}