{"gold_per_floor":[112,112,127,20,35,35,110,128,152,166,176,176,28,39,39,139,139,149,64,64,64,84,84,94,19,44,61,74,88,106,126,126,222,222,233,15,31,31,51,51,51,67,94,94,94,13,13,28,28,28],"floor_reached":51,"playtime":2192,"items_purged":["Strike_B","Pain"],"score":702,"play_id":"1e9cb78a-6a22-4571-b9d9-23b0b2aa4855","local_time":"20190307020448","is_ascension_mode":true,"campfire_choices":[{"data":"Defragment","floor":6.0,"key":"SMITH"},{"data":"Streamline","floor":12.0,"key":"SMITH"},{"floor":15.0,"key":"REST"},{"data":"Consume","floor":23.0,"key":"SMITH"},{"floor":32.0,"key":"REST"},{"data":"Defragment","floor":40,"key":"SMITH"},{"data":"Defragment","floor":45,"key":"SMITH"},{"data":"Storm","floor":47,"key":"SMITH"},{"floor":49,"key":"REST"}],"neow_cost":"NONE","seed_source_timestamp":508534570440960,"circlet_count":0,"master_deck":["Strike_B","Strike_B","Strike_B","Defend_B","Defend_B","Defend_B","Defend_B","Zap","Dualcast","BootSequence","Streamline+1","Chill","Loop","Defragment+1","Turbo","Beam Cell","Blizzard","Consume+1","Electrodynamics","Double Energy+1","Tempest+1","Self Repair+1","Storm+1","Leap","Echo Form","Storm","Amplify","White Noise","Defragment+1","Conserve Battery","Defragment+1","Ball Lightning+1","Stack","Regret","Chill","Go for the Eyes","Thunder Strike"],"special_seed":0,"relics":["Cracked Core","PreservedInsect","Cursed Key","Strawberry","Dream Catcher","Potion Belt"],"potions_floor_usage":[41,50,50],"damage_taken":[{"damage":0.0,"enemies":"Cultist","floor":1.0,"turns":3.0},{"damage":1.0,"enemies":"Jaw Worm","floor":3.0,"turns":2.0},{"damage":0.0,"enemies":"2 Louse","floor":5.0,"turns":3.0},{"damage":3.0,"enemies":"Gremlin Gang","floor":8.0,"turns":4.0},{"damage":6.0,"enemies":"Lots of Slimes","floor":10.0,"turns":4.0},{"damage":15.0,"enemies":"Exordium Thugs","floor":11.0,"turns":4.0},{"damage":0.0,"enemies":"Red Slaver","floor":14.0,"turns":3.0},{"damage":41.0,"enemies":"Slime Boss","floor":16.0,"turns":9.0},{"damage":25.0,"enemies":"2 Thieves","floor":18.0,"turns":3.0},{"damage":3.0,"enemies":"Chosen","floor":22.0,"turns":4.0},{"damage":14.0,"enemies":"Centurion and Healer","floor":24.0,"turns":3.0},{"damage":0.0,"enemies":"3 Cultists","floor":27.0,"turns":3.0},{"damage":11.0,"enemies":"Snake Plant","floor":28.0,"turns":3.0},{"damage":3.0,"enemies":"Cultist and Chosen","floor":29.0,"turns":5.0},{"damage":25.0,"enemies":"Chosen and Byrds","floor":30.0,"turns":5.0},{"damage":13.0,"enemies":"3 Cultists","floor":31.0,"turns":3.0},{"damage":25.0,"enemies":"Collector","floor":33.0,"turns":8.0},{"damage":0.0,"enemies":"3 Shapes","floor":35.0,"turns":5.0},{"damage":27,"enemies":"3 Darklings","floor":37,"turns":5},{"damage":9,"enemies":"Transient","floor":39,"turns":5},{"damage":6,"enemies":"4 Shapes","floor":41,"turns":2},{"damage":57,"enemies":"Spire Growth","floor":42,"turns":5},{"damage":24,"enemies":"3 Darklings","floor":48,"turns":4},{"damage":53,"enemies":"Donu and Deca","floor":50,"turns":6}],"seed_played":"-3524765988563563314","potions_obtained":[{"floor":8.0,"key":"Block Potion"},{"floor":11.0,"key":"Explosive Potion"},{"floor":16.0,"key":"AttackPotion"},{"floor":18.0,"key":"Poison Potion"},{"floor":29.0,"key":"SteroidPotion"},{"floor":30.0,"key":"FearPotion"},{"floor":37,"key":"SmokeBomb"}],"is_trial":false,"path_per_floor":["M","$","M","$","M","R","?","M","T","M","M","R","$","M","R","B",null,"M","?","?","?","M","R","M","$","T","M","M","M","M","M","R","B",null,"M","$","M","?","M","R","M","M","T","?","R","$","R","M","R","B",null],"character_chosen":"DEFECT","items_purchased":["Chill","Loop","Blizzard","Storm","Defragment","Conserve Battery","Chill"],"campfire_rested":3,"item_purchase_floors":[4,4,13,25,36,36,46],"current_hp_per_floor":[82,82,81,81,81,81,70,67,67,61,46,46,46,46,70,29,82,57,64,64,64,61,61,47,47,47,57,46,53,28,15,41,26,89,89,89,62,89,80,80,74,27,27,78,78,78,78,54,77,34],"gold":28,"neow_bonus":"TEN_PERCENT_HP_BONUS","is_prod":false,"is_daily":false,"chose_seed":false,"campfire_upgraded":6,"win_rate":0,"timestamp":1551942288,"path_taken":["M","$","M","$","M","R","?","M","T","M","M","R","$","M","R","BOSS","M","?","?","?","?","R","M","$","T","M","M","?","M","M","R","BOSS","M","$","M","?","M","R","?","M","T","?","R","?","R","M","R","BOSS"],"build_version":"2019-01-23","purchased_purges":2,"victory":true,"max_hp_per_floor":[82,82,82,82,82,82,82,82,82,82,82,82,82,82,82,82,82,82,89,89,89,89,89,89,89,89,89,89,89,89,89,89,89,89,89,89,89,89,89,89,89,89,89,78,78,78,78,78,78,78],"card_choices":[{"not_picked":["Sweeping Beam","Force Field"],"picked":"BootSequence","floor":1.0},{"not_picked":["Undo","Redo"],"picked":"Streamline","floor":3.0},{"not_picked":["Turbo","Redo"],"picked":"Defragment","floor":5.0},{"not_picked":["Doom and Gloom","Rebound"],"picked":"Turbo","floor":8.0},{"not_picked":["Redo","Melter","Recycle"],"picked":"SKIP","floor":10.0},{"not_picked":["Recycle","Sweeping Beam"],"picked":"Beam Cell","floor":11.0},{"not_picked":["Echo Form","Blizzard"],"picked":"Consume","floor":14.0},{"not_picked":["Reboot","Core Surge"],"picked":"Electrodynamics","floor":16.0},{"not_picked":["Steam Power","Steam"],"picked":"Double Energy+1","floor":18.0},{"not_picked":["Leap","Hologram+1"],"picked":"Tempest+1","floor":22.0},{"not_picked":["Steam Power","Go for the Eyes"],"picked":"Self Repair+1","floor":24.0},{"not_picked":["Hologram","Cold Snap+1","Turbo"],"picked":"SKIP","floor":27.0},{"not_picked":["Blizzard","Sunder"],"picked":"Leap","floor":28.0},{"not_picked":["Redo","Cold Snap"],"picked":"Echo Form","floor":29.0},{"not_picked":["Go for the Eyes+1","Steam Power","Streamline"],"picked":"SKIP","floor":30.0},{"not_picked":["Hologram+1","Coolheaded"],"picked":"Storm","floor":31.0},{"not_picked":["Core Surge","Seek"],"picked":"Amplify","floor":33.0},{"not_picked":["Gash+1","Cold Snap+1"],"picked":"White Noise","floor":35.0},{"not_picked":["Compile Driver+1","FTL+1"],"picked":"Defragment","floor":37},{"not_picked":["Aggregate+1","Hologram+1"],"picked":"Ball Lightning+1","floor":39},{"not_picked":["Redo","Skim"],"picked":"Stack","floor":42},{"not_picked":["Double Energy+1","Ball Lightning"],"picked":"Go for the Eyes","floor":48},{"not_picked":["Go for the Eyes","BootSequence+1"],"picked":"Thunder Strike","floor":49}],"player_experience":1142890,"relics_obtained":[{"floor":9.0,"key":"PreservedInsect"},{"floor":26.0,"key":"Dream Catcher"},{"floor":43,"key":"Potion Belt"}],"event_choices":[{"damage_healed":0.0,"max_hp_gain":0.0,"max_hp_loss":0.0,"gold_gain":75.0,"event_name":"World of Goop","player_choice":"Gather Gold","floor":7.0,"gold_loss":0.0,"damage_taken":11.0},{"damage_healed":0.0,"max_hp_gain":0.0,"max_hp_loss":0.0,"gold_gain":0.0,"event_name":"Addict","player_choice":"Obtained Relic","floor":19.0,"gold_loss":85.0,"damage_taken":0.0,"relics_obtained":["Strawberry"]},{"damage_healed":0.0,"max_hp_gain":0.0,"max_hp_loss":0.0,"gold_gain":0.0,"event_name":"Beggar","player_choice":"Ignored","floor":20.0,"gold_loss":0.0,"damage_taken":0.0},{"damage_healed":0.0,"max_hp_gain":0.0,"max_hp_loss":0.0,"gold_gain":0.0,"event_name":"NoteForYourself","player_choice":"Ignored","floor":21.0,"gold_loss":0.0,"damage_taken":0.0},{"damage_healed":27,"gold_gain":0,"player_choice":"Full Heal","damage_taken":0,"max_hp_gain":0,"max_hp_loss":0,"event_name":"Wheel of Change","floor":38,"gold_loss":0},{"damage_healed":78,"gold_gain":0,"player_choice":"Heal","damage_taken":0,"max_hp_gain":0,"max_hp_loss":11,"event_name":"The Moai Head","floor":44,"gold_loss":0}],"is_beta":false,"boss_relics":[{"not_picked":["Snecko Eye","White Beast Statue"],"picked":"Cursed Key"},{"not_picked":["Busted Crown","Calling Bell","Coffee Dripper"]}],"items_purged_floors":[13,36],"is_endless":false,"potions_floor_spawned":[8,11,16,18,29,30,37,41],"ascension_level":1}