{"gold_per_floor":[114,289,289,289,289,289,319,329,356,29,49,63,78,97,97,199,199,216,216,20,30,50,50,82,82,82,93,104,104],"floor_reached":29,"playtime":2100,"items_purged":["Iron Wave"],"score":342,"play_id":"7d7fe15f-21db-4fda-8bbc-65bba09d063f","local_time":"20190303200010","is_ascension_mode":true,"campfire_choices":[{"data":"Armaments","floor":6,"key":"SMITH"},{"data":"Power Through","floor":15,"key":"SMITH"},{"floor":23,"key":"REST"},{"floor":25,"key":"REST"}],"neow_cost":"NONE","seed_source_timestamp":78875413192804,"circlet_count":0,"master_deck":["Strike_R","Strike_R","Strike_R+1","Strike_R","Strike_R","Defend_R","Defend_R+1","Defend_R","Defend_R","Bash","Armaments+1","Cleave","Power Through+1","Twin Strike","Shockwave","Disarm","True Grit","Demon Form","Rampage","Inflame","Flex","Heavy Blade","Entrench","Armaments","Body Slam"],"relics":["Burning Blood","NeowsBlessing","Calipers","Mercury Hourglass","Oddly Smooth Stone","Thread and Needle","Runic Cube","FossilizedHelix","Matryoshka"],"potions_floor_usage":[16,18,21],"damage_taken":[{"damage":0,"enemies":"2 Louse","floor":1,"turns":1},{"damage":0,"enemies":"Lagavulin","floor":7,"turns":1},{"damage":0,"enemies":"Small Slimes","floor":8,"turns":1},{"damage":0,"enemies":"Jaw Worm","floor":11,"turns":5},{"damage":0,"enemies":"2 Fungi Beasts","floor":12,"turns":2},{"damage":2,"enemies":"Large Slime","floor":13,"turns":6},{"damage":0,"enemies":"3 Louse","floor":14,"turns":3},{"damage":34,"enemies":"Slime Boss","floor":16,"turns":12},{"damage":38,"enemies":"Spheric Guardian","floor":18,"turns":6},{"damage":28,"enemies":"2 Thieves","floor":21,"turns":5},{"damage":16,"enemies":"Snecko","floor":22,"turns":5},{"damage":42,"enemies":"Book of Stabbing","floor":24,"turns":8},{"damage":27,"enemies":"Cultist and Chosen","floor":27,"turns":7},{"damage":16,"enemies":"Chosen and Byrds","floor":28,"turns":8},{"damage":18,"enemies":"Slavers","floor":29,"turns":2}],"seed_played":"5915506085712676218","potions_obtained":[{"floor":11,"key":"Regen Potion"},{"floor":13,"key":"Dexterity Potion"},{"floor":14,"key":"Explosive Potion"},{"floor":16,"key":"Ancient Potion"},{"floor":18,"key":"Dexterity Potion"},{"floor":28,"key":"EntropicBrew"}],"is_trial":false,"path_per_floor":["M","?","?","?","?","R","E","M","T","$","M","M","M","M","R","B",null,"M","?","$","M","M","R","E","R","T","M","M","E"],"character_chosen":"IRONCLAD","items_purchased":["Thread and Needle","Iron Wave","Inflame","Flex"],"campfire_rested":2,"item_purchase_floors":[10,10,20,20],"current_hp_per_floor":[80,80,73,78,61,61,67,73,73,73,79,85,85,85,85,57,85,53,53,53,45,35,60,24,49,49,28,18,0],"gold":104,"neow_bonus":"THREE_ENEMY_KILL","is_prod":false,"is_daily":false,"chose_seed":false,"campfire_upgraded":2,"win_rate":0,"timestamp":1551664810,"path_taken":["M","?","?","?","?","R","E","?","T","$","M","M","M","M","R","BOSS","M","?","$","M","M","R","E","R","T","M","M","E"],"build_version":"2019-01-23","purchased_purges":1,"victory":false,"max_hp_per_floor":[80,80,80,85,85,85,85,85,85,85,85,85,85,85,85,85,85,85,85,85,85,85,85,85,85,85,85,85,85],"card_choices":[{"not_picked":["Perfected Strike","Burning Pact"],"picked":"Armaments","floor":1},{"not_picked":["Havoc","Twin Strike"],"picked":"Cleave","floor":7},{"not_picked":["Blood for Blood","Evolve"],"picked":"Power Through","floor":8},{"not_picked":["Perfected Strike","Havoc"],"picked":"Twin Strike","floor":11},{"not_picked":["Cleave","Searing Blow"],"picked":"Shockwave","floor":12},{"not_picked":["Headbutt","Hemokinesis"],"picked":"Disarm","floor":13},{"not_picked":["Thunderclap","Corruption"],"picked":"True Grit","floor":14},{"not_picked":["Dark Embrace","Juggernaut"],"picked":"Demon Form","floor":16},{"not_picked":["Pummel","Cleave"],"picked":"Rampage","floor":18},{"not_picked":["True Grit","Infernal Blade+1"],"picked":"Heavy Blade","floor":21},{"not_picked":["Twin Strike","Sentinel","Cleave"],"picked":"SKIP","floor":22},{"not_picked":["Berserk","Perfected Strike"],"picked":"Entrench","floor":24},{"not_picked":["Wild Strike","Intimidate"],"picked":"Armaments","floor":27},{"not_picked":["Flex","Havoc+1"],"picked":"Body Slam","floor":28}],"player_experience":173791,"relics_obtained":[{"floor":7,"key":"Mercury Hourglass"},{"floor":9,"key":"Oddly Smooth Stone"},{"floor":24,"key":"FossilizedHelix"},{"floor":26,"key":"Matryoshka"}],"event_choices":[{"damage_healed":0,"gold_gain":175,"player_choice":"AGREE","damage_taken":0,"max_hp_gain":0,"max_hp_loss":0,"event_name":"Liars Game","floor":2,"gold_loss":0,"cards_obtained":["Doubt"]},{"damage_healed":0,"gold_gain":0,"player_choice":"Success","damage_taken":7,"relics_obtained":["Calipers"],"max_hp_gain":0,"max_hp_loss":0,"event_name":"Scrap Ooze","floor":3,"gold_loss":0},{"damage_healed":0,"gold_gain":0,"player_choice":"Donut","damage_taken":0,"max_hp_gain":5,"max_hp_loss":0,"event_name":"Big Fish","floor":4,"gold_loss":0},{"damage_healed":0,"gold_gain":0,"player_choice":"Entered Light","damage_taken":17,"max_hp_gain":0,"max_hp_loss":0,"event_name":"Shining Light","floor":5,"gold_loss":0,"cards_upgraded":["Strike_R","Defend_R"]},{"cards_removed":["Doubt"],"damage_healed":0,"gold_gain":0,"player_choice":"Elegance","damage_taken":0,"max_hp_gain":0,"max_hp_loss":0,"event_name":"Back to Basics","floor":19,"gold_loss":0}],"is_beta":false,"boss_relics":[{"not_picked":["Snecko Eye","White Beast Statue"],"picked":"Runic Cube"}],"items_purged_floors":[20],"is_endless":false,"potions_floor_spawned":[11,13,14,16,18,28],"killed_by":"Slavers","ascension_level":3}