{"gold_per_floor":[119,119,69,23,23,52,52,83,130,130,156,184,202,219,219,321,321,336,346,261,136,150,150,150,175,175,175,189,44,54,73,73,173,173,189,189,189,209,271,271,297,312,312,327,355,405,417,20,20,20],"floor_reached":51,"playtime":2506,"items_purged":["Strike_B","Dualcast","Strike_B"],"score":1332,"play_id":"c3d994eb-de42-444e-800d-c2e8ab6ef06d","local_time":"20181225030045","is_ascension_mode":true,"campfire_choices":[{"floor":7,"key":"REST"},{"floor":10,"key":"REST"},{"floor":15,"key":"REST"},{"floor":23,"key":"REST"},{"floor":32,"key":"REST"},{"floor":40,"key":"REST"},{"floor":49,"key":"REST"}],"neow_cost":"CURSE","seed_source_timestamp":33374874825349,"circlet_count":0,"master_deck":["AscendersBane","Strike_B","Defend_B+1","Defend_B","Defend_B","Zap","Go for the Eyes","Gash+1","BootSequence","Double Energy","Seek","Reprogram","Gash","Beam Cell","Melter","Beam Cell","Steam+1","Beam Cell","Gash+1","Gash+1","Gash+1","FTL+1","Steam","Gash","BootSequence"],"relics":["Cracked Core","Unceasing Top","Regal Pillow","Sundial","Vajra","Oddly Smooth Stone","Odd Mushroom","Fusion Hammer","Du-Vu Doll","Ancient Tea Set","Strawberry","White Beast Statue","SsserpentHead","Meat on the Bone","Singing Bowl","Centennial Puzzle","Frozen Eye"],"potions_floor_usage":[6,16,18,25,33,38,39,42,42,42,45,47,50],"damage_taken":[{"damage":3,"enemies":"Cultist","floor":1,"turns":4},{"damage":29,"enemies":"Lagavulin","floor":6,"turns":8},{"damage":41,"enemies":"Gremlin Nob","floor":8,"turns":5},{"damage":15,"enemies":"Lagavulin","floor":11,"turns":7},{"damage":10,"enemies":"The Mushroom Lair","floor":12,"turns":5},{"damage":0,"enemies":"2 Louse","floor":13,"turns":2},{"damage":2,"enemies":"Small Slimes","floor":14,"turns":3},{"damage":72,"enemies":"Hexaghost","floor":16,"turns":12},{"damage":9,"enemies":"Shell Parasite","floor":18,"turns":5},{"damage":0,"enemies":"3 Byrds","floor":19,"turns":5},{"damage":13,"enemies":"Snake Plant","floor":22,"turns":4},{"damage":9,"enemies":"Slavers","floor":25,"turns":5},{"damage":29,"enemies":"3 Cultists","floor":28,"turns":5},{"damage":0,"enemies":"Cultist and Chosen","floor":30,"turns":2},{"damage":13,"enemies":"Snake Plant","floor":31,"turns":3},{"damage":6,"enemies":"Automaton","floor":33,"turns":4},{"damage":0,"enemies":"Orb Walker","floor":35,"turns":2},{"damage":14,"enemies":"3 Darklings","floor":38,"turns":2},{"damage":0,"enemies":"Writhing Mass","floor":39,"turns":2},{"damage":0,"enemies":"Giant Head","floor":41,"turns":2},{"damage":0,"enemies":"Maw","floor":42,"turns":4},{"damage":0,"enemies":"Transient","floor":44,"turns":4},{"damage":29,"enemies":"Nemesis","floor":45,"turns":5},{"damage":3,"enemies":"4 Shapes","floor":47,"turns":6},{"damage":0,"enemies":"Donu and Deca","floor":50,"turns":3}],"seed_played":"8422499656510624398","potions_obtained":[{"floor":1,"key":"GamblersBrew"},{"floor":12,"key":"PowerPotion"},{"floor":18,"key":"Fruit Juice"},{"floor":22,"key":"GamblersBrew"},{"floor":25,"key":"Ancient Potion"},{"floor":31,"key":"Explosive Potion"},{"floor":35,"key":"FearPotion"},{"floor":38,"key":"SpeedPotion"},{"floor":39,"key":"Explosive Potion"},{"floor":41,"key":"EntropicBrew"},{"floor":42,"key":"Explosive Potion"},{"floor":45,"key":"SpeedPotion"},{"floor":47,"key":"Dexterity Potion"}],"is_trial":false,"path_per_floor":["M","?","?","$","?","E","R","E","T","R","E","?","M","M","R","B",null,"M","M","?","$","M","R","?","E","T","?","M","$","M","M","R","B",null,"M","?","?","M","M","R","E","M","T","M","E","?","M","$","R","B",null],"character_chosen":"DEFECT","items_purchased":["Gash","Gash","Beam Cell","Frozen Eye","BootSequence"],"campfire_rested":7,"item_purchase_floors":[4,21,29,48,48],"current_hp_per_floor":[65,70,70,70,54,25,64,23,23,62,47,37,37,35,74,2,61,57,57,57,57,44,84,84,75,82,82,60,60,67,61,92,92,92,92,92,92,78,78,92,92,92,92,94,67,67,66,66,93,93],"gold":20,"neow_bonus":"ONE_RARE_RELIC","is_prod":false,"is_daily":false,"chose_seed":false,"campfire_upgraded":0,"win_rate":0,"timestamp":1545714045,"path_taken":["M","?","?","$","?","E","R","E","T","R","E","?","?","M","R","BOSS","M","M","?","$","M","R","?","E","T","?","M","$","M","M","R","BOSS","M","?","?","M","?","R","E","M","T","M","E","?","M","$","R","BOSS"],"build_version":"2018-12-20","purchased_purges":3,"victory":true,"max_hp_per_floor":[75,80,80,80,80,80,80,80,80,80,80,80,80,80,80,80,80,85,85,85,85,85,85,85,85,92,92,92,92,92,92,92,92,92,92,92,92,92,92,92,92,92,92,94,96,91,93,93,93,93],"card_choices":[{"not_picked":["Redo","Undo"],"picked":"Go for the Eyes","floor":1},{"not_picked":["Barrage","Redo","Doom and Gloom"],"picked":"SKIP","floor":6},{"not_picked":["Skim","Barrage","Darkness"],"picked":"SKIP","floor":8},{"not_picked":["Rebound","Turbo"],"picked":"BootSequence","floor":11},{"not_picked":["Chaos","Steam Power","Darkness"],"picked":"SKIP","floor":13},{"not_picked":["Turbo","Consume"],"picked":"Double Energy","floor":14},{"not_picked":["Reboot","Creative AI"],"picked":"Seek","floor":16},{"not_picked":["Ball Lightning","Consume+1"],"picked":"Reprogram","floor":18},{"not_picked":["Undo","Stack","Hologram"],"picked":"SKIP","floor":19},{"not_picked":["Rebound","Sweeping Beam+1"],"picked":"Beam Cell","floor":22},{"not_picked":["Storm","Cold Snap"],"picked":"Self Repair","floor":25},{"not_picked":["Undo","Compile Driver+1"],"picked":"Steam+1","floor":28},{"not_picked":["Turbo+1","Defragment"],"picked":"Gash+1","floor":30},{"not_picked":["Tempest","Capacitor+1","Rainbow"],"picked":"SKIP","floor":31},{"not_picked":["Lockon","Coolheaded+1"],"picked":"Gash+1","floor":35},{"not_picked":["Scrape","Stack"],"picked":"Gash+1","floor":38},{"not_picked":["Rebound","Sunder+1"],"picked":"FTL+1","floor":39},{"not_picked":["Rainbow","White Noise"],"picked":"Steam","floor":41},{"not_picked":["Ball Lightning","Electrodynamics"],"picked":"Gash","floor":42},{"not_picked":["Heatsinks","Hologram+1","Leap+1"],"picked":"Singing Bowl","floor":44},{"not_picked":["Sweeping Beam","Cold Snap+1","Heatsinks"],"picked":"Singing Bowl","floor":45},{"not_picked":["Ball Lightning+1","Storm+1","Turbo"],"picked":"Singing Bowl","floor":47}],"player_experience":630521,"relics_obtained":[{"floor":6,"key":"Regal Pillow"},{"floor":8,"key":"Sundial"},{"floor":9,"key":"Vajra"},{"floor":11,"key":"Oddly Smooth Stone"},{"floor":12,"key":"Odd Mushroom"},{"floor":25,"key":"Ancient Tea Set"},{"floor":26,"key":"Strawberry"},{"floor":41,"key":"Meat on the Bone"},{"floor":43,"key":"Singing Bowl"},{"floor":45,"key":"Centennial Puzzle"}],"event_choices":[{"damage_healed":0,"gold_gain":0,"player_choice":"Donut","damage_taken":0,"max_hp_gain":5,"max_hp_loss":0,"event_name":"Big Fish","floor":2,"gold_loss":0},{"cards_removed":["Decay"],"damage_healed":0,"gold_gain":0,"player_choice":"Card Removal","damage_taken":0,"max_hp_gain":0,"max_hp_loss":0,"event_name":"The Cleric","floor":3,"gold_loss":50},{"damage_healed":0,"gold_gain":0,"player_choice":"Entered Light","damage_taken":16,"max_hp_gain":0,"max_hp_loss":0,"event_name":"Shining Light","floor":5,"gold_loss":0,"cards_upgraded":["Defend_B","Gash"]},{"damage_healed":0,"gold_gain":0,"player_choice":"Fought Mushrooms","damage_taken":0,"max_hp_gain":0,"max_hp_loss":0,"event_name":"Mushrooms","floor":12,"gold_loss":0},{"damage_healed":0,"gold_gain":0,"player_choice":"Obtained Relic","damage_taken":0,"relics_obtained":["Du-Vu Doll"],"max_hp_gain":0,"max_hp_loss":0,"event_name":"Addict","floor":20,"gold_loss":85},{"damage_healed":0,"gold_gain":0,"cards_transformed":["Strike_B","Defend_B"],"player_choice":"Became Test Subject","damage_taken":0,"max_hp_gain":0,"max_hp_loss":0,"event_name":"Drug Dealer","floor":24,"gold_loss":0,"cards_obtained":["Melter","Beam Cell"]},{"damage_healed":0,"gold_gain":0,"player_choice":"Ignored","damage_taken":0,"max_hp_gain":0,"max_hp_loss":0,"event_name":"Ghosts","floor":27,"gold_loss":0},{"cards_removed":["Self Repair"],"damage_healed":0,"gold_gain":0,"player_choice":"Removed Power","damage_taken":0,"max_hp_gain":0,"max_hp_loss":0,"event_name":"Falling","floor":36,"gold_loss":0},{"damage_healed":0,"gold_gain":0,"player_choice":"Trade","damage_taken":0,"relics_obtained":["SsserpentHead"],"max_hp_gain":0,"max_hp_loss":0,"event_name":"FaceTrader","floor":37,"gold_loss":0},{"damage_healed":0,"gold_gain":0,"player_choice":"Max HP","damage_taken":0,"max_hp_gain":0,"max_hp_loss":5,"event_name":"Winding Halls","floor":46,"gold_loss":0}],"is_beta":false,"boss_relics":[{"not_picked":["Nuclear Battery","Lizard Tail"],"picked":"Fusion Hammer"},{"not_picked":["Coffee Dripper","Tiny House"],"picked":"White Beast Statue"}],"items_purged_floors":[21,29,48],"is_endless":false,"potions_floor_spawned":[1,12,18,22,25,31,35,38,39,41,42,44,45,47],"ascension_level":11}