{"gold_per_floor":[19,39,214,14,30,63,63,63,86,86,97,132,146,204,204,304,304,318,336,336,48,54,83,83,38,38,60,72,106,116],"floor_reached":30,"playtime":2200,"items_purged":["Doubt","MasterSpark"],"score":329,"play_id":"b588b595-9b1e-4b85-b709-6aa298ecc8f5","local_time":"20190208200039","is_ascension_mode":true,"campfire_choices":[{"floor":7,"key":"REST"},{"data":"TreasureHunter","floor":10,"key":"SMITH"},{"floor":15,"key":"REST"},{"floor":24,"key":"REST"}],"neow_cost":"NO_GOLD","seed_source_timestamp":2162769702204,"circlet_count":0,"master_deck":["Strike_MRS","Strike_MRS","Strike_MRS","Strike_MRS","Defend_MRS","Defend_MRS","Defend_MRS","Defend_MRS","UpSweep","TreasureHunter+1","RefractionSpark","AsteroidBelt","Singularity","D6C","PowerUp","DragonMeteor","SuperNova","FinalSpark","DoubleSpark+1","OortCloud","OortCloud","DragonMeteor","NonDirectionalLaser","UnstableBomb","OortCloud","PowerUp+1","Singularity"],"relics":["MiniHakkero","Medical Kit","Sundial","Bag of Marbles","Oddly Smooth Stone","infinitespire:Satchel","Peace Pipe","infinitespire:Midas Blood","Tiny Chest","ReplayTheSpireMod:DimensionalGlitch","Replay:Wax Seal","ReplayTheSpireMod:Shallot","infinitespire:WardingShard","Replay:Accelerometer","Bandana","Happy Flower"],"potions_floor_usage":[16,16,22,23,23,29],"damage_taken":[{"damage":6,"enemies":"Jaw Worm","floor":1,"turns":3},{"damage":0,"enemies":"Cultist","floor":2,"turns":3},{"damage":0,"enemies":"Small Slimes","floor":5,"turns":4},{"damage":48,"enemies":"3 Sentries","floor":6,"turns":10},{"damage":4,"enemies":"Looter","floor":11,"turns":5},{"damage":6,"enemies":"Gremlin Nob","floor":12,"turns":3},{"damage":0,"enemies":"Exordium Wildlife","floor":13,"turns":1},{"damage":12,"enemies":"3 Sentries","floor":14,"turns":5},{"damage":22,"enemies":"Fading Forest","floor":16,"turns":11},{"damage":5,"enemies":"Chosen","floor":18,"turns":4},{"damage":14,"enemies":"Shell Parasite","floor":19,"turns":5},{"damage":15,"enemies":"Colosseum Slavers","floor":22,"turns":6},{"damage":24,"enemies":"Gremlin Leader","floor":23,"turns":9},{"damage":9,"enemies":"Centurion and Healer","floor":27,"turns":5},{"damage":0,"enemies":"Snecko","floor":28,"turns":5},{"damage":7,"enemies":"Nightmare","floor":29,"turns":13},{"damage":1,"enemies":"Shelled Parasite and Fungi","floor":30,"turns":5}],"seed_played":"-4181133817619507396","potions_obtained":[{"floor":11,"key":"Block Potion"},{"floor":12,"key":"Milkshake"},{"floor":13,"key":"Ancient Potion"},{"floor":16,"key":"Weak Potion"},{"floor":18,"key":"SkillPotion"},{"floor":23,"key":"Reflective Coating"},{"floor":27,"key":"FearPotion"}],"is_trial":false,"path_per_floor":["M","M","?","$","M","E","R","$","T","R","M","E","M","E","R","B",null,"M","M","?","$","?","E","R","$","T","M","M","NM","M"],"character_chosen":"MARISA","items_purchased":["Medical Kit","Replay:Wax Seal","OortCloud","DragonMeteor","UnstableBomb"],"campfire_rested":3,"item_purchase_floors":[4,21,21,21,25],"current_hp_per_floor":[69,69,69,69,69,21,43,43,43,43,39,33,33,21,43,31,75,70,56,56,56,41,17,39,39,39,30,30,23,22],"gold":116,"neow_bonus":"THREE_RARE_CARDS","is_prod":false,"is_daily":false,"chose_seed":false,"campfire_upgraded":1,"win_rate":0,"timestamp":1549663239,"path_taken":["M","M","?","$","M","E","R","?","T","R","?","E","M","E","R","BOSS","M","M","?","$","?","E","R","?","T","M","?","NM","M"],"build_version":"2019-01-23","purchased_purges":2,"victory":false,"max_hp_per_floor":[75,75,75,75,75,75,75,75,75,75,75,75,75,75,75,75,75,75,75,75,75,75,75,75,75,75,75,75,75,75],"card_choices":[{"not_picked":["MillisecondPulsars","SatelliteIllusion"],"picked":"TreasureHunter","floor":0},{"not_picked":["UnstableBomb","WitchOfGreed"],"picked":"RefractionSpark","floor":1},{"not_picked":["6A","GasGiant"],"picked":"AsteroidBelt","floor":2},{"not_picked":["UnstableBomb","MagicChant","LuminesStrike"],"picked":"SKIP","floor":5},{"not_picked":["MagicAbsorber","ManaConvection"],"picked":"Singularity","floor":6},{"not_picked":["SatelliteIllusion","OpenUniverse"],"picked":"D6C","floor":11},{"not_picked":["MeteoricShower","IllusionStar"],"picked":"PowerUp","floor":12},{"not_picked":["AsteroidBelt","WitchLeyline"],"picked":"DragonMeteor","floor":13},{"not_picked":["Robbery","6A"],"picked":"SuperNova","floor":14},{"not_picked":["CollectingQuirk","BinaryStars"],"picked":"FinalSpark","floor":16},{"not_picked":["WitchOfGreed+1","EventHorizon+1","EnergyRecoil"],"picked":"SKIP","floor":18},{"not_picked":["MysteriousBeam+1","IllusionStar"],"picked":"DoubleSpark+1","floor":19},{"not_picked":["LuminesStrike","MysteriousBeam"],"picked":"NonDirectionalLaser","floor":23},{"not_picked":["LuminesStrike","DarkSpark"],"picked":"OortCloud","floor":27},{"not_picked":["LuminesStrike","ManaConvection+1"],"picked":"PowerUp+1","floor":28},{"not_picked":["6A","MysteriousBeam"],"picked":"Singularity","floor":29}],"player_experience":740784,"relics_obtained":[{"floor":6,"key":"Sundial"},{"floor":6,"key":"Bag of Marbles"},{"floor":9,"key":"Oddly Smooth Stone"},{"floor":12,"key":"infinitespire:Satchel"},{"floor":12,"key":"Peace Pipe"},{"floor":14,"key":"infinitespire:Midas Blood"},{"floor":14,"key":"Tiny Chest"},{"floor":23,"key":"ReplayTheSpireMod:Shallot"},{"floor":23,"key":"infinitespire:WardingShard"},{"floor":26,"key":"Replay:Accelerometer"},{"floor":29,"key":"Bandana"},{"floor":29,"key":"Happy Flower"}],"event_choices":[{"damage_healed":0,"gold_gain":175,"player_choice":"AGREE","damage_taken":0,"max_hp_gain":0,"max_hp_loss":0,"event_name":"Liars Game","floor":3,"gold_loss":0,"cards_obtained":["Doubt"]},{"damage_healed":0,"gold_gain":0,"player_choice":"Fight","damage_taken":0,"max_hp_gain":0,"max_hp_loss":0,"event_name":"Colosseum","floor":22,"gold_loss":0},{"damage_healed":0,"gold_gain":0,"player_choice":"Fled From Nobs","damage_taken":0,"max_hp_gain":0,"max_hp_loss":0,"event_name":"Colosseum","floor":22,"gold_loss":0}],"is_beta":false,"boss_relics":[{"not_picked":["Philosopher\u0027s Stone","Lizard Tail"],"picked":"ReplayTheSpireMod:DimensionalGlitch"}],"items_purged_floors":[21,25],"is_endless":true,"potions_floor_spawned":[11,12,13,16,18,23,27],"killed_by":"Shelled Parasite and Fungi","ascension_level":1}