{"gold_per_floor":[112,125,144,144,144,174,139,190,190,224,237,268,68,80,80,183,183,202,218,238,138,138,17,17,17,42,42,77,96,96,107,107,211,211,221,221,221,191,204,204,222,222,245,114,114,133,83,96,96,96,96,96,46,77,77],"floor_reached":55,"playtime":4289,"items_purged":["Defend_G","Defend_G","Strike_G","Strike_G","Strike_G","Parasite"],"score":776,"play_id":"51ff5f60-19e0-4a0f-9469-99651e3192f6","local_time":"20190311195457","is_ascension_mode":true,"campfire_choices":[{"floor":15,"key":"REST"},{"data":"Skewer","floor":24,"key":"SMITH"},{"data":"After Image","floor":27,"key":"SMITH"},{"data":"Noxious Fumes","floor":30,"key":"SMITH"},{"floor":32,"key":"REST"},{"data":"A Thousand Cuts","floor":40,"key":"SMITH"},{"data":"Malaise","floor":42,"key":"SMITH"},{"data":"Caltrops","floor":45,"key":"SMITH"},{"floor":49,"key":"RECALL"},{"data":"Dodge and Roll","floor":52,"key":"SMITH"}],"neow_cost":"NONE","seed_source_timestamp":175695314631747,"circlet_count":0,"master_deck":["Defend_G+1","Defend_G+1","Defend_G+1","Strike_G","Strike_G","Survivor","Neutralize+1","Finisher","Deadly Poison+1","Skewer+1","Finisher","Die Die Die","Cloak And Dagger","Cloak And Dagger","Dodge and Roll+1","Malaise+1","Backflip","Noxious Fumes+1","Sucker Punch","Leg Sweep","After Image+1","Dash","Burst+1","A Thousand Cuts+1","Dodge and Roll+1","Backflip+1","Dramatic Entrance","Bouncing Flask+1","Caltrops+1","Footwork+1"],"relics":["Ring of the Snake","Smiling Mask","Blue Candle","War Paint","Question Card","Dodecahedron","Mercury Hourglass","Strawberry","Velvet Choker","Oddly Smooth Stone","Toxic Egg 2","Orrery","Sundial"],"potions_floor_usage":[16,16,20,28,46,50,50,50],"damage_taken":[{"damage":0,"enemies":"2 Louse","floor":1,"turns":4},{"damage":0,"enemies":"Cultist","floor":2,"turns":4},{"damage":0,"enemies":"Small Slimes","floor":3,"turns":3},{"damage":25,"enemies":"Gremlin Nob","floor":6,"turns":4},{"damage":21,"enemies":"3 Sentries","floor":10,"turns":9},{"damage":0,"enemies":"Exordium Wildlife","floor":11,"turns":2},{"damage":14,"enemies":"Gremlin Nob","floor":12,"turns":5},{"damage":0,"enemies":"Looter","floor":14,"turns":3},{"damage":0,"enemies":"Slime Boss","floor":16,"turns":9},{"damage":0,"enemies":"Spheric Guardian","floor":18,"turns":3},{"damage":0,"enemies":"Chosen","floor":19,"turns":4},{"damage":8,"enemies":"Snecko","floor":20,"turns":6},{"damage":8,"enemies":"Book of Stabbing","floor":28,"turns":7},{"damage":0,"enemies":"3 Cultists","floor":29,"turns":4},{"damage":0,"enemies":"Snake Plant","floor":31,"turns":6},{"damage":7,"enemies":"Champ","floor":33,"turns":16},{"damage":0,"enemies":"Orb Walker","floor":35,"turns":5},{"damage":0,"enemies":"3 Darklings","floor":39,"turns":5},{"damage":20,"enemies":"Jaw Worm Horde","floor":41,"turns":7},{"damage":9,"enemies":"Writhing Mass","floor":46,"turns":7},{"damage":0,"enemies":"Sphere and 2 Shapes","floor":48,"turns":6},{"damage":39,"enemies":"Time Eater","floor":50,"turns":15},{"damage":56,"enemies":"Shield and Spear","floor":54,"turns":7},{"damage":36,"enemies":"The Heart","floor":55,"turns":2}],"seed_played":"-8246859265911328299","potions_obtained":[{"floor":1,"key":"Ancient Potion"},{"floor":6,"key":"GamblersBrew"},{"floor":10,"key":"Explosive Potion"},{"floor":11,"key":"Dexterity Potion"},{"floor":16,"key":"PowerPotion"},{"floor":20,"key":"GhostInAJar"},{"floor":29,"key":"GamblersBrew"},{"floor":33,"key":"Poison Potion"},{"floor":38,"key":"Strength Potion"},{"floor":38,"key":"Dexterity Potion"},{"floor":46,"key":"EssenceOfSteel"}],"is_trial":false,"path_per_floor":["M","M","M","?","?","E","?","T","T","E","M","E","$","M","R","B",null,"M","M","M","$","?","$","R","?","T","R","E","M","R","M","R","B",null,"M","?","?","?","M","R","M","R","T","$","R","M","$","M","R","B",null,"R","$","E","B"],"character_chosen":"THE_SILENT","items_purchased":["Strawberry","Sucker Punch","After Image","Caltrops"],"campfire_rested":2,"item_purchase_floors":[13,21,23,44],"current_hp_per_floor":[70,70,70,67,53,28,45,45,45,24,24,10,17,17,40,40,77,77,77,69,69,69,69,69,55,55,55,47,47,47,47,71,64,82,82,82,78,78,78,78,58,58,58,58,58,49,49,49,49,10,78,78,75,19,0],"gold":77,"neow_bonus":"UPGRADE_CARD","is_prod":false,"is_daily":false,"chose_seed":false,"campfire_upgraded":7,"win_rate":0,"timestamp":1552330497,"path_taken":["M","M","M","?","?","E","?","?","T","E","M","E","?","M","R","BOSS","M","M","?","$","?","$","R","?","T","R","E","M","R","M","R","BOSS","M","?","?","?","M","R","?","R","T","$","R","M","?","M","R","BOSS","R","$","E","BOSS"],"build_version":"2019-01-23","purchased_purges":6,"victory":false,"max_hp_per_floor":[70,70,70,70,70,70,70,70,70,70,70,70,77,77,77,77,77,77,77,77,77,77,77,77,82,82,82,82,82,82,82,82,82,82,82,82,78,78,78,78,78,78,78,78,78,78,78,78,78,78,78,78,75,75,75],"card_choices":[{"not_picked":["Choke","Quick Slash"],"picked":"Finisher","floor":1},{"not_picked":["Poisoned Stab","Backflip"],"picked":"Deadly Poison","floor":2},{"not_picked":["Backflip","Prepared"],"picked":"Skewer","floor":3},{"not_picked":["Dodge and Roll","Deflect"],"picked":"Finisher","floor":6},{"not_picked":["Slice","Blade Dance","Bane"],"picked":"Die Die Die","floor":10},{"not_picked":["Slice","Outmaneuver","Acrobatics"],"picked":"Cloak And Dagger","floor":11},{"not_picked":["Caltrops","Deadly Poison","Sucker Punch"],"picked":"Cloak And Dagger","floor":12},{"not_picked":["Deflect","Setup","Heel Hook"],"picked":"Dodge and Roll","floor":14},{"not_picked":["Die Die Die","Envenom","Venomology"],"picked":"Malaise","floor":16},{"not_picked":["Poisoned Stab","Expertise","Underhanded Strike"],"picked":"Backflip","floor":18},{"not_picked":["Poisoned Stab","Crippling Poison","Prepared+1"],"picked":"Noxious Fumes","floor":19},{"not_picked":["Escape Plan","Poisoned Stab","Dagger Throw","Cloak And Dagger+1"],"picked":"SKIP","floor":20},{"not_picked":["Tools of the Trade","Flying Knee","Poisoned Stab","Masterful Stab"],"picked":"SKIP","floor":28},{"not_picked":["Deadly Poison+1","Skewer+1","Slice"],"picked":"Dash","floor":29},{"not_picked":["Quick Slash","Underhanded Strike","Blade Dance+1"],"picked":"Burst+1","floor":31},{"not_picked":["Wraith Form v2","Night Terror+1","Glass Knife"],"picked":"A Thousand Cuts","floor":33},{"not_picked":["Dagger Throw+1","Infinite Blades+1","Underhanded Strike"],"picked":"Dodge and Roll+1","floor":34},{"not_picked":["Poisoned Stab","Outmaneuver+1","Skewer"],"picked":"Backflip+1","floor":34},{"not_picked":["Infinite Blades+1","Quick Slash+1","Tactician+1","Prepared+1"],"picked":"SKIP","floor":35},{"not_picked":["Sadistic Nature","HandOfGreed","Transmutation+1"],"picked":"Dramatic Entrance","floor":36},{"not_picked":["Backflip+1","Slice+1","Acrobatics+1","Heel Hook+1"],"picked":"SKIP","floor":39},{"not_picked":["Flechettes","Finisher+1","Dagger Throw+1"],"picked":"Bouncing Flask+1","floor":41},{"not_picked":["Flying Knee+1","Outmaneuver+1","Escape Plan+1","Bane+1"],"picked":"SKIP","floor":46},{"not_picked":["Blade Dance+1","Dagger Spray+1","Backflip+1","Eviscerate"],"picked":"SKIP","floor":48},{"not_picked":["Endless Agony","Poisoned Stab+1","Bouncing Flask+1"],"picked":"Footwork+1","floor":54}],"player_experience":179814,"relics_obtained":[{"floor":6,"key":"Blue Candle"},{"floor":8,"key":"War Paint"},{"floor":9,"key":"Question Card"},{"floor":10,"key":"Dodecahedron"},{"floor":12,"key":"Mercury Hourglass"},{"floor":26,"key":"Oddly Smooth Stone"},{"floor":28,"key":"Toxic Egg 2"},{"floor":54,"key":"Sundial"}],"event_choices":[{"damage_healed":0,"gold_gain":0,"player_choice":"Success","damage_taken":3,"relics_obtained":["Smiling Mask"],"max_hp_gain":0,"max_hp_loss":0,"event_name":"Scrap Ooze","floor":4,"gold_loss":0},{"damage_healed":0,"gold_gain":0,"player_choice":"Entered Light","damage_taken":14,"max_hp_gain":0,"max_hp_loss":0,"event_name":"Shining Light","floor":5,"gold_loss":0,"cards_upgraded":["Defend_G","Defend_G"]},{"damage_healed":17,"gold_gain":0,"player_choice":"Healed","damage_taken":0,"max_hp_gain":0,"max_hp_loss":0,"event_name":"The Cleric","floor":7,"gold_loss":35},{"damage_healed":0,"gold_gain":0,"player_choice":"Read","damage_taken":0,"max_hp_gain":0,"max_hp_loss":0,"event_name":"The Library","floor":22,"gold_loss":0,"cards_obtained":["Leg Sweep"]},{"damage_healed":0,"gold_gain":0,"player_choice":"Shed Blood","damage_taken":19,"max_hp_gain":5,"max_hp_loss":0,"event_name":"Forgotten Altar","floor":25,"gold_loss":0},{"damage_healed":0,"gold_gain":0,"player_choice":"Memory 1","damage_taken":0,"max_hp_gain":0,"max_hp_loss":0,"event_name":"SensoryStone","floor":36,"gold_loss":0},{"damage_healed":0,"gold_gain":0,"player_choice":"Max HP","damage_taken":0,"max_hp_gain":0,"max_hp_loss":4,"event_name":"Winding Halls","floor":37,"gold_loss":0},{"damage_healed":0,"gold_gain":0,"player_choice":"Bought 2 Potions","damage_taken":0,"max_hp_gain":0,"max_hp_loss":0,"event_name":"The Woman in Blue","floor":38,"gold_loss":0}],"is_beta":false,"boss_relics":[{"not_picked":["Fusion Hammer","WristBlade"],"picked":"Velvet Choker"},{"not_picked":["Runic Pyramid","Lizard Tail"],"picked":"Orrery"}],"items_purged_floors":[13,21,23,44,47,53],"is_endless":false,"potions_floor_spawned":[1,6,10,11,16,20,29,33,41,46],"killed_by":"The Heart","ascension_level":2}