{"gold_per_floor":[20,20,32,32,52,52,52,2,2,19,45,45,58,72,72,167,167,183,98,98,118,134,134,144,158,158,158,68,68,82,95,95,195,195,208,64,76,76,23,43,43],"floor_reached":41,"playtime":1868,"items_purged":[],"score":619,"play_id":"601d6b1e-a595-4d83-b57c-934f02025b99","local_time":"20190102183754","is_ascension_mode":true,"campfire_choices":[{"data":"Fission","floor":6.0,"key":"SMITH"},{"floor":15.0,"key":"REST"},{"floor":23.0,"key":"REST"},{"floor":27.0,"key":"REST"},{"data":"Hologram","floor":29.0,"key":"SMITH"},{"floor":32.0,"key":"REST"}],"neow_cost":"NO_GOLD","seed_source_timestamp":0,"circlet_count":0,"master_deck":["AscendersBane","Strike_B","Strike_B","Strike_B","Defend_B","Defend_B","Zap","Dualcast","Fission+1","Hologram+1","Auto Shields+1","Leap","Rip and Tear+1","Core Surge","Go for the Eyes","Echo Form","Hologram","Machine Learning","Go for the Eyes","Buffer","Conserve Battery","Coolheaded","Force Field","Hologram","Stack","Impatience","Thinking Ahead","Flash of Steel","Cold Snap","Stack+1"],"special_seed":0,"relics":["Cracked Core","Anchor","Mercury Hourglass","Cursed Key","Bag of Preparation","Kunai","Orrery","DataDisk"],"potions_floor_usage":[41,41],"damage_taken":[{"damage":6.0,"enemies":"2 Louse","floor":1.0,"turns":3.0},{"damage":2.0,"enemies":"Small Slimes","floor":3.0,"turns":3.0},{"damage":0.0,"enemies":"Jaw Worm","floor":5.0,"turns":3.0},{"damage":0.0,"enemies":"2 Fungi Beasts","floor":10.0,"turns":2.0},{"damage":3.0,"enemies":"Exordium Thugs","floor":13.0,"turns":4.0},{"damage":11.0,"enemies":"Exordium Wildlife","floor":14.0,"turns":4.0},{"damage":18.0,"enemies":"The Guardian","floor":16.0,"turns":13.0},{"damage":21.0,"enemies":"3 Byrds","floor":18.0,"turns":5.0},{"damage":0.0,"enemies":"Shell Parasite","floor":21.0,"turns":4.0},{"damage":11.0,"enemies":"Shelled Parasite and Fungi","floor":22.0,"turns":5.0},{"damage":0.0,"enemies":"3 Cultists","floor":24.0,"turns":5.0},{"damage":18.0,"enemies":"Centurion and Healer","floor":25.0,"turns":6.0},{"damage":2.0,"enemies":"Sentry and Sphere","floor":30.0,"turns":3.0},{"damage":9.0,"enemies":"Shelled Parasite and Fungi","floor":31.0,"turns":5.0},{"damage":36.0,"enemies":"Champ","floor":33.0,"turns":12.0},{"damage":0,"enemies":"Orb Walker","floor":35,"turns":5},{"damage":6,"enemies":"3 Shapes","floor":37,"turns":6},{"damage":0,"enemies":"Jaw Worm Horde","floor":40,"turns":7},{"damage":56,"enemies":"Reptomancer","floor":41,"turns":4}],"seed_played":"5612573822241610973","potions_obtained":[{"floor":10.0,"key":"Weak Potion"},{"floor":13.0,"key":"SteroidPotion"},{"floor":20.0,"key":"SkillPotion"},{"floor":20.0,"key":"AttackPotion"},{"floor":30.0,"key":"Poison Potion"},{"floor":33.0,"key":"Fire Potion"},{"floor":37,"key":"Energy Potion"},{"floor":40,"key":"FocusPotion"}],"is_trial":false,"path_per_floor":["M","?","M","?","M","R","?","?","T","M","T","?","M","M","R","B",null,"M","?","?","M","M","R","M","M","T","R","?","R","M","M","R","B",null,"M","$","M","?","$","M","E"],"character_chosen":"DEFECT","items_purchased":["DataDisk","Cold Snap"],"campfire_rested":4,"item_purchase_floors":[36,39],"current_hp_per_floor":[62,55,53,50,50,50,50,50,50,50,50,50,47,36,58,40,66,45,45,45,45,34,56,56,38,38,60,60,60,58,49,71,35,65,65,65,59,49,49,49,0],"gold":43,"neow_bonus":"THREE_RARE_CARDS","is_prod":false,"is_daily":false,"chose_seed":false,"campfire_upgraded":2,"win_rate":0,"timestamp":1546461474,"path_taken":["M","?","M","?","M","R","?","?","T","?","?","?","?","M","R","BOSS","M","?","?","?","M","R","M","M","T","R","?","R","M","M","R","BOSS","M","$","M","?","$","M","E"],"build_version":"2018-12-20","purchased_purges":0,"victory":false,"max_hp_per_floor":[75,75,75,75,75,75,75,75,75,75,75,75,75,75,75,75,75,75,75,75,75,75,75,75,75,75,75,75,75,75,75,75,75,75,75,75,75,75,75,75,75],"card_choices":[{"not_picked":["Machine Learning","Rainbow"],"picked":"Fission","floor":0.0},{"not_picked":["Redo","Gash"],"picked":"Hologram","floor":1.0},{"not_picked":["Gash","Coolheaded"],"picked":"Auto Shields","floor":3.0},{"not_picked":["Force Field","Static Discharge"],"picked":"Leap","floor":5.0},{"not_picked":["Coolheaded","Reinforced Body"],"picked":"Rip and Tear","floor":10.0},{"not_picked":["Skim","Tempest"],"picked":"Core Surge","floor":13.0},{"not_picked":["Double Energy","Chaos"],"picked":"Go for the Eyes","floor":14.0},{"not_picked":["Reboot","Hyperbeam"],"picked":"Echo Form","floor":16.0},{"not_picked":["Leap+1","Beam Cell+1"],"picked":"Hologram","floor":18.0},{"not_picked":["Leap","Hello World","Redo+1"],"picked":"SKIP","floor":21.0},{"not_picked":["Sweeping Beam","Leap","Rip and Tear"],"picked":"SKIP","floor":22.0},{"not_picked":["Compile Driver","Rebound","Sunder"],"picked":"SKIP","floor":24.0},{"not_picked":["Barrage","Undo+1"],"picked":"Machine Learning","floor":25.0},{"not_picked":["Streamline","Undo","Compile Driver+1"],"picked":"SKIP","floor":30.0},{"not_picked":["Rebound","Heatsinks"],"picked":"Go for the Eyes","floor":31.0},{"not_picked":["Creative AI","Thunder Strike"],"picked":"Buffer","floor":33.0},{"not_picked":["Sweeping Beam","Redo"],"picked":"Conserve Battery","floor":34},{"not_picked":["Compile Driver","Redo"],"picked":"Coolheaded","floor":34},{"not_picked":["Steam+1","Beam Cell"],"picked":"Force Field","floor":34},{"not_picked":["Barrage","Coolheaded"],"picked":"Hologram","floor":34},{"not_picked":["Gash","Sweeping Beam"],"picked":"Stack","floor":34},{"not_picked":["Meteor Strike","Hello World","Stack"],"picked":"SKIP","floor":35},{"not_picked":["Conserve Battery","Barrage","Heatsinks"],"picked":"SKIP","floor":37},{"not_picked":["Discovery","Finesse"],"picked":"Impatience","floor":38},{"not_picked":["Impatience","Transmutation"],"picked":"Thinking Ahead","floor":38},{"not_picked":["Sadistic Nature","Trip"],"picked":"Flash of Steel","floor":38},{"not_picked":["Leap+1","Beam Cell"],"picked":"Stack+1","floor":40}],"player_experience":660462,"relics_obtained":[{"floor":9.0,"key":"Mercury Hourglass"},{"floor":26.0,"key":"Kunai"}],"event_choices":[{"cards_removed":["Defend_B"],"damage_healed":0.0,"max_hp_gain":0.0,"max_hp_loss":0.0,"gold_gain":0.0,"event_name":"Golden Wing","player_choice":"Card Removal","floor":2.0,"gold_loss":0.0,"damage_taken":7.0},{"damage_healed":0.0,"max_hp_gain":0.0,"max_hp_loss":0.0,"gold_gain":0.0,"event_name":"Scrap Ooze","player_choice":"Success","floor":4.0,"gold_loss":0.0,"damage_taken":3.0,"relics_obtained":["Anchor"]},{"cards_removed":["Defend_B"],"damage_healed":0.0,"max_hp_gain":0.0,"max_hp_loss":0.0,"gold_gain":0.0,"event_name":"Living Wall","player_choice":"Forget","floor":7.0,"gold_loss":0.0,"damage_taken":0.0},{"cards_removed":["Strike_B"],"damage_healed":0.0,"max_hp_gain":0.0,"max_hp_loss":0.0,"gold_gain":0.0,"event_name":"The Cleric","player_choice":"Card Removal","floor":8.0,"gold_loss":50.0,"damage_taken":0.0},{"damage_healed":0.0,"max_hp_gain":0.0,"max_hp_loss":0.0,"gold_gain":0.0,"event_name":"Accursed Blacksmith","player_choice":"Forge","floor":12.0,"gold_loss":0.0,"damage_taken":0.0,"cards_upgraded":["Rip and Tear"]},{"damage_healed":0.0,"max_hp_gain":0.0,"max_hp_loss":0.0,"gold_gain":0.0,"event_name":"Addict","player_choice":"Obtained Relic","floor":19.0,"gold_loss":85.0,"damage_taken":0.0,"relics_obtained":["Bag of Preparation"]},{"damage_healed":0.0,"max_hp_gain":0.0,"max_hp_loss":0.0,"gold_gain":0.0,"event_name":"Lab","player_choice":"Got Potions","floor":20.0,"gold_loss":0.0,"damage_taken":0.0},{"cards_removed":["Injury"],"damage_healed":0.0,"max_hp_gain":0.0,"max_hp_loss":0.0,"gold_gain":0.0,"event_name":"Designer","player_choice":"Upgrade and Remove","floor":28.0,"gold_loss":90.0,"damage_taken":0.0,"cards_upgraded":["Auto Shields"]},{"damage_healed":0,"gold_gain":0,"player_choice":"Memory 3","damage_taken":10,"max_hp_gain":0,"max_hp_loss":0,"event_name":"SensoryStone","floor":38,"gold_loss":0}],"is_beta":false,"boss_relics":[{"not_picked":["Inserter","Tiny House"],"picked":"Cursed Key"},{"not_picked":["Velvet Choker","Sozu"],"picked":"Orrery"}],"items_purged_floors":[],"is_endless":false,"potions_floor_spawned":[10,13,22,24,30,33,37,40],"killed_by":"Reptomancer","ascension_level":12}