{"gold_per_floor":[116,127,202,202,221,246,246,258,258,283,283,317,367,385,385,461,461,481,42,60,75,75,75,90,109,109,123,123,73,89,34,34,110,110,123,123,123,0,0,0,29,45,98,112,129,140,140,50,50,50],"floor_reached":51,"playtime":2141,"items_purged":["Injury"],"score":1268,"play_id":"b0a73d42-3e8b-42ff-aaf0-8a4bc9664d78","local_time":"20190301100157","is_ascension_mode":true,"campfire_choices":[{"data":"Armaments","floor":7,"key":"SMITH"},{"floor":11,"key":"REST"},{"data":"Armaments","floor":15,"key":"SMITH"},{"floor":23,"key":"REST"},{"floor":32,"key":"REST"},{"floor":40,"key":"REST"},{"floor":47,"key":"REST"},{"floor":49,"key":"REST"}],"neow_cost":"NONE","seed_source_timestamp":3591170512847,"circlet_count":0,"master_deck":["AscendersBane","Strike_R","Strike_R","Strike_R","Defend_R","Defend_R","Defend_R","Defend_R","Bash","Immolate","Armaments+1","Anger","Shockwave","Shrug It Off","Flame Barrier","Armaments+1","Warcry","Feed","Dropkick","Limit Break","Pommel Strike","Metallicize","Necronomicurse","Feel No Pain","Fiend Fire","Limit Break","Madness","Madness+1","Fire Breathing+1","Heavy Blade+1","Seeing Red","Offering"],"relics":["Burning Blood","Bag of Marbles","Smiling Mask","Shuriken","Mummified Hand","Runic Pyramid","Vajra","Necronomicon","Letter Opener","Mango","Fusion Hammer","Red Mask","PreservedInsect","Orichalcum"],"potions_floor_usage":[10,10,20,27,33,35,41,42,50],"damage_taken":[{"damage":0,"enemies":"Small Slimes","floor":1,"turns":2},{"damage":1,"enemies":"Cultist","floor":2,"turns":3},{"damage":0,"enemies":"2 Louse","floor":5,"turns":1},{"damage":13,"enemies":"Gremlin Nob","floor":6,"turns":3},{"damage":9,"enemies":"Exordium Thugs","floor":8,"turns":2},{"damage":7,"enemies":"3 Sentries","floor":10,"turns":4},{"damage":23,"enemies":"Gremlin Nob","floor":12,"turns":5},{"damage":0,"enemies":"Exordium Wildlife","floor":14,"turns":1},{"damage":33,"enemies":"The Guardian","floor":16,"turns":13},{"damage":13,"enemies":"Shell Parasite","floor":18,"turns":7},{"damage":19,"enemies":"3 Byrds","floor":20,"turns":5},{"damage":23,"enemies":"Centurion and Healer","floor":21,"turns":6},{"damage":9,"enemies":"Cultist and Chosen","floor":24,"turns":5},{"damage":0,"enemies":"Snecko","floor":25,"turns":3},{"damage":28,"enemies":"Shelled Parasite and Fungi","floor":27,"turns":8},{"damage":1,"enemies":"Centurion and Healer","floor":30,"turns":3},{"damage":76,"enemies":"Automaton","floor":33,"turns":9},{"damage":4,"enemies":"3 Shapes","floor":35,"turns":5},{"damage":52,"enemies":"Giant Head","floor":41,"turns":7},{"damage":20,"enemies":"3 Darklings","floor":42,"turns":5},{"damage":4,"enemies":"Spire Growth","floor":44,"turns":3},{"damage":7,"enemies":"Sphere and 2 Shapes","floor":45,"turns":4},{"damage":34,"enemies":"4 Shapes","floor":46,"turns":3},{"damage":97,"enemies":"Donu and Deca","floor":50,"turns":9}],"seed_played":"-3023924234381118090","potions_obtained":[{"floor":1,"key":"SkillPotion"},{"floor":5,"key":"Explosive Potion"},{"floor":16,"key":"Poison Potion"},{"floor":25,"key":"EssenceOfSteel"},{"floor":27,"key":"Explosive Potion"},{"floor":30,"key":"Strength Potion"},{"floor":33,"key":"Fire Potion"},{"floor":35,"key":"Poison Potion"},{"floor":41,"key":"Poison Potion"},{"floor":46,"key":"Poison Potion"}],"is_trial":false,"path_per_floor":["M","M","?","?","M","E","R","M","T","E","R","E","?","M","R","B",null,"M","$","M","M","?","R","M","M","T","M","?","$","M","?","R","B",null,"M","?","?","?","?","R","E","M","T","M","M","M","R","$","R","B",null],"character_chosen":"IRONCLAD","items_purchased":["Vajra","Limit Break","FairyPotion","Offering"],"campfire_rested":6,"item_purchase_floors":[19,19,19,48],"current_hp_per_floor":[74,75,64,64,70,63,63,60,60,59,75,58,58,64,64,37,66,63,63,54,41,20,46,46,52,52,33,33,33,38,52,84,14,84,89,69,69,69,69,102,60,46,46,51,53,25,61,61,97,21],"gold":50,"neow_bonus":"ONE_RANDOM_RARE_CARD","is_prod":false,"is_daily":false,"chose_seed":false,"campfire_upgraded":2,"win_rate":0,"timestamp":1551470517,"path_taken":["M","M","?","?","?","E","R","M","T","E","R","E","?","M","R","BOSS","M","$","M","M","?","R","M","M","T","M","?","$","?","?","R","BOSS","M","?","?","?","?","R","E","M","T","M","M","?","R","$","R","BOSS"],"build_version":"2019-01-23","purchased_purges":1,"victory":true,"max_hp_per_floor":[75,75,75,75,75,75,75,75,75,75,75,75,75,75,75,75,75,79,79,83,87,87,87,90,90,90,93,93,93,93,107,107,107,107,110,110,110,110,110,110,114,114,114,117,120,120,120,120,120,123],"card_choices":[{"not_picked":["Fire Breathing","Sever Soul","Rupture"],"picked":"SKIP","floor":1},{"not_picked":["Twin Strike","Anger"],"picked":"Armaments","floor":2},{"not_picked":["Warcry","Sentinel"],"picked":"Anger","floor":5},{"not_picked":["Heavy Blade","Demon Form"],"picked":"Shockwave","floor":6},{"not_picked":["Pommel Strike","Twin Strike"],"picked":"Shrug It Off","floor":8},{"not_picked":["Perfected Strike","Carnage"],"picked":"Flame Barrier","floor":10},{"not_picked":["Warcry","Perfected Strike"],"picked":"Armaments","floor":12},{"not_picked":["Sever Soul","Iron Wave"],"picked":"Warcry","floor":14},{"not_picked":["Immolate","Brutality"],"picked":"Feed","floor":16},{"not_picked":["Clash","Wild Strike"],"picked":"Dropkick","floor":18},{"not_picked":["Feel No Pain","Twin Strike"],"picked":"Pommel Strike","floor":20},{"not_picked":["Warcry","True Grit"],"picked":"Metallicize","floor":21},{"not_picked":["Bloodletting","Warcry","Infernal Blade"],"picked":"SKIP","floor":24},{"not_picked":["Perfected Strike","Pommel Strike","Anger"],"picked":"SKIP","floor":25},{"not_picked":["Havoc","Evolve"],"picked":"Feel No Pain","floor":27},{"not_picked":["Entrench","Wild Strike","Second Wind"],"picked":"SKIP","floor":30},{"not_picked":["Immolate","Juggernaut"],"picked":"Limit Break","floor":33},{"not_picked":["Pommel Strike+1","Cleave","Twin Strike+1"],"picked":"SKIP","floor":35},{"not_picked":["Rage","Thunderclap"],"picked":"Fire Breathing+1","floor":41},{"not_picked":["Evolve","Armaments","Corruption"],"picked":"SKIP","floor":42},{"not_picked":["Thunderclap","Shrug It Off"],"picked":"Heavy Blade+1","floor":44},{"not_picked":["Clash","Cleave","Warcry+1"],"picked":"SKIP","floor":45},{"not_picked":["Hemokinesis","Perfected Strike"],"picked":"Seeing Red","floor":46}],"player_experience":481278,"relics_obtained":[{"floor":6,"key":"Bag of Marbles"},{"floor":9,"key":"Smiling Mask"},{"floor":10,"key":"Shuriken"},{"floor":12,"key":"Mummified Hand"},{"floor":22,"key":"Necronomicon"},{"floor":26,"key":"Letter Opener"},{"floor":41,"key":"PreservedInsect"},{"floor":43,"key":"Orichalcum"}],"event_choices":[{"damage_healed":0,"gold_gain":75,"player_choice":"Gather Gold","damage_taken":11,"max_hp_gain":0,"max_hp_loss":0,"event_name":"World of Goop","floor":3,"gold_loss":0},{"cards_removed":["Strike_R"],"damage_healed":0,"gold_gain":0,"player_choice":"Purged","damage_taken":0,"max_hp_gain":0,"max_hp_loss":0,"event_name":"Purifier","floor":4,"gold_loss":0},{"damage_healed":0,"gold_gain":50,"player_choice":"Pray","damage_taken":0,"max_hp_gain":0,"max_hp_loss":0,"event_name":"Golden Shrine","floor":13,"gold_loss":0},{"damage_healed":0,"gold_gain":0,"player_choice":"Obtained Book","damage_taken":21,"max_hp_gain":0,"max_hp_loss":0,"event_name":"Cursed Tome","floor":22,"gold_loss":0},{"damage_healed":0,"gold_gain":0,"player_choice":"2 cards matched","damage_taken":0,"max_hp_gain":0,"max_hp_loss":0,"event_name":"Match and Keep!","floor":28,"gold_loss":0,"cards_obtained":["Fiend Fire","Injury"]},{"damage_healed":0,"gold_gain":0,"player_choice":"Paid Gold","damage_taken":0,"relics_obtained":["Mango"],"max_hp_gain":0,"max_hp_loss":0,"event_name":"WeMeetAgain","floor":31,"gold_loss":55},{"damage_healed":0,"gold_gain":0,"player_choice":"Embrace Madness","damage_taken":20,"max_hp_gain":0,"max_hp_loss":0,"event_name":"Winding Halls","floor":36,"gold_loss":0,"cards_obtained":["Madness","Madness"]},{"cards_removed":["Strike_R"],"damage_healed":0,"gold_gain":0,"player_choice":"Removed Attack","damage_taken":0,"max_hp_gain":0,"max_hp_loss":0,"event_name":"Falling","floor":37,"gold_loss":0},{"damage_healed":0,"gold_gain":0,"player_choice":"Paid","damage_taken":0,"relics_obtained":["Red Mask"],"max_hp_gain":0,"max_hp_loss":0,"event_name":"Tomb of Lord Red Mask","floor":38,"gold_loss":123},{"damage_healed":0,"gold_gain":0,"player_choice":"Forge","damage_taken":0,"max_hp_gain":0,"max_hp_loss":0,"event_name":"Accursed Blacksmith","floor":39,"gold_loss":0,"cards_upgraded":["Madness"]}],"is_beta":false,"boss_relics":[{"not_picked":["Black Blood","Astrolabe"],"picked":"Runic Pyramid"},{"not_picked":["Lizard Tail","Coffee Dripper"],"picked":"Fusion Hammer"}],"items_purged_floors":[29],"is_endless":false,"potions_floor_spawned":[1,5,8,16,25,27,30,33,35,41,46],"ascension_level":16}