{"gold_per_floor":[109,120,15,15,33,33,33,48,48,8,22,42,77,87,87,188,188,201,201,219,232,250,284,284,11,11,11,28,28,28,43,43,143,143,160,10,24,37,57,57,71,98,145,145,164,183,196,207,207,207,207,207,7,37,37],"floor_reached":56,"playtime":7054,"items_purged":["Writhe","Strike_B"],"score":1404,"play_id":"19e04a79-3d14-46c3-a33a-8cb4069c69bf","local_time":"20190310194125","is_ascension_mode":false,"campfire_choices":[{"data":"White Noise","floor":6.0,"key":"SMITH"},{"floor":15.0,"key":"REST"},{"floor":24,"key":"RECALL"},{"floor":27,"key":"REST"},{"floor":30,"key":"REST"},{"data":"Defragment","floor":32,"key":"SMITH"},{"floor":40,"key":"REST"},{"floor":49,"key":"REST"},{"data":"Seek","floor":52,"key":"SMITH"}],"neow_cost":"CURSE","seed_source_timestamp":822635401393408,"circlet_count":0,"master_deck":["Defend_B","Defend_B","Defend_B","Defend_B","Zap","Dualcast","Buffer+1","Consume+1","Ball Lightning","Glacier","White Noise+1","Glacier","Defragment","Loop","Cold Snap","Aggregate","Ball Lightning","Seek+1","Machine Learning+1","Force Field+1","Loop+1","Stack","Double Energy+1","Force Field+1","Gash","Defragment+1","Beam Cell","Seek","Turbo","Gash","All For One","Capacitor","Echo Form","Turbo+1","Go for the Eyes+1","Gash","Double Energy+1","Double Energy","BootSequence","Hologram","Go for the Eyes+1","Hologram"],"special_seed":0,"relics":["Cracked Core","Unceasing Top","Astrolabe","Turnip","Art of War","Inserter","Orichalcum","Centennial Puzzle","Anchor"],"potions_floor_usage":[50,55,55],"damage_taken":[{"damage":0.0,"enemies":"2 Louse","floor":1.0,"turns":2.0},{"damage":1.0,"enemies":"Cultist","floor":2.0,"turns":3.0},{"damage":0.0,"enemies":"Small Slimes","floor":5.0,"turns":3.0},{"damage":0.0,"enemies":"Blue Slaver","floor":8.0,"turns":5.0},{"damage":16.0,"enemies":"Large Slime","floor":11.0,"turns":4.0},{"damage":10.0,"enemies":"Looter","floor":12.0,"turns":3.0},{"damage":0.0,"enemies":"Lagavulin","floor":13.0,"turns":6.0},{"damage":16.0,"enemies":"Gremlin Gang","floor":14.0,"turns":5.0},{"damage":0.0,"enemies":"The Guardian","floor":16.0,"turns":12.0},{"damage":8.0,"enemies":"Spheric Guardian","floor":18.0,"turns":5.0},{"damage":5.0,"enemies":"Chosen","floor":20.0,"turns":6.0},{"damage":14.0,"enemies":"Shelled Parasite and Fungi","floor":21.0,"turns":9.0},{"damage":4.0,"enemies":"Centurion and Healer","floor":22.0,"turns":9.0},{"damage":13,"enemies":"Book of Stabbing","floor":23,"turns":9},{"damage":9,"enemies":"Sentry and Sphere","floor":28,"turns":5},{"damage":13,"enemies":"Shelled Parasite and Fungi","floor":31,"turns":5},{"damage":0,"enemies":"Automaton","floor":33,"turns":14},{"damage":10,"enemies":"Orb Walker","floor":35,"turns":5},{"damage":0,"enemies":"3 Shapes","floor":37,"turns":9},{"damage":14,"enemies":"Writhing Mass","floor":38,"turns":5},{"damage":28,"enemies":"Jaw Worm Horde","floor":39,"turns":4},{"damage":0,"enemies":"Sphere and 2 Shapes","floor":41,"turns":6},{"damage":0,"enemies":"Writhing Mass","floor":45,"turns":3},{"damage":24,"enemies":"Jaw Worm Horde","floor":46,"turns":3},{"damage":0,"enemies":"Transient","floor":47,"turns":5},{"damage":10,"enemies":"4 Shapes","floor":48,"turns":4},{"damage":7,"enemies":"Awakened One","floor":50,"turns":9},{"damage":0,"enemies":"Shield and Spear","floor":54,"turns":4},{"damage":0,"enemies":"The Heart","floor":55,"turns":7}],"seed_played":"-2027943702919466100","potions_obtained":[{"floor":2.0,"key":"FearPotion"},{"floor":8.0,"key":"Fire Potion"},{"floor":13.0,"key":"Ancient Potion"},{"floor":35,"key":"FairyPotion"},{"floor":48,"key":"Energy Potion"}],"is_trial":false,"path_per_floor":["M","M","$","?","M","R","?","M","T","$","M","M","E","M","R","B",null,"M","?","M","M","M","E","R","$","T","R","M","$","R","M","R","B",null,"M","$","M","M","M","R","M","T","T","?","M","M","M","M","R","B",null,"R","$","E","B",null],"character_chosen":"DEFECT","items_purchased":["Glacier","White Noise","Loop","Defragment","Beam Cell","Seek","Echo Form","PowerPotion","PowerPotion"],"campfire_rested":5,"item_purchase_floors":[3,3,10,25,25,25,36,53,53],"current_hp_per_floor":[75,74,74,74,74,74,74,74,74,74,58,48,48,32,54,54,75,67,67,62,48,44,31,31,31,31,53,44,44,66,53,53,53,75,65,65,65,51,23,45,45,45,45,45,45,21,21,11,33,26,75,75,75,75,75],"gold":37,"neow_bonus":"THREE_RARE_CARDS","is_prod":false,"is_daily":false,"chose_seed":false,"campfire_upgraded":3,"win_rate":0,"timestamp":1552261285,"path_taken":["M","M","$","?","M","R","?","?","T","$","M","M","E","M","R","BOSS","M","?","?","M","M","E","R","$","T","R","M","$","R","M","R","BOSS","M","$","M","M","M","R","M","?","T","?","?","M","M","M","R","BOSS","R","$","E","BOSS"],"build_version":"2019-01-23","purchased_purges":2,"victory":true,"max_hp_per_floor":[75,75,75,75,75,75,75,75,75,75,75,75,75,75,75,75,75,75,75,75,75,75,75,75,75,75,75,75,75,75,75,75,75,75,75,75,75,75,75,75,75,75,75,75,75,75,75,75,75,75,75,75,75,75,75],"card_choices":[{"not_picked":["Seek","Rainbow"],"picked":"Buffer","floor":0.0},{"not_picked":["Sunder","Rebound"],"picked":"Consume","floor":1.0},{"not_picked":["Turbo","Stack"],"picked":"Ball Lightning","floor":2.0},{"not_picked":["Go for the Eyes","Cold Snap"],"picked":"Glacier","floor":5.0},{"not_picked":["Gash","Hologram"],"picked":"Defragment","floor":8.0},{"not_picked":["Stack","Scrape","Sweeping Beam"],"picked":"SKIP","floor":11.0},{"not_picked":["Stack","Hello World"],"picked":"Cold Snap","floor":12.0},{"not_picked":["Steam","Leap"],"picked":"Aggregate","floor":13.0},{"not_picked":["Rebound","Fusion"],"picked":"Ball Lightning","floor":14.0},{"not_picked":["Reboot","Hyperbeam"],"picked":"Seek","floor":16.0},{"not_picked":["Rebound","Doom and Gloom"],"picked":"Stack","floor":18.0},{"not_picked":["Coolheaded","Aggregate"],"picked":"Double Energy+1","floor":20.0},{"not_picked":["Recycle","FTL+1"],"picked":"Force Field+1","floor":21.0},{"not_picked":["Genetic Algorithm+1","Heatsinks"],"picked":"Gash","floor":22.0},{"not_picked":["Fusion","Lockon+1","Ball Lightning"],"picked":"SKIP","floor":23},{"not_picked":["Self Repair+1","Reinforced Body+1"],"picked":"Turbo","floor":28},{"not_picked":["Cold Snap","Sunder+1"],"picked":"Gash","floor":31},{"not_picked":["Fission","Amplify"],"picked":"All For One","floor":33},{"not_picked":["BootSequence+1","Stack"],"picked":"Capacitor","floor":35},{"not_picked":["Hologram+1","Gash+1"],"picked":"Turbo+1","floor":37},{"not_picked":["Fusion+1","Compile Driver+1","Streamline+1"],"picked":"SKIP","floor":38},{"not_picked":["Reprogram","Conserve Battery+1"],"picked":"Go for the Eyes+1","floor":39},{"not_picked":["Sweeping Beam","Glacier+1"],"picked":"Gash","floor":41},{"not_picked":["Hologram","Turbo"],"picked":"Double Energy","floor":45},{"not_picked":["Chill","Ball Lightning+1"],"picked":"BootSequence","floor":46},{"not_picked":["Echo Form","Storm"],"picked":"Hologram","floor":47},{"not_picked":["Steam Power","Coolheaded"],"picked":"Go for the Eyes+1","floor":48},{"not_picked":["Glacier+1","Fusion"],"picked":"Hologram","floor":54}],"player_experience":1194918,"relics_obtained":[{"floor":13.0,"key":"Unceasing Top"},{"floor":23,"key":"Turnip"},{"floor":26,"key":"Art of War"},{"floor":42,"key":"Orichalcum"},{"floor":43,"key":"Centennial Puzzle"},{"floor":54,"key":"Anchor"}],"event_choices":[{"damage_healed":0.0,"max_hp_gain":0.0,"max_hp_loss":0.0,"gold_gain":0.0,"event_name":"Living Wall","player_choice":"Grow","floor":4.0,"gold_loss":0.0,"damage_taken":0.0,"cards_upgraded":["Consume"]},{"damage_healed":0.0,"max_hp_gain":0.0,"max_hp_loss":0.0,"gold_gain":0.0,"event_name":"Accursed Blacksmith","player_choice":"Forge","floor":7.0,"gold_loss":0.0,"damage_taken":0.0,"cards_upgraded":["Buffer"]},{"damage_healed":0.0,"max_hp_gain":0.0,"max_hp_loss":0.0,"gold_gain":0.0,"event_name":"NoteForYourself","player_choice":"Ignored","floor":19.0,"gold_loss":0.0,"damage_taken":0.0},{"damage_healed":0,"gold_gain":0,"player_choice":"Copied","damage_taken":0,"max_hp_gain":0,"max_hp_loss":0,"event_name":"Duplicator","floor":44,"gold_loss":0,"cards_obtained":["Double Energy"]}],"is_beta":false,"boss_relics":[{"not_picked":["Philosopher\u0027s Stone","Lizard Tail"],"picked":"Astrolabe"},{"not_picked":["Coffee Dripper","White Beast Statue"],"picked":"Inserter"}],"items_purged_floors":[25,53],"is_endless":false,"potions_floor_spawned":[2,8,13,16,21,23,28,33,35,37,45,48],"ascension_level":0}