{"gold_per_floor":[99,99,99,99,99,99,99,99,99,99,99,27,27,27,27,27],"floor_reached":16,"playtime":415,"items_purged":[],"score":102,"play_id":"8dcb43ce-47e0-462b-bd53-757b6f01fb7e","local_time":"20190104002606","is_ascension_mode":false,"campfire_choices":[{"floor":8,"key":"REST"},{"floor":13,"key":"REST"},{"floor":15,"key":"RECALL"}],"neow_cost":"NONE","seed_source_timestamp":26541615892021,"circlet_count":0,"master_deck":["Defend_G","Defend_G","Defend_G","Defend_G","Strike_G","Strike_G","Strike_G","Strike_G","Survivor","Neutralize","Cloak And Dagger+1","Acrobatics","Sucker Punch","Leg Sweep","Envenom","Accuracy","Bouncing Flask","Footwork","Backflip"],"relics":["Ectoplasm","Bottled Lightning","Sundial"],"potions_floor_usage":[6],"damage_taken":[{"damage":0,"enemies":"Small Slimes","floor":1,"turns":4},{"damage":0,"enemies":"2 Louse","floor":4,"turns":3},{"damage":0,"enemies":"Cultist","floor":5,"turns":4},{"damage":0,"enemies":"Lots of Slimes","floor":6,"turns":1},{"damage":17,"enemies":"Lagavulin","floor":7,"turns":9},{"damage":1,"enemies":"Exordium Wildlife","floor":11,"turns":4},{"damage":0,"enemies":"Large Slime","floor":14,"turns":7},{"damage":0,"enemies":"Slime Boss","floor":16,"turns":1}],"seed_played":"-8041709401320267179","potions_obtained":[{"floor":1,"key":"Explosive Potion"},{"floor":7,"key":"LiquidBronze"},{"floor":11,"key":"SkillPotion"},{"floor":14,"key":"Explosive Potion"}],"is_trial":false,"path_per_floor":["M","?","?","M","M","M","E","R","T","?","M","$","R","M","R","B"],"character_chosen":"THE_SILENT","items_purchased":["Footwork"],"campfire_rested":2,"item_purchase_floors":[12],"current_hp_per_floor":[70,63,63,63,63,63,46,67,67,67,66,66,70,70,70,70],"gold":27,"neow_bonus":"BOSS_RELIC","is_prod":false,"is_daily":false,"chose_seed":false,"campfire_upgraded":0,"win_rate":0,"timestamp":1546568766,"path_taken":["M","?","?","M","?","?","E","R","T","?","M","$","R","M","R","BOSS"],"build_version":"2019-01-03","purchased_purges":0,"victory":false,"max_hp_per_floor":[70,70,70,70,70,70,70,70,70,70,70,70,70,70,70,70],"card_choices":[{"not_picked":["Underhanded Strike","Calculated Gamble"],"picked":"Cloak And Dagger","floor":1},{"not_picked":["Deadly Poison","Poisoned Stab"],"picked":"Acrobatics","floor":4},{"not_picked":["Distraction","Acrobatics"],"picked":"Sucker Punch","floor":5},{"not_picked":["Dagger Throw","Outmaneuver"],"picked":"Leg Sweep","floor":6},{"not_picked":["Slice","Underhanded Strike"],"picked":"Envenom","floor":7},{"not_picked":["Prepared","Dagger Throw"],"picked":"Bouncing Flask","floor":11},{"not_picked":["Flying Knee","Dagger Spray"],"picked":"Backflip","floor":14}],"player_experience":667871,"relics_obtained":[{"floor":7,"key":"Bottled Lightning"},{"floor":9,"key":"Sundial"}],"event_choices":[{"cards_removed":["Defend_G"],"damage_healed":0,"gold_gain":0,"player_choice":"Card Removal","damage_taken":7,"max_hp_gain":0,"max_hp_loss":0,"event_name":"Golden Wing","floor":2,"gold_loss":0},{"damage_healed":0,"gold_gain":0,"player_choice":"Upgraded","damage_taken":0,"max_hp_gain":0,"max_hp_loss":0,"event_name":"Upgrade Shrine","floor":3,"gold_loss":0,"cards_upgraded":["Cloak And Dagger"]},{"damage_healed":0,"gold_gain":0,"cards_transformed":["Strike_G"],"player_choice":"Change","damage_taken":0,"max_hp_gain":0,"max_hp_loss":0,"event_name":"Living Wall","floor":10,"gold_loss":0,"cards_obtained":["Accuracy"]}],"is_beta":false,"boss_relics":[],"items_purged_floors":[],"is_endless":false,"potions_floor_spawned":[1,7,11,14],"killed_by":"Slime Boss","ascension_level":0}