{"gold_per_floor":[12,12,27,27,27,202,213,213,265,6,6,6,25,37,37,37],"floor_reached":16,"playtime":632,"items_purged":["Doubt"],"score":90,"play_id":"6b72c376-6141-4e45-8826-76bbd29dab3d","local_time":"20190304225247","is_ascension_mode":false,"campfire_choices":[{"data":"Neutralize","floor":8,"key":"SMITH"},{"data":"Noxious Fumes","floor":12,"key":"SMITH"},{"data":"Envenom","floor":15,"key":"SMITH"}],"neow_cost":"NO_GOLD","seed_source_timestamp":17971535493896,"circlet_count":0,"master_deck":["Defend_G","Defend_G","Defend_G","Defend_G","Strike_G","Strike_G","Strike_G","Strike_G","Survivor","Neutralize+1","Bane","Deflect","Poisoned Stab","Noxious Fumes+1","Deadly Poison","Sucker Punch","Regret","Deflect","Envenom+1"],"relics":["Ring of the Snake","Regal Pillow","Meat on the Bone"],"potions_floor_usage":[16],"damage_taken":[{"damage":0,"enemies":"Jaw Worm","floor":1,"turns":4},{"damage":0,"enemies":"Small Slimes","floor":3,"turns":5},{"damage":0,"enemies":"2 Louse","floor":7,"turns":3},{"damage":9,"enemies":"Blue Slaver","floor":13,"turns":4},{"damage":11,"enemies":"Looter","floor":14,"turns":3},{"damage":50,"enemies":"Slime Boss","floor":16,"turns":5}],"seed_played":"5013228656816584428","potions_obtained":[{"floor":7,"key":"Explosive Potion"}],"is_trial":false,"path_per_floor":["M","$","M","$","?","?","M","R","T","$","?","R","M","M","R","B"],"character_chosen":"THE_SILENT","items_purchased":["Noxious Fumes","Deadly Poison","Sucker Punch"],"campfire_rested":0,"item_purchase_floors":[10,10,10],"current_hp_per_floor":[70,70,70,70,70,70,70,70,70,70,70,70,61,50,50,0],"gold":37,"neow_bonus":"REMOVE_TWO","is_prod":false,"is_daily":false,"chose_seed":false,"campfire_upgraded":3,"win_rate":0.0,"timestamp":1551736367,"path_taken":["M","$","M","$","?","?","M","R","T","$","?","R","M","M","R","BOSS"],"build_version":"2019-01-23","purchased_purges":1,"victory":false,"max_hp_per_floor":[70,70,70,70,70,70,70,70,70,70,70,70,70,70,70,70],"card_choices":[{"not_picked":["Underhanded Strike","Heel Hook"],"picked":"Bane","floor":1},{"not_picked":["Blur","Choke"],"picked":"Deflect","floor":3},{"not_picked":["Calculated Gamble","Dodge and Roll"],"picked":"Poisoned Stab","floor":7},{"not_picked":["Skewer","Dagger Spray"],"picked":"Deflect","floor":13},{"not_picked":["Dodge and Roll","Outmaneuver"],"picked":"Envenom","floor":14}],"player_experience":23777,"relics_obtained":[{"floor":9,"key":"Regal Pillow"}],"event_choices":[{"damage_healed":0,"gold_gain":0,"player_choice":"Leave","damage_taken":0,"max_hp_gain":0,"max_hp_loss":0,"event_name":"The Cleric","floor":5,"gold_loss":0},{"damage_healed":0,"gold_gain":175,"player_choice":"AGREE","damage_taken":0,"max_hp_gain":0,"max_hp_loss":0,"event_name":"Liars Game","floor":6,"gold_loss":0,"cards_obtained":["Doubt"]},{"damage_healed":0,"gold_gain":0,"player_choice":"Box","damage_taken":0,"relics_obtained":["Meat on the Bone"],"max_hp_gain":0,"max_hp_loss":0,"event_name":"Big Fish","floor":11,"gold_loss":0,"cards_obtained":["Regret"]}],"is_beta":false,"boss_relics":[],"items_purged_floors":[10],"is_endless":false,"potions_floor_spawned":[7],"killed_by":"Slime Boss","ascension_level":0}