{"gold_per_floor":[109,121,132,148,161,161,175,202,202,202,233,233,233,247,247,247],"floor_reached":16,"playtime":737,"items_purged":[],"score":114,"play_id":"301ae21f-44ab-4e98-8857-6668b7d48753","local_time":"20190309204001","is_ascension_mode":false,"campfire_choices":[{"floor":6.0,"key":"RECALL"},{"data":"Flex","floor":10.0,"key":"SMITH"},{"floor":12.0,"key":"REST"},{"floor":15,"key":"REST"}],"neow_cost":"NONE","seed_source_timestamp":0,"circlet_count":0,"master_deck":["Strike_R","Strike_R","Strike_R","Strike_R","Strike_R","Defend_R","Defend_R","Defend_R","Defend_R","Bash","Heavy Blade","Disarm","Sword Boomerang","Flex+1","Shrug It Off","True Grit"],"special_seed":0,"relics":["Burning Blood","Smiling Mask","Nunchaku"],"potions_floor_usage":[14],"damage_taken":[{"damage":6.0,"enemies":"Cultist","floor":1.0,"turns":3.0},{"damage":0.0,"enemies":"Small Slimes","floor":2.0,"turns":3.0},{"damage":0.0,"enemies":"2 Louse","floor":3.0,"turns":2.0},{"damage":15.0,"enemies":"Exordium Thugs","floor":4.0,"turns":4.0},{"damage":11.0,"enemies":"3 Louse","floor":5.0,"turns":4.0},{"damage":12.0,"enemies":"Looter","floor":7.0,"turns":3.0},{"damage":22.0,"enemies":"Gremlin Nob","floor":8.0,"turns":4.0},{"damage":51.0,"enemies":"3 Sentries","floor":11.0,"turns":7.0},{"damage":30,"enemies":"Gremlin Gang","floor":14,"turns":5},{"damage":36,"enemies":"Hexaghost","floor":16,"turns":12}],"seed_played":"6983821445606890564","potions_obtained":[{"floor":2.0,"key":"Poison Potion"},{"floor":4.0,"key":"LiquidBronze"},{"floor":8.0,"key":"Swift Potion"}],"is_trial":false,"path_per_floor":["M","M","M","M","M","R","M","E","T","R","E","R","?","M","R","B"],"character_chosen":"IRONCLAD","items_purchased":[],"campfire_rested":2,"item_purchase_floors":[],"current_hp_per_floor":[88,88,88,79,74,74,68,52,52,52,7,33,33,9,35,0],"gold":247,"neow_bonus":"TEN_PERCENT_HP_BONUS","is_prod":false,"is_daily":false,"chose_seed":false,"campfire_upgraded":1,"win_rate":0,"timestamp":1552182001,"path_taken":["M","?","M","M","M","R","M","E","T","R","E","R","?","?","R","BOSS"],"build_version":"2019-01-23","purchased_purges":0,"victory":false,"max_hp_per_floor":[88,88,88,88,88,88,88,88,88,88,88,88,88,88,88,88],"card_choices":[{"not_picked":["Rupture","Clash"],"picked":"Heavy Blade","floor":1.0},{"not_picked":["True Grit","Hemokinesis"],"picked":"Disarm","floor":2.0},{"not_picked":["Anger","Headbutt","Sword Boomerang"],"picked":"SKIP","floor":3.0},{"not_picked":["Anger","Headbutt"],"picked":"Sword Boomerang","floor":3.0},{"not_picked":["Corruption","Battle Trance"],"picked":"Flex","floor":4.0},{"not_picked":["Headbutt","Uppercut"],"picked":"Shrug It Off","floor":5.0},{"not_picked":["Wild Strike","Clothesline","Havoc"],"picked":"SKIP","floor":7.0},{"not_picked":["Body Slam","Evolve","Exhume"],"picked":"SKIP","floor":8.0},{"not_picked":["Reckless Charge","Searing Blow"],"picked":"True Grit","floor":11.0},{"not_picked":["Ghostly Armor","Pommel Strike","Cleave"],"picked":"SKIP","floor":14}],"player_experience":1176234,"relics_obtained":[{"floor":8.0,"key":"Smiling Mask"},{"floor":11.0,"key":"Nunchaku"}],"event_choices":[{"damage_healed":0.0,"max_hp_gain":0.0,"max_hp_loss":0.0,"gold_gain":0.0,"event_name":"FaceTrader","player_choice":"Leave","floor":13.0,"gold_loss":0.0,"damage_taken":0.0}],"is_beta":false,"boss_relics":[],"items_purged_floors":[],"is_endless":false,"potions_floor_spawned":[2,4,8],"killed_by":"Hexaghost","ascension_level":0}