{"gold_per_floor":[368,13,45,45,55,55,81,132,132,157,157,157,45,88,88,208,208,237,237,237,237,254,286,313,313,359,359],"floor_reached":27,"playtime":1482,"items_purged":["ReplayTheSpireMod:Doomed"],"score":373,"play_id":"7be426c9-4936-47e8-9009-39c728e0e8af","local_time":"20190109231827","is_ascension_mode":true,"campfire_choices":[{"data":"Pain","floor":6,"key":"PURGE"},{"floor":11,"key":"REST"},{"data":"Strike_MRS","floor":15,"key":"PURGE"},{"floor":25,"key":"REST"}],"neow_cost":"CURSE","seed_source_timestamp":9323916141725,"circlet_count":0,"master_deck":["Strike_MRS","Strike_MRS","Strike_MRS","Defend_MRS","Defend_MRS","Defend_MRS","Defend_MRS","MasterSpark","UpSweep","WitchOfGreed","CasketOfStar+1","EnergyRecoil","OrrerysSun","GalacticHalo","CasketOfStar","EnergyRecoil+1","EnergyRecoil+1","EnergyRecoil+1","TreasureHunter","FinalSpark","MilkyWay+1","RitualDagger","DoubleSpark+1","DragonMeteor+1","ChargingUp+1"],"relics":["MiniHakkero","Peace Pipe","WarpedTongs","Toxic Egg 2","Replay:Accelerometer","Juzu Bracelet","Runic Dome","Pet Ghost","Bag of Preparation","Replay:Towering Pillar of Hats","Smiling Mask"],"potions_floor_usage":[8,8,16,23,27],"damage_taken":[{"damage":2,"enemies":"Jaw Worm","floor":1,"turns":3},{"damage":1,"enemies":"Cultist","floor":3,"turns":3},{"damage":1,"enemies":"2 Louse","floor":5,"turns":2},{"damage":15,"enemies":"Red Slaver","floor":7,"turns":4},{"damage":17,"enemies":"3 Sentries","floor":8,"turns":6},{"damage":0,"enemies":"Large Slime","floor":10,"turns":5},{"damage":0,"enemies":"Lagavulin","floor":14,"turns":8},{"damage":0,"enemies":"Fading Forest","floor":16,"turns":11},{"damage":11,"enemies":"Shell Parasite","floor":18,"turns":6},{"damage":0,"enemies":"Spheric Guardian","floor":22,"turns":3},{"damage":29,"enemies":"Book of Stabbing","floor":23,"turns":5},{"damage":24,"enemies":"Snecko","floor":24,"turns":5},{"damage":3,"enemies":"Replay:Snechameleon","floor":27,"turns":4}],"seed_played":"2354894446532721430","potions_obtained":[{"floor":3,"key":"PowerPotion"},{"floor":3,"key":"SpeedPotion"},{"floor":7,"key":"SteroidPotion"},{"floor":8,"key":"Poison Potion"},{"floor":8,"key":"Poison Potion"},{"floor":10,"key":"Strength Potion"},{"floor":14,"key":"Strength Potion"},{"floor":16,"key":"LifebloodPotion"},{"floor":22,"key":"Elixir"},{"floor":24,"key":"Languid Potion"}],"is_trial":false,"path_per_floor":["M","$","M","?","M","R","M","E","T","M","R","?","$","E","R","B",null,"M","?","?","?","M","E","M","R","T","E"],"character_chosen":"MARISA","items_purchased":["Peace Pipe","CasketOfStar","EnergyRecoil+1"],"campfire_rested":2,"item_purchase_floors":[2,2,13],"current_hp_per_floor":[73,73,72,72,71,71,56,39,39,39,61,61,61,61,61,61,75,64,64,58,58,58,29,5,27,27,24],"gold":359,"neow_bonus":"TWO_FIFTY_GOLD","is_prod":false,"is_daily":false,"chose_seed":false,"campfire_upgraded":0,"win_rate":0,"timestamp":1547083107,"path_taken":["M","$","M","?","M","R","?","E","T","M","R","?","$","E","R","BOSS","M","?","?","?","M","E","M","R","T","E"],"build_version":"2019-01-03v4","purchased_purges":1,"victory":false,"max_hp_per_floor":[75,75,75,75,75,75,75,75,75,75,75,75,75,75,75,75,75,75,75,75,75,75,75,75,75,75,75],"card_choices":[{"not_picked":["SporeBomb","6A"],"picked":"WitchOfGreed","floor":1},{"not_picked":["StarlightTyphoon","WitchOfGreed"],"picked":"EnergyRecoil","floor":3},{"not_picked":["ShootingEcho","WitchLeyline"],"picked":"OrrerysSun","floor":5},{"not_picked":["IllusionStar","ShootingEcho"],"picked":"GalacticHalo","floor":7},{"not_picked":["EscapeVelocity","SuperPerseids"],"picked":"CasketOfStar","floor":8},{"not_picked":["WitchLeyline","SprinkleStarSeal+1"],"picked":"EnergyRecoil+1","floor":10},{"not_picked":["MagicChant+1","UnstableBomb"],"picked":"TreasureHunter","floor":14},{"not_picked":["BlazingStar","SuperNova"],"picked":"FinalSpark","floor":16},{"not_picked":["AlicesGift","EnergyRecoil+1"],"picked":"MilkyWay+1","floor":18},{"not_picked":["PulseMagic+1","OrrerysSun"],"picked":"DoubleSpark+1","floor":22},{"not_picked":["FairyDestructionRay+1","MysteriousBeam"],"picked":"DragonMeteor+1","floor":23},{"not_picked":["SporeBomb+1","MeteoricShower"],"picked":"ChargingUp+1","floor":24}],"player_experience":728112,"relics_obtained":[{"floor":8,"key":"Toxic Egg 2"},{"floor":9,"key":"Replay:Accelerometer"},{"floor":14,"key":"Juzu Bracelet"},{"floor":23,"key":"Bag of Preparation"},{"floor":23,"key":"Replay:Towering Pillar of Hats"},{"floor":26,"key":"Smiling Mask"}],"event_choices":[{"damage_healed":0,"gold_gain":0,"player_choice":"Rummage","damage_taken":0,"relics_obtained":["WarpedTongs"],"max_hp_gain":0,"max_hp_loss":0,"event_name":"Accursed Blacksmith","floor":4,"gold_loss":0,"cards_obtained":["Pain"]},{"damage_healed":0,"gold_gain":0,"player_choice":"Upgraded","damage_taken":0,"max_hp_gain":0,"max_hp_loss":0,"event_name":"Upgrade Shrine","floor":12,"gold_loss":0,"cards_upgraded":["CasketOfStar"]},{"damage_healed":0,"gold_gain":0,"player_choice":"Gave Potion","damage_taken":0,"relics_obtained":["Pet Ghost"],"max_hp_gain":0,"max_hp_loss":0,"event_name":"WeMeetAgain","floor":19,"gold_loss":0},{"damage_healed":0,"gold_gain":0,"player_choice":"Joined the Cult","damage_taken":6,"max_hp_gain":0,"max_hp_loss":0,"event_name":"Nest","floor":20,"gold_loss":0,"cards_obtained":["RitualDagger"]},{"damage_healed":0,"gold_gain":0,"player_choice":"Ignored","damage_taken":0,"max_hp_gain":0,"max_hp_loss":0,"event_name":"Ghosts","floor":21,"gold_loss":0}],"is_beta":false,"boss_relics":[{"not_picked":["Replay:Wanted Poster","ReplayTheSpireMod:Onyx Gauntlets"],"picked":"Runic Dome"}],"items_purged_floors":[13],"is_endless":false,"potions_floor_spawned":[3,8,10,14,18,22,24],"killed_by":"Replay:Snechameleon","ascension_level":2}