{"gold_per_floor":[109,126,139,139,153,173,173,207,207,207,12,32,48,48,48,148,148,166,166,179,199,216,216,245,245,245,262,262,262,262,278,278,382,382,393,407,285,301,319,319,371,387,387,398,417,70,90,90,90,90,90,90,13,48,48],"floor_reached":55,"playtime":4061,"items_purged":["Writhe","Parasite"],"score":672,"play_id":"4ff01fa0-635c-4289-b228-e7dc828a6605","local_time":"20190206145045","is_ascension_mode":false,"campfire_choices":[{"floor":7,"key":"RECALL"},{"floor":10,"key":"REST"},{"data":"Capacitor","floor":15,"key":"SMITH"},{"data":"Echo Form","floor":23,"key":"SMITH"},{"floor":25,"key":"REST"},{"floor":32,"key":"REST"},{"data":"Hologram","floor":40,"key":"SMITH"},{"data":"Clumsy","floor":49,"key":"PURGE"},{"data":"Blizzard","floor":52,"key":"SMITH"}],"neow_cost":"NONE","seed_source_timestamp":16843572789635,"circlet_count":0,"master_deck":["Strike_B","Strike_B+1","Strike_B","Defend_B","Defend_B","Defend_B","Defend_B","Zap","Dualcast","Glacier","Glacier","Conserve Battery","Auto Shields","Redo","Capacitor+1","Hologram","Echo Form+1","Barrage","Blizzard+1","Capacitor","Go for the Eyes+1","Self Repair","Echo Form","Barrage+1","Hologram+1","Loop+1","Blizzard+1","White Noise+1"],"relics":["Cracked Core","Whetstone","DataDisk","Snecko Eye","Matryoshka","Molten Egg 2","Potion Belt","FossilizedHelix","Cursed Key","Ice Cream","Anchor","Peace Pipe","Pear","Bottled Lightning"],"potions_floor_usage":[16,18,22,24,24,31,33,33,42,44,50,55,55,55,55],"damage_taken":[{"damage":0,"enemies":"Small Slimes","floor":1,"turns":3},{"damage":0,"enemies":"Cultist","floor":2,"turns":4},{"damage":0,"enemies":"2 Louse","floor":3,"turns":3},{"damage":8,"enemies":"Blue Slaver","floor":5,"turns":5},{"damage":1,"enemies":"3 Louse","floor":6,"turns":6},{"damage":18,"enemies":"3 Sentries","floor":8,"turns":15},{"damage":0,"enemies":"Lots of Slimes","floor":12,"turns":7},{"damage":0,"enemies":"Large Slime","floor":13,"turns":5},{"damage":32,"enemies":"Hexaghost","floor":16,"turns":12},{"damage":2,"enemies":"3 Byrds","floor":18,"turns":7},{"damage":1,"enemies":"2 Thieves","floor":20,"turns":5},{"damage":8,"enemies":"Cultist and Chosen","floor":21,"turns":7},{"damage":10,"enemies":"3 Cultists","floor":22,"turns":5},{"damage":24,"enemies":"Slavers","floor":24,"turns":7},{"damage":24,"enemies":"Shelled Parasite and Fungi","floor":27,"turns":7},{"damage":18,"enemies":"Snake Plant","floor":31,"turns":7},{"damage":18,"enemies":"Collector","floor":33,"turns":11},{"damage":0,"enemies":"Orb Walker","floor":35,"turns":3},{"damage":0,"enemies":"3 Shapes","floor":36,"turns":6},{"damage":0,"enemies":"Writhing Mass","floor":38,"turns":9},{"damage":0,"enemies":"Maw","floor":39,"turns":8},{"damage":90,"enemies":"2 Orb Walkers","floor":41,"turns":8},{"damage":0,"enemies":"Spire Growth","floor":42,"turns":7},{"damage":0,"enemies":"Jaw Worm Horde","floor":44,"turns":6},{"damage":0,"enemies":"3 Darklings","floor":45,"turns":6},{"damage":0,"enemies":"Maw","floor":47,"turns":8},{"damage":16,"enemies":"Donu and Deca","floor":50,"turns":11},{"damage":50,"enemies":"Shield and Spear","floor":54,"turns":8},{"damage":70,"enemies":"The Heart","floor":55,"turns":8}],"seed_played":"-5818011746031687404","potions_obtained":[{"floor":2,"key":"Ancient Potion"},{"floor":5,"key":"Poison Potion"},{"floor":13,"key":"AttackPotion"},{"floor":16,"key":"EssenceOfSteel"},{"floor":21,"key":"PowerPotion"},{"floor":22,"key":"Fire Potion"},{"floor":24,"key":"Swift Potion"},{"floor":31,"key":"Weak Potion"},{"floor":33,"key":"Ancient Potion"},{"floor":36,"key":"FocusPotion"},{"floor":39,"key":"Explosive Potion"},{"floor":41,"key":"FearPotion"},{"floor":44,"key":"SkillPotion"},{"floor":47,"key":"Regen Potion"},{"floor":54,"key":"GamblersBrew"}],"is_trial":false,"path_per_floor":["M","M","M","?","M","M","R","E","T","R","$","M","M","?","R","B",null,"M","$","M","M","M","R","E","R","T","M","?","?","?","M","R","B",null,"M","M","$","M","M","R","?","M","T","M","M","$","M","?","R","B",null,"R","$","E","B"],"character_chosen":"DEFECT","items_purchased":["DataDisk","Capacitor","Hologram","Pear","GamblersBrew"],"campfire_rested":3,"item_purchase_floors":[11,11,37,46,53],"current_hp_per_floor":[82,82,82,82,74,73,73,55,55,79,79,79,79,92,92,60,92,90,90,89,81,71,71,47,74,74,50,50,32,32,28,57,46,97,97,97,97,97,97,97,14,28,28,42,56,66,80,80,80,86,104,104,104,68,0],"gold":48,"neow_bonus":"TEN_PERCENT_HP_BONUS","is_prod":false,"is_daily":false,"chose_seed":false,"campfire_upgraded":4,"win_rate":0,"timestamp":1549500645,"path_taken":["M","M","M","?","M","M","R","E","T","R","$","M","M","?","R","BOSS","M","$","M","M","?","R","E","R","T","M","?","?","?","M","R","BOSS","M","M","$","M","M","R","?","M","T","M","M","$","M","?","R","BOSS","R","$","E","BOSS"],"build_version":"2019-01-23","purchased_purges":2,"victory":false,"max_hp_per_floor":[82,82,82,82,82,82,82,82,82,82,82,82,82,92,92,92,92,92,92,92,92,92,92,92,92,92,92,92,97,97,97,97,97,97,97,97,97,97,97,97,97,97,97,97,97,104,104,104,104,104,104,104,104,104,104],"card_choices":[{"not_picked":["Sweeping Beam","Hologram"],"picked":"Glacier","floor":1},{"not_picked":["BootSequence","Stack"],"picked":"Glacier","floor":2},{"not_picked":["Undo","Coolheaded"],"picked":"Conserve Battery","floor":3},{"not_picked":["White Noise","Ball Lightning"],"picked":"Auto Shields","floor":5},{"not_picked":["Stack","Scrape","Chill"],"picked":"SKIP","floor":6},{"not_picked":["Gash","Rebound"],"picked":"Redo","floor":8},{"not_picked":["Streamline","Redo"],"picked":"Hologram","floor":12},{"not_picked":["Steam Power","Static Discharge"],"picked":"Rainbow","floor":13},{"not_picked":["Hyperbeam","Core Surge"],"picked":"Echo Form","floor":16},{"not_picked":["Beam Cell+1","Auto Shields"],"picked":"Barrage","floor":18},{"not_picked":["Gash+1","Conserve Battery"],"picked":"Blizzard","floor":20},{"not_picked":["Aggregate","Conserve Battery"],"picked":"Capacitor","floor":21},{"not_picked":["Coolheaded+1","Gash","Cold Snap"],"picked":"SKIP","floor":22},{"not_picked":["Steam","Meteor Strike"],"picked":"Go for the Eyes+1","floor":24},{"not_picked":["Stack","Force Field"],"picked":"Self Repair","floor":27},{"not_picked":["Gash+1","Ball Lightning+1","Conserve Battery"],"picked":"SKIP","floor":31},{"not_picked":["Thunder Strike+1","Buffer"],"picked":"Echo Form","floor":33},{"not_picked":["Static Discharge+1","Steam+1","Streamline+1"],"picked":"SKIP","floor":35},{"not_picked":["Beam Cell+1","Static Discharge+1"],"picked":"Barrage+1","floor":36},{"not_picked":["Conserve Battery+1","Beam Cell+1","Double Energy+1"],"picked":"SKIP","floor":38},{"not_picked":["Streamline+1","FTL+1","Reboot"],"picked":"SKIP","floor":39},{"not_picked":["Streamline+1","Gash+1"],"picked":"Loop+1","floor":41},{"not_picked":["Force Field","Turbo+1","Steam+1"],"picked":"SKIP","floor":42},{"not_picked":["Compile Driver+1","Doom and Gloom+1","Steam+1"],"picked":"SKIP","floor":44},{"not_picked":["Hologram+1","Undo"],"picked":"Blizzard+1","floor":45},{"not_picked":["Scrape+1","Conserve Battery","Double Energy"],"picked":"SKIP","floor":47},{"not_picked":["Double Energy+1","Hologram"],"picked":"White Noise+1","floor":54}],"player_experience":399718,"relics_obtained":[{"floor":8,"key":"Whetstone"},{"floor":24,"key":"Matryoshka"},{"floor":26,"key":"Molten Egg 2"},{"floor":26,"key":"Potion Belt"},{"floor":41,"key":"Ice Cream"},{"floor":43,"key":"Anchor"},{"floor":43,"key":"Peace Pipe"},{"floor":54,"key":"Bottled Lightning"}],"event_choices":[{"damage_healed":0,"gold_gain":0,"player_choice":"Leave","damage_taken":0,"max_hp_gain":0,"max_hp_loss":0,"event_name":"The Cleric","floor":4,"gold_loss":0},{"cards_removed":["Rainbow"],"damage_healed":3,"gold_gain":0,"player_choice":"Offered Rare","damage_taken":0,"max_hp_gain":10,"max_hp_loss":0,"event_name":"Bonfire Elementals","floor":14,"gold_loss":0},{"damage_healed":0,"gold_gain":0,"player_choice":"Opened","damage_taken":0,"relics_obtained":["FossilizedHelix"],"max_hp_gain":0,"max_hp_loss":0,"event_name":"The Mausoleum","floor":28,"gold_loss":0,"cards_obtained":["Writhe"]},{"damage_healed":0,"gold_gain":0,"player_choice":"Shed Blood","damage_taken":23,"max_hp_gain":5,"max_hp_loss":0,"event_name":"Forgotten Altar","floor":29,"gold_loss":0},{"damage_healed":0,"gold_gain":0,"player_choice":"Ignored","damage_taken":0,"max_hp_gain":0,"max_hp_loss":0,"event_name":"Ghosts","floor":30,"gold_loss":0},{"damage_healed":0,"gold_gain":0,"player_choice":"Fight","damage_taken":0,"max_hp_gain":0,"max_hp_loss":0,"event_name":"Mysterious Sphere","floor":41,"gold_loss":0},{"cards_removed":["Strike_B"],"damage_healed":0,"gold_gain":0,"player_choice":"Removed Attack","damage_taken":0,"max_hp_gain":0,"max_hp_loss":0,"event_name":"Falling","floor":48,"gold_loss":0}],"is_beta":false,"boss_relics":[{"not_picked":["Inserter","Ectoplasm"],"picked":"Snecko Eye"},{"not_picked":["Philosopher\u0027s Stone","Sozu"],"picked":"Cursed Key"}],"items_purged_floors":[37,46],"is_endless":false,"potions_floor_spawned":[2,5,13,16,21,22,24,31,33,36,39,41,44,47,54],"killed_by":"The Heart","ascension_level":0}