{"gold_per_floor":[119,133,147,167,181,214,226,238,250,262,274,296,318,330,342,477,489,526,538,550,562,595,651,663,233,259,272,272,397,397,421,421,544,544,567,692,711,482,482,507,526,526,526,551,551,575,596,611,611,611,611,611,19,55,55],"floor_reached":55,"playtime":3275,"items_purged":["Pain"],"score":691,"play_id":"87264d62-6727-4293-9de1-8044b440f8ce","local_time":"20190214123925","is_ascension_mode":false,"campfire_choices":[{"floor":7,"key":"REST"},{"floor":10,"key":"RECALL"},{"floor":15,"key":"REST"},{"data":"Echo Form","floor":28,"key":"SMITH"},{"data":"FTL","floor":30,"key":"SMITH"},{"floor":32,"key":"REST"},{"data":"Buffer","floor":42,"key":"SMITH"},{"data":"1","floor":45,"key":"LIFT"},{"data":"2","floor":49,"key":"LIFT"},{"data":"3","floor":52,"key":"LIFT"}],"neow_cost":"NONE","seed_source_timestamp":99498520193660,"circlet_count":0,"master_deck":["Strike_B","Strike_B","Defend_B","Defend_B","Defend_B","Defend_B","Zap","Streamline","FTL+1","Beam Cell","Go for the Eyes","FTL","Self Repair","Echo Form+1","Rebound+1","Self Repair","Amplify","Machine Learning","Streamline","Buffer+1","Reinforced Body+1","White Noise","Scrape","Auto Shields","Sweeping Beam+1","Flash of Steel","Heatsinks"],"relics":["Cracked Core","MawBank","Shuriken","Golden Idol","Lizard Tail","Enchiridion","MutagenicStrength","WarpedTongs","Singing Bowl","Vajra","Ginger","Dodecahedron","Centennial Puzzle","Nuclear Battery","Girya","Gambling Chip","Kunai","Pantograph"],"potions_floor_usage":[6,16,23,29,40,50,50,50,55,55,55],"damage_taken":[{"damage":5,"enemies":"Small Slimes","floor":1,"turns":3},{"damage":1,"enemies":"2 Louse","floor":2,"turns":2},{"damage":1,"enemies":"Cultist","floor":3,"turns":3},{"damage":9,"enemies":"Blue Slaver","floor":4,"turns":3},{"damage":1,"enemies":"Exordium Wildlife","floor":5,"turns":3},{"damage":23,"enemies":"3 Sentries","floor":6,"turns":6},{"damage":5,"enemies":"Lots of Slimes","floor":12,"turns":3},{"damage":0,"enemies":"Looter","floor":13,"turns":2},{"damage":17,"enemies":"Slime Boss","floor":16,"turns":8},{"damage":28,"enemies":"Shell Parasite","floor":18,"turns":5},{"damage":10,"enemies":"Chosen","floor":22,"turns":4},{"damage":22,"enemies":"Gremlin Leader","floor":23,"turns":8},{"damage":8,"enemies":"Snecko","floor":27,"turns":3},{"damage":16,"enemies":"Colosseum Slavers","floor":29,"turns":4},{"damage":20,"enemies":"Colosseum Nobs","floor":29,"turns":4},{"damage":75,"enemies":"Automaton","floor":33,"turns":7},{"damage":40,"enemies":"Orb Walker","floor":35,"turns":4},{"damage":19,"enemies":"Mind Bloom Boss Battle","floor":36,"turns":7},{"damage":32,"enemies":"3 Darklings","floor":37,"turns":6},{"damage":23,"enemies":"Maw","floor":40,"turns":5},{"damage":17,"enemies":"4 Shapes","floor":41,"turns":6},{"damage":38,"enemies":"Sphere and 2 Shapes","floor":44,"turns":6},{"damage":37,"enemies":"Transient","floor":46,"turns":5},{"damage":36,"enemies":"Jaw Worm Horde","floor":47,"turns":6},{"damage":0,"enemies":"4 Shapes","floor":48,"turns":6},{"damage":95,"enemies":"Donu and Deca","floor":50,"turns":11},{"damage":50,"enemies":"Shield and Spear","floor":54,"turns":5},{"damage":87,"enemies":"The Heart","floor":55,"turns":6}],"seed_played":"-5587254640843903101","potions_obtained":[{"floor":2,"key":"Energy Potion"},{"floor":4,"key":"LiquidBronze"},{"floor":5,"key":"GamblersBrew"},{"floor":16,"key":"EssenceOfSteel"},{"floor":22,"key":"Swift Potion"},{"floor":27,"key":"SpeedPotion"},{"floor":29,"key":"SteroidPotion"},{"floor":36,"key":"Dexterity Potion"},{"floor":40,"key":"SkillPotion"},{"floor":54,"key":"Fruit Juice"}],"is_trial":false,"path_per_floor":["M","M","M","M","M","E","R","?","T","R","?","M","M","?","R","B",null,"M","?","?","?","M","E","?","$","T","M","R","?","R","T","R","B",null,"M","?","M","$","?","M","M","R","T","M","R","M","M","M","R","B",null,"R","$","E","B"],"character_chosen":"DEFECT","items_purchased":["Amplify","Machine Learning","Vajra","White Noise","Scrape","Auto Shields","Kunai","Flash of Steel","PowerPotion","Block Potion","Heatsinks","LiquidBronze"],"campfire_rested":3,"item_purchase_floors":[25,25,25,38,38,38,53,53,53,53,53,53],"current_hp_per_floor":[70,69,68,59,58,35,57,50,50,50,50,45,45,27,49,39,75,61,45,45,45,42,49,49,49,49,55,55,56,56,56,79,11,79,55,64,55,55,55,55,87,87,87,86,86,86,86,93,93,46,93,93,93,55,0],"gold":55,"neow_bonus":"TRANSFORM_CARD","is_prod":false,"is_daily":false,"chose_seed":false,"campfire_upgraded":3,"win_rate":0,"timestamp":1550183965,"path_taken":["M","M","M","M","M","E","R","?","T","R","?","?","M","?","R","BOSS","M","?","?","?","?","E","?","$","T","M","R","?","R","?","R","BOSS","M","?","M","$","?","M","?","R","T","M","R","M","M","M","R","BOSS","R","$","E","BOSS"],"build_version":"2019-01-23","purchased_purges":1,"victory":false,"max_hp_per_floor":[75,75,75,75,75,75,75,75,75,75,75,75,75,75,75,75,75,75,75,75,75,75,77,77,77,77,77,77,79,79,79,79,79,79,81,81,83,83,83,85,87,87,87,89,89,91,93,93,93,93,93,93,93,95,100],"card_choices":[{"not_picked":["Hologram","Steam"],"picked":"FTL","floor":1},{"not_picked":["Stack","Barrage","Rip and Tear"],"picked":"SKIP","floor":2},{"not_picked":["Rebound","Coolheaded"],"picked":"Beam Cell","floor":3},{"not_picked":["Steam Power","Double Energy"],"picked":"Go for the Eyes","floor":4},{"not_picked":["Go for the Eyes","Redo","Sweeping Beam"],"picked":"SKIP","floor":5},{"not_picked":["Coolheaded","Storm"],"picked":"FTL","floor":6},{"not_picked":["Compile Driver","Beam Cell","Reprogram"],"picked":"SKIP","floor":12},{"not_picked":["Melter","Sweeping Beam"],"picked":"Self Repair","floor":13},{"not_picked":["Meteor Strike","Hyperbeam"],"picked":"Echo Form","floor":16},{"not_picked":["Coolheaded","Barrage"],"picked":"Rebound+1","floor":18},{"not_picked":["Lockon","Doom and Gloom"],"picked":"Self Repair","floor":22},{"not_picked":["Streamline","Auto Shields","Biased Cognition"],"picked":"Singing Bowl","floor":23},{"not_picked":["Cold Snap","Capacitor"],"picked":"Streamline","floor":27},{"not_picked":["Redo","Loop+1","Go for the Eyes+1"],"picked":"Singing Bowl","floor":29},{"not_picked":["Fission","Electrodynamics"],"picked":"Buffer","floor":33},{"not_picked":["Coolheaded+1","Streamline","Defragment"],"picked":"Singing Bowl","floor":35},{"not_picked":["Steam+1","Go for the Eyes+1"],"picked":"Reinforced Body+1","floor":36},{"not_picked":["Beam Cell","Turbo+1","Fusion"],"picked":"Singing Bowl","floor":37},{"not_picked":["Storm","Reprogram+1","Redo+1"],"picked":"Singing Bowl","floor":40},{"not_picked":["Barrage","Blizzard+1","Stack"],"picked":"Singing Bowl","floor":41},{"not_picked":["Auto Shields","Reboot","Coolheaded"],"picked":"Singing Bowl","floor":44},{"not_picked":["Go for the Eyes+1","Turbo+1","Ball Lightning"],"picked":"Singing Bowl","floor":46},{"not_picked":["Steam","Redo+1","Turbo+1"],"picked":"Singing Bowl","floor":47},{"not_picked":["Turbo","Barrage"],"picked":"Sweeping Beam+1","floor":48},{"not_picked":["All For One","Chaos+1","Static Discharge"],"picked":"Singing Bowl","floor":54}],"player_experience":430950,"relics_obtained":[{"floor":6,"key":"MawBank"},{"floor":9,"key":"Shuriken"},{"floor":19,"key":"Enchiridion"},{"floor":23,"key":"Singing Bowl"},{"floor":29,"key":"Ginger"},{"floor":29,"key":"Dodecahedron"},{"floor":31,"key":"Centennial Puzzle"},{"floor":36,"key":"Girya"},{"floor":43,"key":"Gambling Chip"},{"floor":54,"key":"Pantograph"}],"event_choices":[{"cards_removed":["Dualcast"],"damage_healed":0,"gold_gain":0,"player_choice":"Card Removal","damage_taken":7,"max_hp_gain":0,"max_hp_loss":0,"event_name":"Golden Wing","floor":8,"gold_loss":0},{"cards_removed":["Strike_B"],"damage_healed":0,"gold_gain":0,"player_choice":"Purged","damage_taken":0,"max_hp_gain":0,"max_hp_loss":0,"event_name":"Purifier","floor":11,"gold_loss":0},{"damage_healed":0,"gold_gain":0,"player_choice":"Take Damage","damage_taken":18,"relics_obtained":["Golden Idol"],"max_hp_gain":0,"max_hp_loss":0,"event_name":"Golden Idol","floor":14,"gold_loss":0},{"damage_healed":0,"gold_gain":0,"player_choice":"Obtained Book","damage_taken":16,"max_hp_gain":0,"max_hp_loss":0,"event_name":"Cursed Tome","floor":19,"gold_loss":0},{"damage_healed":0,"gold_gain":0,"player_choice":"Inject Mutagens","damage_taken":0,"relics_obtained":["MutagenicStrength"],"max_hp_gain":0,"max_hp_loss":0,"event_name":"Drug Dealer","floor":20,"gold_loss":0},{"damage_healed":0,"gold_gain":0,"player_choice":"Rummage","damage_taken":0,"relics_obtained":["WarpedTongs"],"max_hp_gain":0,"max_hp_loss":0,"event_name":"Accursed Blacksmith","floor":21,"gold_loss":0,"cards_obtained":["Pain"]},{"damage_healed":0,"gold_gain":0,"player_choice":"Ignored","damage_taken":0,"max_hp_gain":0,"max_hp_loss":0,"event_name":"Vampires","floor":24,"gold_loss":0},{"damage_healed":0,"gold_gain":0,"player_choice":"Fight","damage_taken":0,"max_hp_gain":0,"max_hp_loss":0,"event_name":"Colosseum","floor":29,"gold_loss":0},{"damage_healed":0,"gold_gain":0,"player_choice":"Fought Nobs","damage_taken":0,"max_hp_gain":0,"max_hp_loss":0,"event_name":"Colosseum","floor":29,"gold_loss":0},{"damage_healed":0,"gold_gain":0,"player_choice":"Fight","damage_taken":0,"max_hp_gain":0,"max_hp_loss":0,"event_name":"MindBloom","floor":36,"gold_loss":0},{"damage_healed":0,"gold_gain":0,"player_choice":"Ignored","damage_taken":0,"max_hp_gain":0,"max_hp_loss":0,"event_name":"Tomb of Lord Red Mask","floor":39,"gold_loss":0}],"is_beta":false,"boss_relics":[{"not_picked":["Fusion Hammer","Velvet Choker"],"picked":"Lizard Tail"},{"not_picked":["Empty Cage","Cursed Key"],"picked":"Nuclear Battery"}],"items_purged_floors":[25],"is_endless":false,"potions_floor_spawned":[2,4,5,16,22,27,29,36,37,40,44,47,54],"killed_by":"The Heart","ascension_level":0}