{"gold_per_floor":[114,134,148,83,97,122,122,139,139,155,10,10,40,55,55,151,151],"floor_reached":17,"playtime":1040,"items_purged":[],"score":279,"play_id":"84275b7c-9ef9-4e55-a769-eea78bdadf29","local_time":"20181219002613","is_ascension_mode":true,"campfire_choices":[{"data":"Finisher","floor":7.0,"key":"SMITH"},{"floor":12.0,"key":"REST"},{"floor":15.0,"key":"REST"}],"neow_cost":"NONE","seed_source_timestamp":0,"circlet_count":0,"master_deck":["AscendersBane","Defend_G","Defend_G","Defend_G","Defend_G","Defend_G","Strike_G","Strike_G","Strike_G","Strike_G","Strike_G","Survivor","Neutralize","Well Laid Plans","Dagger Throw","Finisher+1","Dagger Throw","Expertise","Glass Knife","Quick Slash","After Image","Flying Knee","Sucker Punch","Adrenaline"],"special_seed":0,"relics":["Black Star","Happy Flower","Pear","Calipers","Prayer Wheel","Strawberry","Orichalcum"],"potions_floor_usage":[],"damage_taken":[{"damage":2.0,"enemies":"2 Louse","floor":1.0,"turns":5.0},{"damage":0.0,"enemies":"Cultist","floor":2.0,"turns":5.0},{"damage":7.0,"enemies":"Small Slimes","floor":3.0,"turns":5.0},{"damage":7.0,"enemies":"3 Louse","floor":5.0,"turns":4.0},{"damage":20.0,"enemies":"Lagavulin","floor":6.0,"turns":6.0},{"damage":14.0,"enemies":"Exordium Wildlife","floor":8.0,"turns":4.0},{"damage":1.0,"enemies":"2 Fungi Beasts","floor":10.0,"turns":4.0},{"damage":19.0,"enemies":"3 Sentries","floor":13.0,"turns":10.0},{"damage":1.0,"enemies":"3 Louse","floor":14.0,"turns":2.0},{"damage":51.0,"enemies":"Slime Boss","floor":16.0,"turns":16.0}],"seed_played":"7547458616410122003","potions_obtained":[{"floor":3.0,"key":"EntropicBrew"},{"floor":5.0,"key":"Ancient Potion"},{"floor":8.0,"key":"SkillPotion"},{"floor":13.0,"key":"SpeedPotion"},{"floor":14.0,"key":"GhostInAJar"},{"floor":16.0,"key":"SkillPotion"}],"is_trial":false,"path_per_floor":["M","M","M","?","M","E","R","M","T","M","$","R","E","M","R","B",null],"character_chosen":"THE_SILENT","items_purchased":["After Image"],"campfire_rested":2,"item_purchase_floors":[11],"current_hp_per_floor":[61,61,54,54,59,49,49,35,35,34,34,58,46,45,71,20,20],"gold":151,"neow_bonus":"BOSS_RELIC","is_prod":false,"is_daily":false,"chose_seed":false,"campfire_upgraded":1,"win_rate":0,"timestamp":1545186373,"path_taken":["M","M","M","?","M","E","R","M","T","?","$","R","E","M","R","BOSS"],"build_version":"2018-12-13","purchased_purges":0,"victory":false,"max_hp_per_floor":[70,70,70,70,70,80,80,80,80,80,80,80,87,87,87,87,87],"card_choices":[{"not_picked":["Dodge and Roll","Prepared"],"picked":"Well Laid Plans","floor":1.0},{"not_picked":["Choke","Calculated Gamble","Distraction"],"picked":"SKIP","floor":2.0},{"not_picked":["Poisoned Stab","Riddle With Holes"],"picked":"Dagger Throw","floor":3.0},{"not_picked":["Terror","Backflip"],"picked":"Finisher","floor":5.0},{"not_picked":["Masterful Stab","Blade Dance"],"picked":"Dagger Throw","floor":6.0},{"not_picked":["Bouncing Flask","Underhanded Strike"],"picked":"Expertise","floor":8.0},{"not_picked":["Outmaneuver","Dagger Throw"],"picked":"Glass Knife","floor":10.0},{"not_picked":["Concentrate","All Out Attack"],"picked":"Quick Slash","floor":10.0},{"not_picked":["Slice","Bane"],"picked":"Flying Knee","floor":13.0},{"not_picked":["Slice","Flechettes"],"picked":"Sucker Punch","floor":14.0},{"not_picked":["Slice","Distraction","Flechettes"],"picked":"SKIP","floor":14.0},{"not_picked":["Tools of the Trade","Wraith Form v2"],"picked":"Adrenaline","floor":16.0}],"player_experience":610381,"relics_obtained":[{"floor":6.0,"key":"Pear"},{"floor":6.0,"key":"Calipers"},{"floor":9.0,"key":"Prayer Wheel"},{"floor":13.0,"key":"Strawberry"},{"floor":13.0,"key":"Orichalcum"}],"event_choices":[{"damage_healed":0.0,"max_hp_gain":0.0,"max_hp_loss":0.0,"gold_gain":0.0,"event_name":"WeMeetAgain","player_choice":"Paid Gold","floor":4.0,"gold_loss":65.0,"damage_taken":0.0,"relics_obtained":["Happy Flower"]}],"is_beta":false,"boss_relics":[],"items_purged_floors":[],"is_endless":false,"potions_floor_spawned":[3,5,8,13,14,16],"ascension_level":10}