{"gold_per_floor":[114,39,54,69,84,114,114,144,144,144,174,184,214,229,229,329,329,344,344,106,121,136,166,166,181,181,106,106,121,121,151,151,251,251,278,305,317,344,371,413,440,467,504,516,528,540,582,169,169,169],"floor_reached":51,"playtime":3762,"items_purged":["Iron Wave","Thunderclap","Writhe"],"score":802,"play_id":"de0624eb-c163-4986-805c-6371b45dac0c","local_time":"20190308170424","daily_mods":["SealedDeck","Time Dilation","Binary"],"is_ascension_mode":false,"campfire_choices":[{"data":"Armaments","floor":7,"key":"SMITH"},{"data":"Metallicize","floor":10,"key":"SMITH"},{"data":"True Grit","floor":15,"key":"SMITH"},{"data":"Armaments","floor":24,"key":"SMITH"},{"data":"Shrug It Off","floor":30,"key":"SMITH"},{"data":"Disarm","floor":32,"key":"SMITH"},{"data":"Uppercut","floor":46,"key":"SMITH"},{"data":"Decay","floor":49,"key":"PURGE"}],"neow_cost":"","seed_source_timestamp":0,"circlet_count":0,"master_deck":["Cleave","Armaments+1","Body Slam","Armaments+1","Whirlwind","Shrug It Off+1","Metallicize+1","Disarm+1","Battle Trance","True Grit+1","Uppercut+1","Juggernaut+1","Swift Strike","Doubt"],"special_seed":17963,"relics":["Burning Blood","Bronze Scales","Frozen Egg 2","PreservedInsect","Odd Mushroom","Lantern","Busted Crown","Nloth\u0027s Gift","Self Forming Clay","Peace Pipe","Turnip","Calling Bell","MawBank","Mummified Hand","Thread and Needle","Omamori","Boot","Juzu Bracelet","Unceasing Top"],"potions_floor_usage":[33,33,33,47,50,50,50,50],"damage_taken":[{"damage":0,"enemies":"Cultist","floor":1,"turns":5},{"damage":0,"enemies":"Small Slimes","floor":3,"turns":6},{"damage":2,"enemies":"2 Louse","floor":4,"turns":2},{"damage":11,"enemies":"Exordium Thugs","floor":5,"turns":6},{"damage":6,"enemies":"Gremlin Nob","floor":6,"turns":4},{"damage":7,"enemies":"3 Sentries","floor":8,"turns":5},{"damage":0,"enemies":"Lagavulin","floor":11,"turns":6},{"damage":0,"enemies":"The Mushroom Lair","floor":12,"turns":4},{"damage":5,"enemies":"3 Sentries","floor":13,"turns":4},{"damage":0,"enemies":"Blue Slaver","floor":14,"turns":2},{"damage":7,"enemies":"The Guardian","floor":16,"turns":12},{"damage":7,"enemies":"Shell Parasite","floor":18,"turns":4},{"damage":0,"enemies":"3 Byrds","floor":21,"turns":3},{"damage":0,"enemies":"Cultist and Chosen","floor":22,"turns":4},{"damage":0,"enemies":"Gremlin Leader","floor":23,"turns":4},{"damage":0,"enemies":"Shelled Parasite and Fungi","floor":25,"turns":3},{"damage":0,"enemies":"Centurion and Healer","floor":29,"turns":4},{"damage":0,"enemies":"Book of Stabbing","floor":31,"turns":4},{"damage":12,"enemies":"Champ","floor":33,"turns":8},{"damage":2,"enemies":"3 Shapes","floor":35,"turns":4},{"damage":0,"enemies":"3 Darklings","floor":36,"turns":3},{"damage":14,"enemies":"Transient","floor":38,"turns":5},{"damage":9,"enemies":"Maw","floor":39,"turns":7},{"damage":5,"enemies":"Nemesis","floor":40,"turns":5},{"damage":5,"enemies":"Spire Growth","floor":41,"turns":4},{"damage":3,"enemies":"Sphere and 2 Shapes","floor":42,"turns":4},{"damage":3,"enemies":"Reptomancer","floor":47,"turns":5},{"damage":11,"enemies":"Awakened One","floor":50,"turns":10}],"seed_played":"-4512309854435901200","potions_obtained":[{"floor":1,"key":"EssenceOfSteel"},{"floor":4,"key":"Swift Potion"},{"floor":6,"key":"Strength Potion"},{"floor":11,"key":"Ancient Potion"},{"floor":12,"key":"SpeedPotion"},{"floor":35,"key":"Strength Potion"},{"floor":38,"key":"Dexterity Potion"},{"floor":39,"key":"GamblersBrew"}],"is_trial":false,"path_per_floor":["M","$","M","M","M","E","R","E","T","R","E","?","E","M","R","B",null,"M","?","$","M","M","E","R","M","T","?","?","M","R","E","R","B",null,"M","M","?","M","M","E","M","M","T","?","?","R","E","$","R","B",null],"character_chosen":"IRONCLAD","items_purchased":["Shrug It Off","Swift Strike","Unceasing Top"],"campfire_rested":0,"item_purchase_floors":[20,20,48],"current_hp_per_floor":[80,80,80,80,75,75,75,74,74,74,80,80,80,80,80,79,80,79,79,79,80,80,80,80,80,80,80,80,80,80,80,80,74,80,80,80,80,72,69,70,71,74,74,74,74,74,76,76,76,71],"gold":169,"neow_bonus":"","is_prod":false,"is_daily":true,"chose_seed":false,"campfire_upgraded":7,"win_rate":0,"timestamp":1552061064,"path_taken":["M","?","M","M","?","E","R","E","T","R","E","?","E","M","R","BOSS","M","?","$","?","M","E","R","M","T","?","?","?","R","E","R","BOSS","M","?","?","M","M","E","M","M","T","?","?","R","E","$","R","BOSS"],"build_version":"2019-01-23","purchased_purges":3,"victory":true,"max_hp_per_floor":[80,80,80,80,80,80,80,80,80,80,80,80,80,80,80,80,80,80,80,80,80,80,80,80,80,80,80,80,80,80,80,80,80,80,80,80,80,80,80,80,80,80,80,76,76,76,76,76,76,76],"card_choices":[{"not_picked":["Heavy Blade","Evolve"],"picked":"SKIP","floor":1},{"not_picked":["Heavy Blade"],"picked":"Thunderclap","floor":3},{"not_picked":["Havoc","Perfected Strike"],"picked":"SKIP","floor":4},{"not_picked":["Corruption","Sword Boomerang"],"picked":"SKIP","floor":5},{"not_picked":["Whirlwind"],"picked":"Battle Trance","floor":6},{"not_picked":["Second Wind","Armaments"],"picked":"SKIP","floor":8},{"not_picked":["Wild Strike"],"picked":"True Grit","floor":11},{"not_picked":["Havoc"],"picked":"Uppercut","floor":13},{"not_picked":["Sword Boomerang","Cleave"],"picked":"SKIP","floor":14},{"not_picked":["Dark Embrace+1"],"picked":"Juggernaut+1","floor":16}],"player_experience":120007,"relics_obtained":[{"floor":6,"key":"Bronze Scales"},{"floor":8,"key":"Potion Belt"},{"floor":9,"key":"Frozen Egg 2"},{"floor":11,"key":"PreservedInsect"},{"floor":12,"key":"Odd Mushroom"},{"floor":13,"key":"Lantern"},{"floor":23,"key":"Self Forming Clay"},{"floor":26,"key":"Peace Pipe"},{"floor":31,"key":"Turnip"},{"floor":34,"key":"MawBank"},{"floor":34,"key":"Mummified Hand"},{"floor":34,"key":"Thread and Needle"},{"floor":40,"key":"Omamori"},{"floor":43,"key":"Boot"},{"floor":47,"key":"Juzu Bracelet"}],"event_choices":[{"damage_healed":0,"gold_gain":0,"player_choice":"Fought Mushrooms","damage_taken":0,"max_hp_gain":0,"max_hp_loss":0,"event_name":"Mushrooms","floor":12,"gold_loss":0},{"damage_healed":0,"gold_gain":0,"player_choice":"Traded Relic","damage_taken":0,"relics_obtained":["Nloth\u0027s Gift"],"max_hp_gain":0,"max_hp_loss":0,"event_name":"N\u0027loth","floor":19,"relics_lost":["Potion Belt"],"gold_loss":0},{"cards_removed":["Rampage"],"damage_healed":0,"gold_gain":0,"player_choice":"Gave Gold","damage_taken":0,"max_hp_gain":0,"max_hp_loss":0,"event_name":"Beggar","floor":27,"gold_loss":75},{"damage_healed":0,"gold_gain":0,"player_choice":"Full Heal","damage_taken":0,"max_hp_gain":0,"max_hp_loss":0,"event_name":"Wheel of Change","floor":28,"gold_loss":0},{"damage_healed":0,"gold_gain":0,"player_choice":"Ignored","damage_taken":0,"max_hp_gain":0,"max_hp_loss":0,"event_name":"Tomb of Lord Red Mask","floor":37,"gold_loss":0},{"damage_healed":0,"gold_gain":0,"player_choice":"Max HP","damage_taken":0,"max_hp_gain":0,"max_hp_loss":4,"event_name":"Winding Halls","floor":44,"gold_loss":0},{"cards_removed":["Shrug It Off"],"damage_healed":0,"gold_gain":0,"player_choice":"Removed Skill","damage_taken":0,"max_hp_gain":0,"max_hp_loss":0,"event_name":"Falling","floor":45,"gold_loss":0}],"is_beta":false,"boss_relics":[{"not_picked":["White Beast Statue","Runic Dome"],"picked":"Busted Crown"},{"not_picked":["Orrery","Sozu"],"picked":"Calling Bell"}],"items_purged_floors":[2,20,48],"is_endless":false,"potions_floor_spawned":[1,4,6,11,12,14,22,25,31,35,38,39,42],"ascension_level":0}