{"gold_per_floor":[362,373,14,0,18,52,52,69,69,98,98,50,62,72,72,147,147,161,161,76,76,89,89,117,117,171,183,211,64,79,41,41,117,117,137,137,137,50,70,70,105,105,131,143,156,156,156],"floor_reached":47,"playtime":4003,"items_purged":[],"score":1021,"play_id":"b73f8d24-0379-4b51-9cfd-8d715cd49917","local_time":"20190310123849","is_ascension_mode":true,"campfire_choices":[{"data":"Footwork","floor":7.0,"key":"SMITH"},{"floor":11.0,"key":"REST"},{"data":"Noxious Fumes","floor":15.0,"key":"SMITH"},{"floor":23,"key":"REST"},{"floor":25,"key":"REST"},{"data":"Burst","floor":27,"key":"SMITH"},{"floor":32,"key":"REST"},{"floor":40,"key":"REST"},{"floor":42,"key":"REST"},{"floor":46,"key":"REST"}],"neow_cost":"TEN_PERCENT_HP_LOSS","seed_source_timestamp":308318122739801,"circlet_count":0,"master_deck":["AscendersBane","Defend_G+1","Defend_G+1","Defend_G+1","Defend_G+1","Defend_G+1","Strike_G+1","Strike_G+1","Strike_G+1","Survivor","Neutralize+1","Backflip","Footwork+1","Quick Slash","Calculated Gamble","Dodge and Roll","Tools of the Trade","Noxious Fumes+1","Underhanded Strike","Skewer","Burst+1","Blur","Bane","Dash","Cloak And Dagger+1","Dodge and Roll","Backflip+1","Blade Dance+1","Catalyst+1","Die Die Die","Deflect+1","Escape Plan+1","Good Instincts+1","Deadly Poison+1","After Image","Sucker Punch+1","Leg Sweep+1"],"special_seed":0,"relics":["Ring of the Snake","Membership Card","Happy Flower","Whetstone","Blood Vial","Odd Mushroom","Sozu","Sundial","Snake Skull","MawBank","Toxic Egg 2","Fusion Hammer","Strawberry","Boot"],"potions_floor_usage":[41],"damage_taken":[{"damage":1.0,"enemies":"Cultist","floor":1.0,"turns":5.0},{"damage":1.0,"enemies":"Jaw Worm","floor":2.0,"turns":4.0},{"damage":0.0,"enemies":"Small Slimes","floor":5.0,"turns":4.0},{"damage":27.0,"enemies":"3 Sentries","floor":6.0,"turns":16.0},{"damage":0.0,"enemies":"3 Louse","floor":8.0,"turns":5.0},{"damage":11.0,"enemies":"The Mushroom Lair","floor":10.0,"turns":6.0},{"damage":6.0,"enemies":"Large Slime","floor":13.0,"turns":5.0},{"damage":0.0,"enemies":"Blue Slaver","floor":14.0,"turns":6.0},{"damage":18.0,"enemies":"Slime Boss","floor":16.0,"turns":11.0},{"damage":13.0,"enemies":"Shell Parasite","floor":18.0,"turns":7.0},{"damage":5.0,"enemies":"Chosen","floor":22.0,"turns":6.0},{"damage":32,"enemies":"Gremlin Leader","floor":24,"turns":10},{"damage":8,"enemies":"Snake Plant","floor":28,"turns":5},{"damage":0,"enemies":"Centurion and Healer","floor":30,"turns":7},{"damage":41,"enemies":"Automaton","floor":33,"turns":12},{"damage":0,"enemies":"Orb Walker","floor":35,"turns":5},{"damage":6,"enemies":"3 Darklings","floor":39,"turns":5},{"damage":8,"enemies":"Reptomancer","floor":41,"turns":7},{"damage":13,"enemies":"Transient","floor":44,"turns":6},{"damage":55,"enemies":"Writhing Mass","floor":45,"turns":6},{"damage":29,"enemies":"Maw","floor":47,"turns":9}],"seed_played":"-1918571599047943577","potions_obtained":[{"floor":2.0,"key":"SkillPotion"},{"floor":8.0,"key":"GamblersBrew"},{"floor":13.0,"key":"GhostInAJar"},{"floor":14.0,"key":"Ancient Potion"}],"is_trial":false,"path_per_floor":["M","M","$","?","M","E","R","M","T","?","R","$","M","M","R","B",null,"M","?","?","?","M","R","E","R","T","R","M","$","M","$","R","B",null,"M","?","?","$","M","R","E","R","T","M","M","R","M"],"character_chosen":"THE_SILENT","items_purchased":["Membership Card","Footwork","Happy Flower","Noxious Fumes","Underhanded Strike","Toxic Egg 2","Backflip+1","Catalyst+1","Escape Plan+1","Good Instincts+1"],"campfire_rested":7,"item_purchase_floors":[3,3,3,12,12,29,29,31,38,38],"current_hp_per_floor":[58,57,57,57,57,30,30,30,30,21,39,39,35,37,37,21,50,39,39,39,39,36,54,24,42,42,42,36,36,38,38,56,17,49,51,51,48,48,44,60,59,67,67,54,1,21,0],"gold":156,"neow_bonus":"TWO_FIFTY_GOLD","is_prod":false,"is_daily":false,"chose_seed":false,"campfire_upgraded":3,"win_rate":0,"timestamp":1552221529,"path_taken":["M","?","$","?","M","E","R","M","T","?","R","?","M","M","R","BOSS","M","?","?","?","?","R","E","R","T","R","M","?","M","$","R","BOSS","M","?","?","$","?","R","E","R","T","M","M","R","M"],"build_version":"2019-01-23","purchased_purges":0,"victory":false,"max_hp_per_floor":[60,60,60,60,60,60,60,60,60,60,60,60,60,60,60,60,60,60,60,60,60,60,60,60,60,60,60,60,60,60,60,60,60,60,60,60,60,60,60,60,67,67,67,67,67,67,67],"card_choices":[{"not_picked":["All Out Attack","Accuracy"],"picked":"Backflip","floor":1.0},{"not_picked":["Tactician","Backflip","Eviscerate"],"picked":"SKIP","floor":2.0},{"not_picked":["Bane","Riddle With Holes"],"picked":"Quick Slash","floor":5.0},{"not_picked":["Acrobatics","Concentrate"],"picked":"Calculated Gamble","floor":6.0},{"not_picked":["Dagger Throw","Backflip"],"picked":"Dodge and Roll","floor":8.0},{"not_picked":["Outmaneuver","Setup"],"picked":"Tools of the Trade","floor":10.0},{"not_picked":["Prepared","Quick Slash"],"picked":"Skewer","floor":13.0},{"not_picked":["Flechettes","Backflip","Calculated Gamble"],"picked":"SKIP","floor":14.0},{"not_picked":["Bullet Time","Storm of Steel"],"picked":"Burst","floor":16.0},{"not_picked":["Sucker Punch","Endless Agony","PiercingWail"],"picked":"SKIP","floor":18.0},{"not_picked":["Underhanded Strike","PiercingWail"],"picked":"Dash","floor":22},{"not_picked":["Prepared","Night Terror"],"picked":"Cloak And Dagger+1","floor":24},{"not_picked":["Concentrate","Sucker Punch"],"picked":"Dodge and Roll","floor":28},{"not_picked":["Endless Agony","Infinite Blades"],"picked":"Blade Dance+1","floor":30},{"not_picked":["A Thousand Cuts","Night Terror+1"],"picked":"Die Die Die","floor":33},{"not_picked":["Cloak And Dagger+1","Dodge and Roll+1"],"picked":"Deflect+1","floor":35},{"not_picked":["Terror+1","Backflip+1"],"picked":"Deadly Poison+1","floor":39},{"not_picked":["Terror+1","Night Terror+1"],"picked":"After Image","floor":41},{"not_picked":["Infinite Blades","Slice+1"],"picked":"Sucker Punch+1","floor":44},{"not_picked":["Backstab+1","Deflect+1"],"picked":"Leg Sweep+1","floor":45}],"player_experience":1347192,"relics_obtained":[{"floor":6.0,"key":"Whetstone"},{"floor":9.0,"key":"Blood Vial"},{"floor":10.0,"key":"Odd Mushroom"},{"floor":24,"key":"Snake Skull"},{"floor":26,"key":"MawBank"},{"floor":41,"key":"Strawberry"},{"floor":43,"key":"Boot"}],"event_choices":[{"damage_healed":0.0,"max_hp_gain":0.0,"max_hp_loss":0.0,"gold_gain":0.0,"event_name":"World of Goop","player_choice":"Left Gold","floor":4.0,"gold_loss":14.0,"damage_taken":0.0},{"damage_healed":0.0,"max_hp_gain":0.0,"max_hp_loss":0.0,"gold_gain":0.0,"event_name":"Mushrooms","player_choice":"Fought Mushrooms","floor":10.0,"gold_loss":0.0,"damage_taken":0.0},{"damage_healed":0.0,"max_hp_gain":0.0,"max_hp_loss":0.0,"gold_gain":0.0,"cards_transformed":["Strike_G","Strike_G"],"event_name":"Drug Dealer","player_choice":"Became Test Subject","floor":19.0,"gold_loss":0.0,"damage_taken":0.0,"cards_obtained":["Blur","Bane"]},{"damage_healed":0.0,"max_hp_gain":0.0,"max_hp_loss":0.0,"gold_gain":0.0,"event_name":"Addict","player_choice":"Obtained Relic","floor":20.0,"gold_loss":85.0,"damage_taken":0.0,"relics_obtained":["Sundial"]},{"damage_healed":0.0,"max_hp_gain":0.0,"max_hp_loss":0.0,"gold_gain":0.0,"event_name":"Back to Basics","player_choice":"Simplicity","floor":21.0,"gold_loss":0.0,"damage_taken":0.0,"cards_upgraded":["Defend_G","Defend_G","Defend_G","Defend_G","Defend_G","Strike_G","Strike_G"]},{"damage_healed":0,"gold_gain":0,"player_choice":"Ignored","damage_taken":0,"max_hp_gain":0,"max_hp_loss":0,"event_name":"Tomb of Lord Red Mask","floor":36,"gold_loss":0},{"damage_healed":0,"gold_gain":0,"player_choice":"Bought 0 Potions","damage_taken":0,"max_hp_gain":0,"max_hp_loss":0,"event_name":"The Woman in Blue","floor":37,"gold_loss":0}],"is_beta":false,"boss_relics":[{"not_picked":["Busted Crown","Runic Dome"],"picked":"Sozu"},{"not_picked":["Black Star","Tiny House"],"picked":"Fusion Hammer"}],"items_purged_floors":[],"is_endless":false,"potions_floor_spawned":[2,8,13,14,22,28,30,39,45],"killed_by":"Maw","ascension_level":20}