{"gold_per_floor":[117,137,61,61,236,275,275,293,293,327,105,128,108,131,131,257,257,271,370,370,18,18,18,32,53,53,71,21,55,55,98,110,246,258,294,306,318,355,382,394,431,199,271,571,584,584,584,619,619,619,619,619,58,92,92],"floor_reached":55,"playtime":3155,"items_purged":["Strike_R","Doubt","Strike_R","Strike_R","Clumsy"],"score":940,"play_id":"6eb05674-443e-4040-83c5-96f58990c32a","local_time":"20190310200001","is_ascension_mode":true,"campfire_choices":[{"data":"Flame Barrier","floor":7.0,"key":"SMITH"},{"data":"Spot Weakness","floor":15.0,"key":"SMITH"},{"floor":23.0,"key":"DIG"},{"floor":30.0,"key":"DIG"},{"floor":32.0,"key":"DIG"},{"floor":40,"key":"DIG"},{"floor":44,"key":"DIG"},{"floor":46,"key":"DIG"},{"floor":49,"key":"RECALL"},{"floor":52,"key":"DIG"}],"neow_cost":"NONE","seed_source_timestamp":0,"circlet_count":0,"master_deck":["Strike_R","Strike_R+1","Defend_R","Defend_R","Defend_R","Defend_R","Bash+1","Heavy Blade","Flame Barrier+1","Dual Wield+1","Spot Weakness+1","Feed","Dropkick","Inflame","Intimidate","Barricade","Pummel","Metallicize+1","Pommel Strike+1","Shockwave","Flame Barrier+1","Flame Barrier+1","Double Tap","Body Slam+1"],"special_seed":0,"relics":["Burning Blood","NeowsBlessing","Golden Idol","Whetstone","Ornamental Fan","Bag of Preparation","Pen Nib","Smiling Mask","Runic Pyramid","MutagenicStrength","Shovel","Art of War","Strawberry","Ancient Tea Set","MawBank","Juzu Bracelet","Cursed Key","PreservedInsect","Lantern","Gremlin Horn","Old Coin","Pear","The Courier","Mummified Hand","Bronze Scales","Vajra","Paper Frog","Red Skull"],"potions_floor_usage":[39,41,50,50,50,55],"damage_taken":[{"damage":0.0,"enemies":"Jaw Worm","floor":1.0,"turns":1.0},{"damage":0.0,"enemies":"Small Slimes","floor":2.0,"turns":1.0},{"damage":0.0,"enemies":"Gremlin Nob","floor":6.0,"turns":1.0},{"damage":0.0,"enemies":"2 Louse","floor":8.0,"turns":1.0},{"damage":20.0,"enemies":"3 Sentries","floor":10.0,"turns":8.0},{"damage":12.0,"enemies":"Exordium Thugs","floor":14.0,"turns":6.0},{"damage":21.0,"enemies":"The Guardian","floor":16.0,"turns":11.0},{"damage":46.0,"enemies":"Spheric Guardian","floor":18.0,"turns":6.0},{"damage":2.0,"enemies":"3 Byrds","floor":24.0,"turns":5.0},{"damage":11.0,"enemies":"Centurion and Healer","floor":25.0,"turns":5.0},{"damage":1.0,"enemies":"Shelled Parasite and Fungi","floor":27.0,"turns":3.0},{"damage":53.0,"enemies":"Gremlin Leader","floor":29.0,"turns":7.0},{"damage":7.0,"enemies":"Book of Stabbing","floor":31.0,"turns":5.0},{"damage":40,"enemies":"Champ","floor":33,"turns":13},{"damage":2,"enemies":"3 Shapes","floor":35,"turns":4},{"damage":9,"enemies":"3 Darklings","floor":38,"turns":3},{"damage":4,"enemies":"Spire Growth","floor":39,"turns":4},{"damage":25,"enemies":"Writhing Mass","floor":41,"turns":4},{"damage":19,"enemies":"Jaw Worm Horde","floor":45,"turns":4},{"damage":39,"enemies":"Reptomancer","floor":48,"turns":4},{"damage":77,"enemies":"Awakened One","floor":50,"turns":15},{"damage":20,"enemies":"Shield and Spear","floor":54,"turns":3},{"damage":130,"enemies":"The Heart","floor":55,"turns":8}],"seed_played":"4179883495124191792","potions_obtained":[{"floor":2.0,"key":"BloodPotion"},{"floor":6.0,"key":"Fire Potion"},{"floor":8.0,"key":"BloodPotion"},{"floor":13.0,"key":"PowerPotion"},{"floor":14.0,"key":"EssenceOfSteel"},{"floor":18.0,"key":"Fire Potion"},{"floor":25.0,"key":"Block Potion"},{"floor":29.0,"key":"GamblersBrew"},{"floor":33,"key":"SpeedPotion"},{"floor":39,"key":"Dexterity Potion"},{"floor":45,"key":"BloodPotion"},{"floor":48,"key":"Dexterity Potion"},{"floor":54,"key":"GamblersBrew"}],"is_trial":false,"path_per_floor":["M","M","$","?","?","E","R","M","T","E","$","T","?","M","R","B",null,"M","?","?","$","?","R","M","M","T","M","$","E","R","E","R","B",null,"M","?","?","M","M","R","M","$","T","R","M","R","?","E","R","B",null,"R","$","E","B"],"character_chosen":"IRONCLAD","items_purchased":["Flame Barrier","Pen Nib","Shovel","Shockwave","Lantern","Bronze Scales","Vajra","Paper Frog","Double Tap"],"campfire_rested":0,"item_purchase_floors":[3,11,21,42,42,53,53,53,53],"current_hp_per_floor":[80,80,80,60,60,66,66,72,72,58,58,58,58,52,52,37,80,51,51,51,51,51,51,58,59,59,67,67,30,30,42,42,8,108,111,111,111,108,113,113,97,97,97,97,90,100,100,70,70,15,139,139,139,128,0],"gold":92,"neow_bonus":"THREE_ENEMY_KILL","is_prod":false,"is_daily":false,"chose_seed":false,"campfire_upgraded":2,"win_rate":0,"timestamp":1552273201,"path_taken":["M","M","$","?","?","E","R","M","T","E","$","?","?","M","R","BOSS","M","?","?","$","?","R","M","M","T","M","?","E","R","E","R","BOSS","M","?","?","M","M","R","M","$","T","R","M","R","?","E","R","BOSS","R","$","E","BOSS"],"build_version":"2019-01-23","purchased_purges":5,"victory":false,"max_hp_per_floor":[80,80,80,80,80,80,80,80,80,80,80,80,80,80,80,80,80,83,83,83,83,83,83,86,92,92,95,95,105,105,108,108,108,108,111,111,111,111,114,114,117,117,117,117,123,133,133,136,136,139,139,139,139,142,142],"card_choices":[{"not_picked":["Warcry","Iron Wave"],"picked":"Heavy Blade","floor":1.0},{"not_picked":["Whirlwind","Headbutt"],"picked":"Shockwave","floor":2.0},{"not_picked":["Intimidate","Sword Boomerang"],"picked":"Dual Wield","floor":6.0},{"not_picked":["Body Slam","Metallicize"],"picked":"Spot Weakness","floor":8.0},{"not_picked":["Wild Strike","Fiend Fire","Warcry"],"picked":"SKIP","floor":10.0},{"not_picked":["Perfected Strike","Thunderclap","Twin Strike"],"picked":"SKIP","floor":14.0},{"not_picked":["Brutality","Barricade"],"picked":"Feed","floor":16.0},{"not_picked":["Warcry","Sever Soul+1"],"picked":"Dropkick","floor":18.0},{"not_picked":["Twin Strike","Rupture+1"],"picked":"Intimidate","floor":24.0},{"not_picked":["Rage","Perfected Strike","Thunderclap"],"picked":"SKIP","floor":25.0},{"not_picked":["Flex","Shockwave+1","Whirlwind"],"picked":"SKIP","floor":27.0},{"not_picked":["Perfected Strike+1","Cleave+1","Clothesline"],"picked":"SKIP","floor":29.0},{"not_picked":["Wild Strike","Shockwave","Power Through"],"picked":"SKIP","floor":31.0},{"not_picked":["Bludgeon","Impervious"],"picked":"Barricade","floor":33},{"not_picked":["Sword Boomerang","Clothesline+1"],"picked":"Pummel","floor":35},{"not_picked":["Feel No Pain","Cleave+1"],"picked":"Metallicize+1","floor":38},{"not_picked":["Flex","Inflame"],"picked":"Pommel Strike+1","floor":39},{"not_picked":["Warcry+1","Hemokinesis","Dual Wield+1"],"picked":"SKIP","floor":41},{"not_picked":["Havoc","Heavy Blade","Perfected Strike"],"picked":"SKIP","floor":45},{"not_picked":["Inflame+1","Sword Boomerang+1"],"picked":"Flame Barrier+1","floor":48},{"not_picked":["True Grit","Dark Embrace"],"picked":"Body Slam+1","floor":54}],"player_experience":262116,"relics_obtained":[{"floor":6.0,"key":"Whetstone"},{"floor":9.0,"key":"Ornamental Fan"},{"floor":10.0,"key":"Bag of Preparation"},{"floor":12.0,"key":"Smiling Mask"},{"floor":23.0,"key":"Art of War"},{"floor":29.0,"key":"Strawberry"},{"floor":30.0,"key":"Ancient Tea Set"},{"floor":31.0,"key":"MawBank"},{"floor":32.0,"key":"Juzu Bracelet"},{"floor":40,"key":"PreservedInsect"},{"floor":43,"key":"Gremlin Horn"},{"floor":44,"key":"Old Coin"},{"floor":46,"key":"Pear"},{"floor":48,"key":"The Courier"},{"floor":52,"key":"Mummified Hand"},{"floor":54,"key":"Red Skull"}],"event_choices":[{"damage_healed":0.0,"max_hp_gain":0.0,"max_hp_loss":0.0,"gold_gain":0.0,"event_name":"Golden Idol","player_choice":"Take Damage","floor":4.0,"gold_loss":0.0,"damage_taken":20.0,"relics_obtained":["Golden Idol"]},{"damage_healed":0.0,"max_hp_gain":0.0,"max_hp_loss":0.0,"gold_gain":175.0,"event_name":"Liars Game","player_choice":"AGREE","floor":5.0,"gold_loss":0.0,"damage_taken":0.0,"cards_obtained":["Doubt"]},{"damage_healed":0.0,"max_hp_gain":0.0,"max_hp_loss":0.0,"gold_gain":0.0,"event_name":"The Woman in Blue","player_choice":"Bought 1 Potion","floor":13.0,"gold_loss":0.0,"damage_taken":0.0},{"damage_healed":0.0,"max_hp_gain":0.0,"max_hp_loss":0.0,"gold_gain":99.0,"event_name":"Nest","player_choice":"Stole From Cult","floor":19.0,"gold_loss":0.0,"damage_taken":0.0},{"damage_healed":0.0,"max_hp_gain":0.0,"max_hp_loss":0.0,"gold_gain":0.0,"event_name":"Drug Dealer","player_choice":"Inject Mutagens","floor":20.0,"gold_loss":0.0,"damage_taken":0.0,"relics_obtained":["MutagenicStrength"]},{"damage_healed":0.0,"max_hp_gain":0.0,"max_hp_loss":0.0,"gold_gain":0.0,"event_name":"The Library","player_choice":"Read","floor":22.0,"gold_loss":0.0,"damage_taken":0.0,"cards_obtained":["Inflame"]},{"damage_healed":0,"gold_gain":0,"player_choice":"Upgraded","damage_taken":0,"max_hp_gain":0,"max_hp_loss":0,"event_name":"Upgrade Shrine","floor":36,"gold_loss":0,"cards_upgraded":["Dual Wield"]},{"cards_removed":["Shockwave"],"damage_healed":0,"gold_gain":0,"player_choice":"Removed Skill","damage_taken":0,"max_hp_gain":0,"max_hp_loss":0,"event_name":"Falling","floor":37,"gold_loss":0},{"damage_healed":0,"gold_gain":0,"player_choice":"Copied","damage_taken":0,"max_hp_gain":0,"max_hp_loss":0,"event_name":"Duplicator","floor":47,"gold_loss":0,"cards_obtained":["Flame Barrier"]}],"is_beta":false,"boss_relics":[{"not_picked":["Astrolabe","Runic Cube"],"picked":"Runic Pyramid"},{"not_picked":["Runic Dome","Velvet Choker"],"picked":"Cursed Key"}],"items_purged_floors":[11,21,28,42,53],"is_endless":false,"potions_floor_spawned":[2,6,8,14,18,25,29,33,39,45,48,54],"killed_by":"The Heart","ascension_level":2}