{"gold_per_floor":[117,117,70,70,70,70,84,84,84,95,95,105,118,137,137,233,233,247,259,46,46,60,60,73,87,87,87,87,87,87,98,98,98],"floor_reached":33,"playtime":2163,"items_purged":[],"score":239,"play_id":"a1a43a09-bf50-4029-8417-eb9373c339eb","local_time":"20190130145723","is_ascension_mode":false,"campfire_choices":[{"floor":6.0,"key":"RECALL"},{"floor":11.0,"key":"REST"},{"floor":15,"key":"REST"},{"floor":23,"key":"REST"},{"floor":28,"key":"REST"},{"floor":32,"key":"REST"}],"neow_cost":"NONE","seed_source_timestamp":0,"circlet_count":0,"master_deck":["Strike_R","Strike_R","Strike_R","Defend_R","Defend_R","Defend_R","Defend_R","Bash","Iron Wave","Reaper","Perfected Strike","Twin Strike","Armaments","Pommel Strike+1","Cleave","Shrug It Off","Shockwave","Finesse","Iron Wave","Body Slam+1","Flame Barrier","Decay","Clothesline"],"special_seed":0,"relics":["Fusion Hammer"],"potions_floor_usage":[25,25,33,33],"damage_taken":[{"damage":0.0,"enemies":"Small Slimes","floor":1.0,"turns":4.0},{"damage":0.0,"enemies":"Cultist","floor":7.0,"turns":2.0},{"damage":0.0,"enemies":"2 Louse","floor":10.0,"turns":2.0},{"damage":3.0,"enemies":"2 Fungi Beasts","floor":12.0,"turns":3.0},{"damage":11.0,"enemies":"Large Slime","floor":13.0,"turns":4.0},{"damage":7,"enemies":"Blue Slaver","floor":14,"turns":2},{"damage":58,"enemies":"The Guardian","floor":16,"turns":12},{"damage":11,"enemies":"Spheric Guardian","floor":18,"turns":4},{"damage":0,"enemies":"Chosen","floor":19,"turns":4},{"damage":28,"enemies":"Sentry and Sphere","floor":22,"turns":6},{"damage":19,"enemies":"Snake Plant","floor":24,"turns":5},{"damage":1,"enemies":"3 Cultists","floor":25,"turns":4},{"damage":9,"enemies":"Snecko","floor":31,"turns":6},{"damage":85,"enemies":"Collector","floor":33,"turns":7}],"seed_played":"3629276999560195547","potions_obtained":[{"floor":7.0,"key":"Poison Potion"},{"floor":10.0,"key":"SteroidPotion"},{"floor":13,"key":"SteroidPotion"},{"floor":31,"key":"Explosive Potion"}],"is_trial":false,"path_per_floor":["M","?","$","?","?","R","M","?","T","M","R","M","M","M","R","B",null,"M","M","$","?","M","R","M","M","T","?","R","?","?","M","R","B"],"character_chosen":"IRONCLAD","items_purchased":["Iron Wave","Shrug It Off","Shockwave","Finesse"],"campfire_rested":5,"item_purchase_floors":[3,20,20,20],"current_hp_per_floor":[80,80,80,80,80,80,80,80,80,80,80,77,66,59,80,22,80,69,69,69,69,41,65,48,79,79,79,80,80,80,71,80,0],"gold":98,"neow_bonus":"BOSS_RELIC","is_prod":false,"is_daily":false,"chose_seed":false,"campfire_upgraded":0,"win_rate":0,"timestamp":1548881843,"path_taken":["M","?","?","?","?","R","M","?","T","M","R","M","M","M","R","BOSS","M","M","$","?","M","R","?","M","T","?","R","?","?","M","R","BOSS"],"build_version":"2019-01-23","purchased_purges":0,"victory":false,"max_hp_per_floor":[80,80,80,80,80,80,80,80,80,80,80,80,80,80,80,80,80,80,80,80,80,80,80,80,80,80,80,80,80,80,80,80,80],"card_choices":[{"not_picked":["Heavy Blade","Blood for Blood","True Grit"],"picked":"SKIP","floor":1.0},{"not_picked":["Clothesline","Warcry"],"picked":"Perfected Strike","floor":7.0},{"not_picked":["Warcry","Infernal Blade","Reckless Charge"],"picked":"SKIP","floor":10.0},{"not_picked":["Rupture","Warcry","True Grit"],"picked":"SKIP","floor":12.0},{"not_picked":["Iron Wave","Barricade"],"picked":"Twin Strike","floor":13},{"not_picked":["Rupture","Clash"],"picked":"Armaments","floor":14},{"not_picked":["Wild Strike+1","Rage+1"],"picked":"Pommel Strike+1","floor":18},{"not_picked":["Clothesline","Heavy Blade"],"picked":"Cleave","floor":19},{"not_picked":["True Grit","Warcry"],"picked":"Iron Wave","floor":22},{"not_picked":["Iron Wave","Rage"],"picked":"Body Slam+1","floor":24},{"not_picked":["Uppercut","Seeing Red"],"picked":"Flame Barrier","floor":25},{"not_picked":["Dual Wield","Warcry"],"picked":"Clothesline","floor":31}],"player_experience":255645,"relics_obtained":[],"event_choices":[{"damage_healed":0.0,"max_hp_gain":0.0,"max_hp_loss":0.0,"gold_gain":0.0,"event_name":"The Woman in Blue","player_choice":"Bought 0 Potions","floor":2.0,"gold_loss":0.0,"damage_taken":0.0},{"damage_healed":0.0,"max_hp_gain":0.0,"max_hp_loss":0.0,"gold_gain":0.0,"event_name":"Scrap Ooze","player_choice":"Fled","floor":4.0,"gold_loss":0.0,"damage_taken":0.0},{"damage_healed":0.0,"max_hp_gain":0.0,"max_hp_loss":0.0,"gold_gain":0.0,"cards_transformed":["Strike_R"],"event_name":"Living Wall","player_choice":"Change","floor":5.0,"gold_loss":0.0,"damage_taken":0.0,"cards_obtained":["Reaper"]},{"damage_healed":0.0,"max_hp_gain":0.0,"max_hp_loss":0.0,"gold_gain":0.0,"event_name":"Dead Adventurer","player_choice":"Searched \u00270\u0027 times","floor":8.0,"gold_loss":0.0,"damage_taken":0.0},{"cards_removed":["Strike_R"],"damage_healed":0,"gold_gain":0,"player_choice":"Purged","damage_taken":0,"max_hp_gain":0,"max_hp_loss":0,"event_name":"Purifier","floor":21,"gold_loss":0},{"damage_healed":0,"gold_gain":0,"player_choice":"Ignored","damage_taken":0,"max_hp_gain":0,"max_hp_loss":0,"event_name":"Vampires","floor":27,"gold_loss":0},{"damage_healed":0,"gold_gain":0,"player_choice":"Ignored","damage_taken":0,"max_hp_gain":0,"max_hp_loss":0,"event_name":"The Mausoleum","floor":29,"gold_loss":0},{"damage_healed":0,"gold_gain":0,"player_choice":"Cursed","damage_taken":0,"max_hp_gain":0,"max_hp_loss":0,"event_name":"Wheel of Change","floor":30,"gold_loss":0,"cards_obtained":["Decay"]}],"is_beta":false,"boss_relics":[{"not_picked":["Philosopher\u0027s Stone","Cursed Key","Coffee Dripper"]}],"items_purged_floors":[],"is_endless":false,"potions_floor_spawned":[7,10,13,18,31],"killed_by":"Collector","ascension_level":0}