{"gold_per_floor":[369,369,381,71,81,81,81,81,81,113,46,75,75,90,90,191,191,211,211,211,225,67,94,94,119,131,143,165,177,0,13,13,114,114,133,133,151,151,170,201,211,238,238,238,256,211,244,158,158,158,158,158,87,119,119],"floor_reached":56,"playtime":5080,"items_purged":["Dual Wield+1"],"score":1517,"play_id":"090afd39-009f-40ae-b810-1988a2d54f5f","local_time":"20190115154611","is_ascension_mode":true,"campfire_choices":[{"data":"Body Slam","floor":6.0,"key":"SMITH"},{"data":"Bash","floor":8.0,"key":"SMITH"},{"data":"Shrug It Off","floor":13.0,"key":"SMITH"},{"floor":15.0,"key":"RECALL"},{"data":"Whirlwind","floor":24.0,"key":"SMITH"},{"floor":27.0,"key":"REST"},{"floor":32.0,"key":"REST"},{"data":"Demon Form","floor":49.0,"key":"SMITH"},{"data":"Clothesline","floor":52.0,"key":"SMITH"}],"neow_cost":"PERCENT_DAMAGE","seed_source_timestamp":558167655167520,"circlet_count":0,"master_deck":["Bash+1","Shrug It Off+1","Body Slam+1","Sword Boomerang+1","Flame Barrier+1","Limit Break+1","Demon Form+1","True Grit+1","Necronomicurse","Shockwave+1","Pummel","Whirlwind+1","Immolate","Clothesline+1","Shockwave+1","True Grit+1","Offering+1","Bludgeon","Shrug It Off+1","Feed+1","Flame Barrier+1","Double Tap+1","Offering+1","Whirlwind+1","Disarm+1","Master of Strategy+1","Dark Shackles+1","Barricade+1","Metallicize+1","Madness+1","Madness+1","Flex+1","Inflame+1","Feel No Pain+1","Iron Wave+1"],"special_seed":0,"relics":["Burning Blood","Toxic Egg 2","Blue Candle","Matryoshka","Smiling Mask","Pocketwatch","Philosopher\u0027s Stone","Necronomicon","Torii","MawBank","Thread and Needle","Frozen Egg 2","Regal Pillow","Pandora\u0027s Box","Bottled Flame","Whetstone","Strawberry","Dead Branch","Ice Cream"],"potions_floor_usage":[54,55],"damage_taken":[{"damage":8.0,"enemies":"Jaw Worm","floor":1.0,"turns":5.0},{"damage":1.0,"enemies":"Cultist","floor":3.0,"turns":3.0},{"damage":0.0,"enemies":"Small Slimes","floor":5.0,"turns":4.0},{"damage":33.0,"enemies":"3 Sentries","floor":10.0,"turns":11.0},{"damage":2.0,"enemies":"Gremlin Nob","floor":12.0,"turns":4.0},{"damage":0.0,"enemies":"Blue Slaver","floor":14.0,"turns":4.0},{"damage":3.0,"enemies":"The Guardian","floor":16.0,"turns":12.0},{"damage":11.0,"enemies":"2 Thieves","floor":18.0,"turns":5.0},{"damage":0.0,"enemies":"3 Byrds","floor":21.0,"turns":5.0},{"damage":4.0,"enemies":"Gremlin Leader","floor":23.0,"turns":6.0},{"damage":49.0,"enemies":"Slavers","floor":25.0,"turns":7.0},{"damage":11.0,"enemies":"Sentry and Sphere","floor":28.0,"turns":4.0},{"damage":1.0,"enemies":"Centurion and Healer","floor":31.0,"turns":2.0},{"damage":16.0,"enemies":"Collector","floor":33.0,"turns":7.0},{"damage":6.0,"enemies":"3 Darklings","floor":35.0,"turns":1.0},{"damage":6.0,"enemies":"3 Shapes","floor":37.0,"turns":2.0},{"damage":0.0,"enemies":"3 Darklings","floor":39.0,"turns":1.0},{"damage":0.0,"enemies":"Nemesis","floor":40.0,"turns":5.0},{"damage":13.0,"enemies":"Transient","floor":41.0,"turns":5.0},{"damage":12.0,"enemies":"Reptomancer","floor":42.0,"turns":2.0},{"damage":0.0,"enemies":"Jaw Worm Horde","floor":45.0,"turns":1.0},{"damage":6.0,"enemies":"Giant Head","floor":47.0,"turns":3.0},{"damage":13.0,"enemies":"Awakened One","floor":50.0,"turns":5.0},{"damage":29,"enemies":"Shield and Spear","floor":54,"turns":4},{"damage":42,"enemies":"The Heart","floor":55,"turns":6}],"seed_played":"4165517017345441034","potions_obtained":[{"floor":1.0,"key":"Swift Potion"},{"floor":16.0,"key":"EntropicBrew"},{"floor":21.0,"key":"Explosive Potion"},{"floor":25.0,"key":"Energy Potion"},{"floor":28.0,"key":"PowerPotion"},{"floor":31.0,"key":"Explosive Potion"},{"floor":37.0,"key":"Poison Potion"},{"floor":40.0,"key":"Poison Potion"},{"floor":47.0,"key":"Explosive Potion"},{"floor":54,"key":"AttackPotion"}],"is_trial":false,"path_per_floor":["M","?","M","$","M","R","T","R","T","E","$","E","R","M","R","B",null,"M","?","?","M","$","E","R","E","T","R","M","?","$","M","R","B",null,"M","?","M","?","M","E","M","E","T","?","M","$","E","$","R","B",null,"R","$","E","B",null],"character_chosen":"IRONCLAD","items_purchased":["Toxic Egg 2","Body Slam","Flame Barrier+1","Shockwave+1","Pummel","Regal Pillow","Dual Wield+1","Flex+1","Inflame+1","Feel No Pain+1"],"campfire_rested":2,"item_purchase_floors":[4,4,11,22,22,30,30,46,48,53],"current_hp_per_floor":[54,54,59,59,65,65,65,65,65,38,38,42,42,48,48,51,80,75,59,44,50,50,52,52,9,9,34,29,29,29,34,74,64,85,85,85,85,80,85,85,78,72,79,67,73,73,73,73,73,66,92,92,92,69,33],"gold":119,"neow_bonus":"TWO_FIFTY_GOLD","is_prod":false,"is_daily":false,"chose_seed":false,"campfire_upgraded":6,"win_rate":0,"timestamp":1547588771,"path_taken":["M","?","?","$","M","R","?","R","T","E","?","E","R","M","R","BOSS","M","?","?","M","$","E","R","E","T","R","M","?","?","M","R","BOSS","M","?","M","?","M","E","M","E","T","?","?","$","E","$","R","BOSS","R","$","E","BOSS"],"build_version":"2019-01-10","purchased_purges":1,"victory":true,"max_hp_per_floor":[80,80,80,80,80,80,80,80,80,80,80,80,80,80,80,80,80,80,80,85,85,85,85,85,85,85,85,85,85,85,85,85,85,85,85,85,85,85,85,85,85,85,92,92,92,92,92,92,92,92,92,92,92,92,92],"card_choices":[{"not_picked":["Entrench","Warcry"],"picked":"Shrug It Off","floor":1.0},{"not_picked":["Anger","Burning Pact","Wild Strike"],"picked":"SKIP","floor":3.0},{"not_picked":["Iron Wave","Carnage"],"picked":"Sword Boomerang","floor":5.0},{"not_picked":["Wild Strike","Bloodletting+1","Sword Boomerang"],"picked":"SKIP","floor":10.0},{"not_picked":["Sword Boomerang","Power Through+1"],"picked":"Limit Break+1","floor":12.0},{"not_picked":["Thunderclap","Second Wind+1","Burning Pact+1"],"picked":"SKIP","floor":14.0},{"not_picked":["Double Tap+1","Berserk"],"picked":"Demon Form","floor":16.0},{"not_picked":["Twin Strike+1","Sever Soul+1"],"picked":"True Grit+1","floor":18.0},{"not_picked":["Hemokinesis","Carnage","Pommel Strike"],"picked":"SKIP","floor":21.0},{"not_picked":["Evolve","Body Slam"],"picked":"Whirlwind","floor":23.0},{"not_picked":["Perfected Strike","Twin Strike"],"picked":"Immolate","floor":25.0},{"not_picked":["Searing Blow","Pummel","Headbutt"],"picked":"SKIP","floor":28.0},{"not_picked":["Perfected Strike","Clothesline+1"],"picked":"True Grit+1","floor":31.0},{"not_picked":["Fiend Fire","Juggernaut+1"],"picked":"Offering+1","floor":33.0},{"not_picked":["Wild Strike+1","Clash"],"picked":"Whirlwind+1","floor":35.0},{"not_picked":["Rupture+1","Carnage+1"],"picked":"Disarm+1","floor":37.0},{"not_picked":["Transmutation+1","Jack Of All Trades+1"],"picked":"Master of Strategy+1","floor":38.0},{"not_picked":["Bandage Up+1","Finesse+1"],"picked":"Dark Shackles+1","floor":38.0},{"not_picked":["Thunderclap+1","Perfected Strike","Pommel Strike+1"],"picked":"SKIP","floor":39.0},{"not_picked":["Havoc+1","Armaments+1"],"picked":"Barricade+1","floor":40.0},{"not_picked":["Flex+1","Sword Boomerang+1"],"picked":"Metallicize+1","floor":41.0},{"not_picked":["Clash","Headbutt","Havoc+1"],"picked":"SKIP","floor":42.0},{"not_picked":["Sword Boomerang","Burning Pact+1","Dropkick"],"picked":"SKIP","floor":45.0},{"not_picked":["Metallicize+1","Burning Pact+1","Intimidate+1"],"picked":"SKIP","floor":47.0},{"not_picked":["Pummel","Wild Strike+1"],"picked":"Iron Wave+1","floor":54}],"player_experience":212166,"relics_obtained":[{"floor":7.0,"key":"Blue Candle"},{"floor":9.0,"key":"Matryoshka"},{"floor":10.0,"key":"Smiling Mask"},{"floor":12.0,"key":"Pocketwatch"},{"floor":19.0,"key":"Necronomicon"},{"floor":23.0,"key":"Torii"},{"floor":25.0,"key":"MawBank"},{"floor":26.0,"key":"Thread and Needle"},{"floor":26.0,"key":"Frozen Egg 2"},{"floor":40.0,"key":"Bottled Flame"},{"floor":42.0,"key":"Whetstone"},{"floor":43.0,"key":"Strawberry"},{"floor":47.0,"key":"Dead Branch"},{"floor":54,"key":"Ice Cream"}],"event_choices":[{"cards_removed":["Strike_R"],"damage_healed":0.0,"max_hp_gain":0.0,"max_hp_loss":0.0,"gold_gain":0.0,"event_name":"Purifier","player_choice":"Purged","floor":2.0,"gold_loss":0.0,"damage_taken":0.0},{"damage_healed":0.0,"max_hp_gain":0.0,"max_hp_loss":0.0,"gold_gain":0.0,"event_name":"Cursed Tome","player_choice":"Obtained Book","floor":19.0,"gold_loss":0.0,"damage_taken":16.0},{"damage_healed":0.0,"max_hp_gain":5.0,"max_hp_loss":0.0,"gold_gain":0.0,"event_name":"Forgotten Altar","player_choice":"Shed Blood","floor":20.0,"gold_loss":0.0,"damage_taken":20.0},{"damage_healed":0.0,"max_hp_gain":0.0,"max_hp_loss":0.0,"gold_gain":0.0,"cards_transformed":["Strike_R","Strike_R"],"event_name":"Drug Dealer","player_choice":"Became Test Subject","floor":29.0,"gold_loss":0.0,"damage_taken":0.0,"cards_obtained":["Clothesline","Shockwave"]},{"damage_healed":0.0,"max_hp_gain":0.0,"max_hp_loss":0.0,"gold_gain":0.0,"event_name":"Tomb of Lord Red Mask","player_choice":"Ignored","floor":36.0,"gold_loss":0.0,"damage_taken":0.0},{"damage_healed":0.0,"max_hp_gain":0.0,"max_hp_loss":0.0,"gold_gain":0.0,"event_name":"SensoryStone","player_choice":"Memory 2","floor":38.0,"gold_loss":0.0,"damage_taken":5.0},{"damage_healed":0.0,"max_hp_gain":0.0,"max_hp_loss":0.0,"gold_gain":0.0,"event_name":"Winding Halls","player_choice":"Embrace Madness","floor":44.0,"gold_loss":0.0,"damage_taken":12.0,"cards_obtained":["Madness","Madness"]}],"is_beta":false,"boss_relics":[{"not_picked":["Busted Crown","Runic Dome"],"picked":"Philosopher\u0027s Stone"},{"not_picked":["Calling Bell","Runic Cube"],"picked":"Pandora\u0027s Box"}],"items_purged_floors":[48],"is_endless":false,"potions_floor_spawned":[1,16,21,25,28,31,37,39,40,47,54],"ascension_level":2}