{"gold_per_floor":[111,131,142,152,152,178,178,178,260,278,199,199,211,226,226,325,325,337,337,351,368,114,114,140,140,220,237,252,252],"floor_reached":29,"playtime":1450,"items_purged":[],"score":349,"play_id":"6fee458a-53df-403b-a5aa-99447c303223","local_time":"20190129225453","is_ascension_mode":true,"campfire_choices":[{"floor":8,"key":"REST"},{"data":"Corpse Explosion","floor":12,"key":"SMITH"},{"floor":15,"key":"REST"},{"data":"Catalyst","floor":23,"key":"SMITH"},{"data":"Catalyst","floor":25,"key":"SMITH"}],"neow_cost":"NONE","seed_source_timestamp":917221305298933,"circlet_count":0,"master_deck":["Defend_G","Defend_G","Defend_G","Defend_G","Defend_G","Strike_G","Strike_G","Strike_G","Strike_G","Survivor","Neutralize","Crippling Poison","Dodge and Roll","Dash","Sucker Punch","Corpse Explosion+1","Catalyst+1","Adrenaline","Catalyst+1","Deflect"],"relics":["Ring of the Snake","Mango","Blood Vial","Singing Bowl","Eternal Feather","Paper Crane","Bottled Lightning","Ornamental Fan"],"potions_floor_usage":[4,6,6,29,29,29],"damage_taken":[{"damage":6,"enemies":"Jaw Worm","floor":1,"turns":7},{"damage":0,"enemies":"Cultist","floor":2,"turns":4},{"damage":8,"enemies":"Small Slimes","floor":3,"turns":4},{"damage":5,"enemies":"Looter","floor":4,"turns":5},{"damage":30,"enemies":"3 Sentries","floor":6,"turns":18},{"damage":6,"enemies":"Large Slime","floor":10,"turns":11},{"damage":2,"enemies":"2 Fungi Beasts","floor":13,"turns":2},{"damage":10,"enemies":"Gremlin Gang","floor":14,"turns":3},{"damage":51,"enemies":"Hexaghost","floor":16,"turns":12},{"damage":2,"enemies":"Chosen","floor":18,"turns":5},{"damage":3,"enemies":"2 Thieves","floor":20,"turns":4},{"damage":17,"enemies":"Snake Plant","floor":21,"turns":4},{"damage":23,"enemies":"Book of Stabbing","floor":24,"turns":4},{"damage":8,"enemies":"3 Cultists","floor":27,"turns":3},{"damage":13,"enemies":"Centurion and Healer","floor":28,"turns":3},{"damage":68,"enemies":"Gremlin Leader","floor":29,"turns":6}],"seed_played":"-6640214508228801984","potions_obtained":[{"floor":2,"key":"Energy Potion"},{"floor":3,"key":"FearPotion"},{"floor":4,"key":"Dexterity Potion"},{"floor":6,"key":"Ancient Potion"},{"floor":13,"key":"Dexterity Potion"},{"floor":21,"key":"GamblersBrew"}],"is_trial":false,"path_per_floor":["M","M","M","M","?","E","?","R","T","M","$","R","M","M","R","B",null,"M","T","M","M","$","R","E","R","T","M","M","E"],"character_chosen":"THE_SILENT","items_purchased":["Corpse Explosion","Bottled Lightning"],"campfire_rested":2,"item_purchase_floors":[11,22],"current_hp_per_floor":[71,71,63,58,65,35,35,62,62,60,60,60,62,54,82,33,95,95,95,96,81,81,90,71,80,80,76,65,0],"gold":252,"neow_bonus":"TEN_PERCENT_HP_BONUS","is_prod":false,"is_daily":false,"chose_seed":false,"campfire_upgraded":3,"win_rate":0,"timestamp":1548838493,"path_taken":["M","M","M","M","?","E","?","R","T","M","$","R","M","M","R","BOSS","M","?","M","M","$","R","E","R","T","M","M","E"],"build_version":"2019-01-23","purchased_purges":0,"victory":false,"max_hp_per_floor":[77,77,77,77,91,91,91,91,91,93,93,93,95,95,95,95,95,97,97,99,99,99,99,101,101,101,103,103,103],"card_choices":[{"not_picked":["Bane","Quick Slash"],"picked":"Crippling Poison","floor":1},{"not_picked":["Terror","Outmaneuver","Dodge and Roll"],"picked":"SKIP","floor":2},{"not_picked":["Setup","Sucker Punch"],"picked":"Dodge and Roll","floor":3},{"not_picked":["Escape Plan","Endless Agony"],"picked":"Dash","floor":4},{"not_picked":["Concentrate","Prepared"],"picked":"Sucker Punch","floor":6},{"not_picked":["Prepared","All Out Attack","Setup"],"picked":"Singing Bowl","floor":10},{"not_picked":["Poisoned Stab","Reflex","Prepared"],"picked":"Singing Bowl","floor":13},{"not_picked":["Dagger Spray","Escape Plan"],"picked":"Catalyst","floor":14},{"not_picked":["Storm of Steel","Venomology"],"picked":"Adrenaline","floor":16},{"not_picked":["Slice+1","Accuracy","Infinite Blades"],"picked":"Singing Bowl","floor":18},{"not_picked":["Underhanded Strike","Expertise","Bane"],"picked":"Singing Bowl","floor":20},{"not_picked":["Cloak And Dagger","Crippling Poison"],"picked":"Catalyst","floor":21},{"not_picked":["Riddle With Holes+1","Dodge and Roll","Dagger Throw+1"],"picked":"Singing Bowl","floor":24},{"not_picked":["Choke","Expertise","Bane+1"],"picked":"Singing Bowl","floor":27},{"not_picked":["Acrobatics+1","Grand Finale"],"picked":"Deflect","floor":28}],"player_experience":397216,"relics_obtained":[{"floor":6,"key":"Blood Vial"},{"floor":9,"key":"Singing Bowl"},{"floor":19,"key":"Paper Crane"},{"floor":24,"key":"Ornamental Fan"}],"event_choices":[{"damage_healed":0,"gold_gain":0,"player_choice":"Success","damage_taken":7,"relics_obtained":["Mango"],"max_hp_gain":0,"max_hp_loss":0,"event_name":"Scrap Ooze","floor":5,"gold_loss":0},{"cards_removed":["Strike_G"],"damage_healed":0,"gold_gain":0,"player_choice":"Purged","damage_taken":0,"max_hp_gain":0,"max_hp_loss":0,"event_name":"Purifier","floor":7,"gold_loss":0}],"is_beta":false,"boss_relics":[{"not_picked":["Lizard Tail","Empty Cage"],"picked":"Eternal Feather"}],"items_purged_floors":[],"is_endless":false,"potions_floor_spawned":[2,3,4,6,13,21,24,27],"killed_by":"Gremlin Leader","ascension_level":4}