{"gold_per_floor":[110,125,142,161,180,212,229,229,229,47,61,61,81,100,100,199,199,213,36,36,54,17,17],"floor_reached":23,"playtime":1284,"items_purged":[],"score":291,"play_id":"12a97516-1aac-4ede-bb1b-b850f2d7b9ea","local_time":"20190126091859","is_ascension_mode":true,"campfire_choices":[{"floor":8,"key":"REST"},{"floor":15,"key":"REST"}],"neow_cost":"NONE","seed_source_timestamp":609235177565570,"circlet_count":0,"master_deck":["Strike_B","Strike_B","Strike_B","Strike_B","Defend_B","Defend_B","Defend_B","Defend_B","Zap","Dualcast","Blizzard","Reinforced Body","Coolheaded","Redo","Coolheaded","Coolheaded","Stack","Defragment","Coolheaded","Finesse","Double Energy","Heatsinks","Cold Snap","Electrodynamics","Capacitor","Magnetism","Capacitor+1","Chaos+1"],"relics":["Cracked Core","Lantern","Symbiotic Virus","Blood Vial","Black Star","Toxic Egg 2"],"potions_floor_usage":[6,23],"damage_taken":[{"damage":6,"enemies":"Cultist","floor":1,"turns":4},{"damage":10,"enemies":"Small Slimes","floor":2,"turns":3},{"damage":4,"enemies":"Jaw Worm","floor":3,"turns":4},{"damage":5,"enemies":"Looter","floor":4,"turns":4},{"damage":7,"enemies":"Red Slaver","floor":5,"turns":4},{"damage":26,"enemies":"3 Sentries","floor":6,"turns":9},{"damage":0,"enemies":"Exordium Wildlife","floor":7,"turns":4},{"damage":0,"enemies":"Exordium Thugs","floor":11,"turns":4},{"damage":0,"enemies":"Large Slime","floor":13,"turns":7},{"damage":12,"enemies":"3 Louse","floor":14,"turns":6},{"damage":24,"enemies":"The Guardian","floor":16,"turns":18},{"damage":6,"enemies":"Shell Parasite","floor":18,"turns":12},{"damage":25,"enemies":"3 Byrds","floor":21,"turns":3},{"damage":45,"enemies":"Gremlin Leader","floor":23,"turns":4}],"seed_played":"4707982119735641127","potions_obtained":[{"floor":3,"key":"Dexterity Potion"},{"floor":5,"key":"Swift Potion"},{"floor":6,"key":"Ancient Potion"},{"floor":7,"key":"FearPotion"}],"is_trial":false,"path_per_floor":["M","M","M","M","M","E","M","R","T","$","M","?","M","M","R","B",null,"M","$","?","M","$","E"],"character_chosen":"DEFECT","items_purchased":["Defragment","Coolheaded","Finesse","Magnetism","Chaos+1"],"campfire_rested":2,"item_purchase_floors":[10,10,10,19,22],"current_hp_per_floor":[69,59,55,50,43,17,17,41,41,41,41,29,31,21,45,23,67,63,63,63,40,40,0],"gold":17,"neow_bonus":"TEN_PERCENT_HP_BONUS","is_prod":false,"is_daily":false,"chose_seed":false,"campfire_upgraded":0,"win_rate":0,"timestamp":1548530339,"path_taken":["M","?","?","M","M","E","M","R","T","$","M","?","M","M","R","BOSS","M","$","?","M","$","E"],"build_version":"2019-01-23","purchased_purges":0,"victory":false,"max_hp_per_floor":[82,82,82,82,82,82,82,82,82,82,82,82,82,82,82,82,82,82,82,82,82,82,82],"card_choices":[{"not_picked":["Barrage","Go for the Eyes"],"picked":"Blizzard","floor":1},{"not_picked":["Hologram","Steam"],"picked":"Reinforced Body","floor":2},{"not_picked":["Barrage","Gash"],"picked":"Coolheaded","floor":3},{"not_picked":["Go for the Eyes","Leap"],"picked":"Redo","floor":4},{"not_picked":["Reinforced Body","Aggregate"],"picked":"Coolheaded","floor":5},{"not_picked":["Hyperbeam","Compile Driver"],"picked":"Coolheaded","floor":6},{"not_picked":["Gash","Beam Cell"],"picked":"Stack","floor":7},{"not_picked":["Turbo","Ball Lightning"],"picked":"Double Energy","floor":11},{"not_picked":["Turbo","Leap"],"picked":"Heatsinks","floor":13},{"not_picked":["Beam Cell","Steam Power"],"picked":"Cold Snap","floor":14},{"not_picked":["Meteor Strike","Hyperbeam"],"picked":"Electrodynamics","floor":16},{"not_picked":["Fusion+1","Stack"],"picked":"Capacitor","floor":18},{"not_picked":["Rebound","Turbo+1"],"picked":"Capacitor+1","floor":21}],"player_experience":363477,"relics_obtained":[{"floor":6,"key":"Lantern"},{"floor":9,"key":"Symbiotic Virus"}],"event_choices":[{"damage_healed":0,"gold_gain":0,"player_choice":"Success","damage_taken":12,"relics_obtained":["Blood Vial"],"max_hp_gain":0,"max_hp_loss":0,"event_name":"Scrap Ooze","floor":12,"gold_loss":0},{"damage_healed":0,"gold_gain":0,"player_choice":"Opened","damage_taken":0,"relics_obtained":["Toxic Egg 2"],"max_hp_gain":0,"max_hp_loss":0,"event_name":"The Mausoleum","floor":20,"gold_loss":0}],"is_beta":false,"boss_relics":[{"not_picked":["Sozu","Astrolabe"],"picked":"Black Star"}],"items_purged_floors":[],"is_endless":false,"potions_floor_spawned":[3,5,6,7,11,21],"killed_by":"Gremlin Leader","ascension_level":7}