{"gold_per_floor":[118,118,118,19,19,19,48,60,87,87,114,131,131,144,144,246,246,266,281,297,64,84,113,113,127,153,187,187,112,112],"floor_reached":30,"playtime":1763,"items_purged":[],"score":389,"play_id":"2df90a63-2d7c-45b2-aa4c-9a372c2c1cce","local_time":"20190306173547","is_ascension_mode":true,"campfire_choices":[{"data":"Neutralize","floor":6,"key":"SMITH"},{"data":"Noxious Fumes","floor":10,"key":"SMITH"},{"data":"Caltrops","floor":13,"key":"SMITH"},{"floor":15,"key":"REST"},{"floor":24,"key":"REST"}],"neow_cost":"TEN_PERCENT_HP_LOSS","seed_source_timestamp":1633618721370614,"circlet_count":0,"master_deck":["Defend_G","Defend_G","Defend_G","Defend_G","Defend_G","Strike_G","Strike_G","Strike_G","Survivor","Neutralize+1","After Image","Noxious Fumes+1","Slice","Slice","Caltrops+1","Deflect","Deflect","Die Die Die","Backflip","PiercingWail","A Thousand Cuts","Endless Agony","Prepared","Noxious Fumes","Sucker Punch+1","Blur"],"relics":["Ring of the Snake","Thread and Needle","Kunai","Omamori","Nunchaku","Sozu","Vajra","Art of War","Bronze Scales","Bag of Marbles","MutagenicStrength"],"potions_floor_usage":[5,7,7,11,16,16],"damage_taken":[{"damage":0,"enemies":"2 Louse","floor":1,"turns":4},{"damage":3,"enemies":"Gremlin Nob","floor":7,"turns":6},{"damage":0,"enemies":"Jaw Worm","floor":8,"turns":4},{"damage":12,"enemies":"3 Sentries","floor":11,"turns":7},{"damage":0,"enemies":"Cultist","floor":12,"turns":4},{"damage":0,"enemies":"Blue Slaver","floor":14,"turns":4},{"damage":14,"enemies":"Slime Boss","floor":16,"turns":12},{"damage":0,"enemies":"Chosen","floor":18,"turns":5},{"damage":8,"enemies":"2 Thieves","floor":19,"turns":5},{"damage":8,"enemies":"Sentry and Sphere","floor":20,"turns":8},{"damage":6,"enemies":"Snake Plant","floor":22,"turns":4},{"damage":3,"enemies":"Book of Stabbing","floor":23,"turns":6},{"damage":10,"enemies":"Shelled Parasite and Fungi","floor":25,"turns":5},{"damage":32,"enemies":"Slavers","floor":27,"turns":4},{"damage":22,"enemies":"Centurion and Healer","floor":30,"turns":3}],"seed_played":"209126343034534428","potions_obtained":[{"floor":5,"key":"GhostInAJar"},{"floor":5,"key":"SkillPotion"},{"floor":5,"key":"Fruit Juice"},{"floor":8,"key":"LiquidBronze"},{"floor":11,"key":"LiquidBronze"},{"floor":12,"key":"Swift Potion"}],"is_trial":false,"path_per_floor":["M","?","?","$","?","R","E","M","T","R","E","M","R","M","R","B",null,"M","M","M","$","M","E","R","M","T","E","?","?","M"],"character_chosen":"THE_SILENT","items_purchased":["Noxious Fumes","Slice","Endless Agony","Vajra"],"campfire_rested":2,"item_purchase_floors":[4,4,21,21],"current_hp_per_floor":[63,56,49,49,54,54,51,51,51,51,39,39,39,39,59,45,62,62,54,46,46,40,37,57,47,47,15,15,15,0],"gold":112,"neow_bonus":"THREE_RARE_CARDS","is_prod":false,"is_daily":false,"chose_seed":false,"campfire_upgraded":3,"win_rate":0,"timestamp":1551872147,"path_taken":["M","?","?","$","?","R","E","M","T","R","E","M","R","M","R","BOSS","M","M","?","$","M","E","R","M","T","E","?","?","M"],"build_version":"2019-01-23","purchased_purges":0,"victory":false,"max_hp_per_floor":[63,63,63,63,68,68,68,68,68,68,68,68,68,68,68,68,68,68,68,68,68,68,68,68,68,68,68,68,68,68],"card_choices":[{"not_picked":["Venomology","Burst"],"picked":"After Image","floor":0},{"not_picked":["Blade Dance","Outmaneuver","Flying Knee"],"picked":"SKIP","floor":1},{"not_picked":["Infinite Blades","Underhanded Strike"],"picked":"Slice","floor":7},{"not_picked":["Dagger Throw","Poisoned Stab"],"picked":"Caltrops","floor":8},{"not_picked":["Infinite Blades","Heel Hook"],"picked":"Deflect","floor":11},{"not_picked":["Poisoned Stab","Dagger Spray"],"picked":"Deflect","floor":12},{"not_picked":["Infinite Blades","Dagger Spray","Predator"],"picked":"SKIP","floor":14},{"not_picked":["Grand Finale","Wraith Form v2"],"picked":"Die Die Die","floor":16},{"not_picked":["Quick Slash","Dodge and Roll"],"picked":"Backflip","floor":18},{"not_picked":["Tactician","Blade Dance"],"picked":"PiercingWail","floor":19},{"not_picked":["Blade Dance","Quick Slash"],"picked":"A Thousand Cuts","floor":20},{"not_picked":["Deadly Poison","Deflect"],"picked":"Prepared","floor":22},{"not_picked":["Dagger Spray+1","Accuracy"],"picked":"Noxious Fumes","floor":23},{"not_picked":["Masterful Stab","Envenom"],"picked":"Sucker Punch+1","floor":25},{"not_picked":["Flying Knee","Dagger Throw"],"picked":"Blur","floor":27}],"player_experience":959426,"relics_obtained":[{"floor":7,"key":"Kunai"},{"floor":9,"key":"Omamori"},{"floor":11,"key":"Nunchaku"},{"floor":23,"key":"Art of War"},{"floor":26,"key":"Bronze Scales"},{"floor":27,"key":"Bag of Marbles"}],"event_choices":[{"cards_removed":["Strike_G"],"damage_healed":0,"gold_gain":0,"player_choice":"Card Removal","damage_taken":7,"max_hp_gain":0,"max_hp_loss":0,"event_name":"Golden Wing","floor":2,"gold_loss":0},{"damage_healed":0,"gold_gain":0,"player_choice":"Success","damage_taken":7,"relics_obtained":["Thread and Needle"],"max_hp_gain":0,"max_hp_loss":0,"event_name":"Scrap Ooze","floor":3,"gold_loss":0},{"damage_healed":0,"gold_gain":0,"player_choice":"Got Potions","damage_taken":0,"max_hp_gain":0,"max_hp_loss":0,"event_name":"Lab","floor":5,"gold_loss":0},{"damage_healed":0,"gold_gain":0,"player_choice":"Inject Mutagens","damage_taken":0,"relics_obtained":["MutagenicStrength"],"max_hp_gain":0,"max_hp_loss":0,"event_name":"Drug Dealer","floor":28,"gold_loss":0},{"cards_removed":["Strike_G"],"damage_healed":0,"gold_gain":0,"player_choice":"Gave Gold","damage_taken":0,"max_hp_gain":0,"max_hp_loss":0,"event_name":"Beggar","floor":29,"gold_loss":75}],"is_beta":false,"boss_relics":[{"not_picked":["Coffee Dripper","Fusion Hammer"],"picked":"Sozu"}],"items_purged_floors":[],"is_endless":false,"potions_floor_spawned":[8,11,12,19,20,25],"killed_by":"Centurion and Healer","ascension_level":8}