{"gold_per_floor":[115,134,134,38,38,38,51,51,76,76,94,122,133,162,162,262,262,275,275,285,210,210,210,236,247,247,247],"floor_reached":27,"playtime":1330,"items_purged":[],"score":399,"play_id":"ba31cc3b-68c5-4243-8790-47f71bb27857","local_time":"20190129120204","is_ascension_mode":true,"campfire_choices":[{"data":"Heavy Blade","floor":6,"key":"SMITH"},{"data":"Whirlwind","floor":8,"key":"SMITH"},{"data":"Shockwave","floor":15,"key":"SMITH"},{"floor":23,"key":"RECALL"}],"neow_cost":"NONE","seed_source_timestamp":878168015579522,"circlet_count":0,"master_deck":["AscendersBane","Strike_R","Strike_R","Strike_R","Strike_R","Strike_R","Defend_R","Defend_R","Defend_R","Defend_R","Bash+1","Flex","Heavy Blade+1","Spot Weakness","Headbutt","Whirlwind+1","Shockwave+1","Shrug It Off+1","Impervious+1","Flash of Steel","Pain","Uppercut"],"relics":["Burning Blood","Blue Candle","Toxic Egg 2","Mango","Velvet Choker","WarpedTongs","Singing Bowl","Question Card"],"potions_floor_usage":[16,20,24],"damage_taken":[{"damage":10,"enemies":"Small Slimes","floor":1,"turns":5},{"damage":6,"enemies":"Jaw Worm","floor":2,"turns":4},{"damage":6,"enemies":"Cultist","floor":7,"turns":4},{"damage":0,"enemies":"Large Slime","floor":11,"turns":3},{"damage":25,"enemies":"3 Sentries","floor":12,"turns":4},{"damage":9,"enemies":"Blue Slaver","floor":13,"turns":4},{"damage":6,"enemies":"Gremlin Nob","floor":14,"turns":3},{"damage":37,"enemies":"Hexaghost","floor":16,"turns":9},{"damage":11,"enemies":"Spheric Guardian","floor":18,"turns":5},{"damage":11,"enemies":"2 Thieves","floor":20,"turns":3},{"damage":30,"enemies":"Book of Stabbing","floor":24,"turns":4},{"damage":31,"enemies":"Sentry and Sphere","floor":25,"turns":6},{"damage":51,"enemies":"Slavers","floor":27,"turns":2}],"seed_played":"-8829660791897016878","potions_obtained":[{"floor":11,"key":"Block Potion"},{"floor":12,"key":"Fire Potion"},{"floor":20,"key":"Regen Potion"}],"is_trial":false,"path_per_floor":["M","M","?","$","?","R","M","R","T","?","M","E","M","E","R","B",null,"M","?","M","?","?","R","E","M","T","E"],"character_chosen":"IRONCLAD","items_purchased":["Spot Weakness","Headbutt"],"campfire_rested":0,"item_purchase_floors":[4,4],"current_hp_per_floor":[76,76,81,81,81,81,81,81,81,74,80,61,58,72,72,41,91,86,86,81,81,81,81,71,46,46,0],"gold":247,"neow_bonus":"TEN_PERCENT_HP_BONUS","is_prod":false,"is_daily":false,"chose_seed":false,"campfire_upgraded":3,"win_rate":0,"timestamp":1548799324,"path_taken":["M","M","?","?","?","R","?","R","T","?","M","E","M","E","R","BOSS","M","?","?","?","?","R","E","M","T","E"],"build_version":"2019-01-23","purchased_purges":0,"victory":false,"max_hp_per_floor":[88,88,93,93,93,93,93,93,93,93,93,93,93,107,107,107,107,107,107,107,107,107,107,109,109,109,109],"card_choices":[{"not_picked":["Corruption","Havoc"],"picked":"Flex","floor":1},{"not_picked":["Thunderclap","Warcry"],"picked":"Heavy Blade","floor":2},{"not_picked":["Warcry","Wild Strike"],"picked":"Whirlwind","floor":7},{"not_picked":["Anger","True Grit"],"picked":"Shockwave","floor":11},{"not_picked":["Clothesline","Offering"],"picked":"Shrug It Off","floor":12},{"not_picked":["Thunderclap","Body Slam"],"picked":"Anger","floor":13},{"not_picked":["Iron Wave","Thunderclap","Headbutt"],"picked":"SKIP","floor":14},{"not_picked":["Barricade","Brutality"],"picked":"Impervious+1","floor":16},{"not_picked":["Havoc+1","Corruption","Anger+1"],"picked":"SKIP","floor":18},{"not_picked":["Clash","Perfected Strike","Flex+1"],"picked":"SKIP","floor":20},{"not_picked":["Thunderclap+1","Cleave","Pummel"],"picked":"Singing Bowl","floor":24},{"not_picked":["Power Through+1","Hemokinesis"],"picked":"Uppercut","floor":25}],"player_experience":393476,"relics_obtained":[{"floor":12,"key":"Toxic Egg 2"},{"floor":14,"key":"Mango"},{"floor":24,"key":"Singing Bowl"},{"floor":26,"key":"Question Card"}],"event_choices":[{"damage_healed":0,"gold_gain":0,"player_choice":"Donut","damage_taken":0,"max_hp_gain":5,"max_hp_loss":0,"event_name":"Big Fish","floor":3,"gold_loss":0},{"damage_healed":0,"gold_gain":0,"player_choice":"Upgraded","damage_taken":0,"max_hp_gain":0,"max_hp_loss":0,"event_name":"Upgrade Shrine","floor":5,"gold_loss":0,"cards_upgraded":["Bash"]},{"damage_healed":0,"gold_gain":0,"player_choice":"Success","damage_taken":7,"relics_obtained":["Blue Candle"],"max_hp_gain":0,"max_hp_loss":0,"event_name":"Scrap Ooze","floor":10,"gold_loss":0},{"damage_healed":0,"gold_gain":0,"player_choice":"1 cards matched","damage_taken":0,"max_hp_gain":0,"max_hp_loss":0,"event_name":"Match and Keep!","floor":19,"gold_loss":0,"cards_obtained":["Flash of Steel"]},{"cards_removed":["Anger"],"damage_healed":0,"gold_gain":0,"player_choice":"Gave Gold","damage_taken":0,"max_hp_gain":0,"max_hp_loss":0,"event_name":"Beggar","floor":21,"gold_loss":75},{"damage_healed":0,"gold_gain":0,"player_choice":"Rummage","damage_taken":0,"relics_obtained":["WarpedTongs"],"max_hp_gain":0,"max_hp_loss":0,"event_name":"Accursed Blacksmith","floor":22,"gold_loss":0,"cards_obtained":["Pain"]}],"is_beta":false,"boss_relics":[{"not_picked":["Busted Crown","Calling Bell"],"picked":"Velvet Choker"}],"items_purged_floors":[],"is_endless":false,"potions_floor_spawned":[11,12,20],"killed_by":"Slavers","ascension_level":11}