{"gold_per_floor":[109,109,124,135,153,153,164,164,187,219,232,232,248,180,180,254,254,271,271,26,17,17,50,50,50,97,97,97,115,115,65,65,65],"floor_reached":33,"playtime":2833,"items_purged":["Writhe"],"score":530,"play_id":"33a83834-9977-4fef-9881-0f0c43cd1012","local_time":"20190219112913","is_ascension_mode":true,"campfire_choices":[{"floor":6.0,"key":"REST"},{"floor":8.0,"key":"REST"},{"data":"Go for the Eyes","floor":12.0,"key":"SMITH"},{"data":"Buffer","floor":15.0,"key":"SMITH"},{"floor":24.0,"key":"REST"},{"data":"Seek","floor":27.0,"key":"SMITH"},{"floor":32.0,"key":"REST"}],"neow_cost":"PERCENT_DAMAGE","seed_source_timestamp":3970287074980,"circlet_count":0,"master_deck":["AscendersBane","Strike_B","Strike_B","Strike_B","Strike_B","Defend_B","Defend_B","Defend_B","Defend_B","Zap","Dualcast","Electrodynamics","Coolheaded","Gash","BootSequence","Capacitor","Go for the Eyes+1","Steam","Glacier","Buffer+1","Seek+1","Coolheaded+1","Glacier","Ball Lightning"],"special_seed":0,"relics":["Cracked Core","Art of War","Bag of Preparation","Philosopher\u0027s Stone","Regal Pillow","Happy Flower","Symbiotic Virus","Smiling Mask"],"potions_floor_usage":[],"damage_taken":[{"damage":0.0,"enemies":"2 Louse","floor":1.0,"turns":2.0},{"damage":7.0,"enemies":"Jaw Worm","floor":3.0,"turns":3.0},{"damage":13.0,"enemies":"Small Slimes","floor":4.0,"turns":3.0},{"damage":3.0,"enemies":"Looter","floor":5.0,"turns":4.0},{"damage":20.0,"enemies":"Gremlin Gang","floor":7.0,"turns":3.0},{"damage":8.0,"enemies":"3 Sentries","floor":10.0,"turns":3.0},{"damage":2.0,"enemies":"Exordium Wildlife","floor":11.0,"turns":3.0},{"damage":0.0,"enemies":"Red Slaver","floor":13.0,"turns":4.0},{"damage":9.0,"enemies":"Hexaghost","floor":16.0,"turns":15.0},{"damage":15.0,"enemies":"Spheric Guardian","floor":18.0,"turns":6.0},{"damage":3.0,"enemies":"2 Thieves","floor":21.0,"turns":5.0},{"damage":10.0,"enemies":"Gremlin Leader","floor":23.0,"turns":7.0},{"damage":6.0,"enemies":"Snake Plant","floor":29.0,"turns":7.0},{"damage":86,"enemies":"Automaton","floor":33,"turns":12}],"seed_played":"5151233629378552895","potions_obtained":[{"floor":5.0,"key":"PowerPotion"},{"floor":7.0,"key":"FocusPotion"},{"floor":10.0,"key":"EssenceOfSteel"},{"floor":18.0,"key":"AttackPotion"},{"floor":29.0,"key":"Explosive Potion"}],"is_trial":false,"path_per_floor":["M","?","M","M","M","R","M","R","T","E","M","R","M","?","R","B",null,"M","?","$","M","$","E","R","?","T","R","?","M","?","$","R","B"],"character_chosen":"DEFECT","items_purchased":["Regal Pillow","FocusPotion"],"campfire_rested":4,"item_purchase_floors":[20,20],"current_hp_per_floor":[46,46,39,26,23,44,24,45,45,37,35,35,35,35,35,26,60,45,45,45,42,42,32,68,68,68,68,48,42,42,42,76,0],"gold":65,"neow_bonus":"THREE_RARE_CARDS","is_prod":false,"is_daily":false,"chose_seed":false,"campfire_upgraded":3,"win_rate":0,"timestamp":1550597353,"path_taken":["M","?","M","M","M","R","M","R","T","E","M","R","M","?","R","BOSS","M","?","$","M","$","E","R","?","T","R","?","M","?","$","R","BOSS"],"build_version":"2019-01-23","purchased_purges":1,"victory":false,"max_hp_per_floor":[71,71,71,71,71,71,71,71,71,71,71,71,71,71,71,71,71,71,71,71,71,71,71,71,71,71,71,76,76,76,76,76,76],"card_choices":[{"not_picked":["Multi-Cast","Buffer"],"picked":"Electrodynamics","floor":0.0},{"not_picked":["Turbo","Barrage"],"picked":"Coolheaded","floor":1.0},{"not_picked":["Loop","Barrage"],"picked":"Gash","floor":3.0},{"not_picked":["Rip and Tear","Turbo"],"picked":"BootSequence","floor":4.0},{"not_picked":["Chill","Thunder Strike"],"picked":"Capacitor","floor":5.0},{"not_picked":["Streamline","Turbo"],"picked":"Go for the Eyes","floor":7.0},{"not_picked":["Recycle","Blizzard"],"picked":"Steam","floor":10.0},{"not_picked":["Chill","Beam Cell"],"picked":"Glacier","floor":11.0},{"not_picked":["Conserve Battery","Chaos"],"picked":"Buffer","floor":13.0},{"not_picked":["Multi-Cast","Buffer"],"picked":"Seek","floor":16.0},{"not_picked":["Static Discharge","Hologram"],"picked":"Coolheaded+1","floor":18.0},{"not_picked":["Streamline","Self Repair","Reprogram"],"picked":"SKIP","floor":21.0},{"not_picked":["Sweeping Beam","Storm"],"picked":"Glacier","floor":23.0},{"not_picked":["Skim","Steam Power"],"picked":"Ball Lightning","floor":29.0}],"player_experience":292938,"relics_obtained":[{"floor":9.0,"key":"Art of War"},{"floor":10.0,"key":"Bag of Preparation"},{"floor":23.0,"key":"Happy Flower"},{"floor":26.0,"key":"Smiling Mask"}],"event_choices":[{"damage_healed":0.0,"max_hp_gain":0.0,"max_hp_loss":0.0,"gold_gain":0.0,"event_name":"Scrap Ooze","player_choice":"Fled","floor":2.0,"gold_loss":0.0,"damage_taken":0.0},{"damage_healed":0.0,"max_hp_gain":0.0,"max_hp_loss":0.0,"gold_gain":0.0,"event_name":"World of Goop","player_choice":"Left Gold","floor":14.0,"gold_loss":68.0,"damage_taken":0.0},{"damage_healed":0.0,"max_hp_gain":0.0,"max_hp_loss":0.0,"gold_gain":0.0,"event_name":"Vampires","player_choice":"Ignored","floor":19.0,"gold_loss":0.0,"damage_taken":0.0},{"damage_healed":0.0,"max_hp_gain":0.0,"max_hp_loss":0.0,"gold_gain":0.0,"event_name":"The Mausoleum","player_choice":"Opened","floor":25.0,"gold_loss":0.0,"damage_taken":0.0,"relics_obtained":["Symbiotic Virus"],"cards_obtained":["Writhe"]},{"damage_healed":0.0,"max_hp_gain":5.0,"max_hp_loss":0.0,"gold_gain":0.0,"event_name":"Forgotten Altar","player_choice":"Shed Blood","floor":28.0,"gold_loss":0.0,"damage_taken":25.0},{"damage_healed":0.0,"max_hp_gain":0.0,"max_hp_loss":0.0,"gold_gain":0.0,"event_name":"FaceTrader","player_choice":"Leave","floor":30.0,"gold_loss":0.0,"damage_taken":0.0}],"is_beta":false,"boss_relics":[{"not_picked":["Inserter","Astrolabe"],"picked":"Philosopher\u0027s Stone"}],"items_purged_floors":[31],"is_endless":false,"potions_floor_spawned":[5,7,10,11,18,29],"killed_by":"Automaton","ascension_level":20}