{"gold_per_floor":[110,128,128,128,153,196,221,240,263,4,17,30,30,30,30,154,154,168,168,94,94,17,17,17,17,17,30,46,59,59,73,73,203,203,216,235,12,345,345,363,380,380,380,380,430,24,35,35,35,35],"floor_reached":51,"playtime":2728,"items_purged":["Shame","Parasite"],"score":699,"play_id":"0f11e985-bfbf-4cd7-9b8d-3ae55cf6c3fa","local_time":"20190311202941","is_ascension_mode":false,"campfire_choices":[{"floor":13.0,"key":"REST"},{"floor":15.0,"key":"REST"},{"floor":23,"key":"REST"},{"floor":25,"key":"REST"},{"floor":32,"key":"REST"},{"floor":42,"key":"REST"},{"floor":44,"key":"REST"},{"floor":49,"key":"REST"}],"neow_cost":"NONE","seed_source_timestamp":0,"circlet_count":0,"master_deck":["Strike_R+1","Strike_R+1","Strike_R+1","Strike_R+1","Strike_R+1","Defend_R+1","Defend_R+1","Defend_R+1","Defend_R+1","Bash","Flex","Heavy Blade","Twin Strike","Dropkick","Flex","Iron Wave","Combust","Carnage","Fire Breathing","Impervious","Iron Wave","Combust","Necronomicurse","Ghostly Armor","Heavy Blade","Flex+1","Inflame+1","Whirlwind+1","Barricade","Parasite","Blood for Blood+1","Shrug It Off+1","Flame Barrier+1","Flex+1","Rage+1"],"special_seed":0,"relics":["Burning Blood","Paper Frog","MawBank","Lantern","Fusion Hammer","Necronomicon","Gremlin Horn","Calling Bell","Sundial","Thread and Needle","Boot","Bag of Marbles","Pear","Ice Cream","Brimstone"],"potions_floor_usage":[28,31,33,33,35,41,50,50],"damage_taken":[{"damage":9.0,"enemies":"Jaw Worm","floor":1.0,"turns":4.0},{"damage":19.0,"enemies":"Small Slimes","floor":2.0,"turns":4.0},{"damage":1.0,"enemies":"Cultist","floor":5.0,"turns":4.0},{"damage":21.0,"enemies":"Lagavulin","floor":6.0,"turns":5.0},{"damage":10.0,"enemies":"Looter","floor":7.0,"turns":3.0},{"damage":33.0,"enemies":"Large Slime","floor":8.0,"turns":5.0},{"damage":0.0,"enemies":"Blue Slaver","floor":11.0,"turns":2.0},{"damage":0.0,"enemies":"2 Fungi Beasts","floor":12.0,"turns":2.0},{"damage":60.0,"enemies":"Slime Boss","floor":16.0,"turns":9.0},{"damage":7,"enemies":"Spheric Guardian","floor":18,"turns":3},{"damage":2,"enemies":"Shell Parasite","floor":27,"turns":2},{"damage":22,"enemies":"Shelled Parasite and Fungi","floor":28,"turns":4},{"damage":5,"enemies":"Cultist and Chosen","floor":29,"turns":4},{"damage":2,"enemies":"Chosen and Byrds","floor":31,"turns":4},{"damage":14,"enemies":"Collector","floor":33,"turns":6},{"damage":2,"enemies":"3 Darklings","floor":35,"turns":3},{"damage":1,"enemies":"Orb Walker","floor":36,"turns":2},{"damage":44,"enemies":"Writhing Mass","floor":40,"turns":6},{"damage":7,"enemies":"Sphere and 2 Shapes","floor":41,"turns":5},{"damage":14,"enemies":"2 Orb Walkers","floor":45,"turns":4},{"damage":0,"enemies":"Maw","floor":47,"turns":3},{"damage":64,"enemies":"Time Eater","floor":50,"turns":5}],"seed_played":"2471091175044683605","potions_obtained":[{"floor":2.0,"key":"AttackPotion"},{"floor":5.0,"key":"SpeedPotion"},{"floor":8.0,"key":"Dexterity Potion"},{"floor":12.0,"key":"Energy Potion"},{"floor":16.0,"key":"Dexterity Potion"},{"floor":18,"key":"Ancient Potion"},{"floor":28,"key":"Fire Potion"},{"floor":31,"key":"SkillPotion"},{"floor":33,"key":"Poison Potion"},{"floor":40,"key":"EssenceOfSteel"}],"is_trial":false,"path_per_floor":["M","M","?","?","M","E","M","M","T","$","M","M","R","?","R","B",null,"M","?","$","?","$","R","?","R","T","M","M","M","$","M","R","B",null,"M","M","$","?","?","M","M","R","T","R","?","$","M","?","R","B",null],"character_chosen":"IRONCLAD","items_purchased":["Lantern","Fire Potion","Combust","Combust","Ghostly Armor","Bag of Marbles","Brimstone","Explosive Potion","Strength Potion"],"campfire_rested":8,"item_purchase_floors":[10,10,10,20,22,37,46,46,46],"current_hp_per_floor":[85,72,50,50,55,40,36,9,9,9,15,21,47,47,73,19,88,87,87,87,71,71,88,88,88,88,88,72,73,73,77,88,80,88,88,88,88,88,84,46,45,70,80,94,86,86,91,91,91,33],"gold":35,"neow_bonus":"TEN_PERCENT_HP_BONUS","is_prod":false,"is_daily":false,"chose_seed":false,"campfire_upgraded":0,"win_rate":0.0,"timestamp":1552346981,"path_taken":["M","M","?","?","?","E","M","M","T","$","M","M","R","?","R","BOSS","M","?","$","?","$","R","?","R","T","M","M","?","?","M","R","BOSS","M","M","$","?","?","M","M","R","T","R","?","$","M","?","R","BOSS"],"build_version":"2019-01-17","purchased_purges":2,"victory":true,"max_hp_per_floor":[88,88,88,88,88,88,88,88,88,88,88,88,88,88,88,88,88,88,88,88,88,88,88,88,88,88,88,88,88,88,88,88,88,88,88,88,88,88,84,84,84,84,94,94,94,91,91,91,91,91],"card_choices":[{"not_picked":["Headbutt","Seeing Red"],"picked":"Flex","floor":1.0},{"not_picked":["Power Through","Body Slam"],"picked":"Heavy Blade","floor":2.0},{"not_picked":["Juggernaut","Body Slam"],"picked":"Twin Strike","floor":5.0},{"not_picked":["Flex","Headbutt"],"picked":"Dropkick","floor":6.0},{"not_picked":["Seeing Red","Sword Boomerang"],"picked":"Flex","floor":7.0},{"not_picked":["Dual Wield","Perfected Strike"],"picked":"Iron Wave","floor":8.0},{"not_picked":["Disarm","Body Slam"],"picked":"Carnage","floor":11.0},{"not_picked":["Infernal Blade","Heavy Blade"],"picked":"Fire Breathing","floor":12.0},{"not_picked":["Limit Break","Brutality"],"picked":"Impervious","floor":16.0},{"not_picked":["True Grit","Clothesline"],"picked":"Iron Wave","floor":18},{"not_picked":["Anger","Cleave"],"picked":"Heavy Blade","floor":27},{"not_picked":["Combust","Clothesline+1"],"picked":"Flex+1","floor":28},{"not_picked":["Combust+1","Reckless Charge"],"picked":"Inflame+1","floor":29},{"not_picked":["Twin Strike","Combust"],"picked":"Whirlwind","floor":31},{"not_picked":["Double Tap","Offering"],"picked":"Barricade","floor":33},{"not_picked":["Uppercut","Second Wind"],"picked":"Blood for Blood+1","floor":35},{"not_picked":["Battle Trance","Reckless Charge","Perfected Strike+1"],"picked":"SKIP","floor":36},{"not_picked":["Second Wind+1","Clash+1"],"picked":"Shrug It Off+1","floor":40},{"not_picked":["Clothesline+1","Armaments"],"picked":"Flame Barrier+1","floor":41},{"not_picked":["Infernal Blade+1","Bludgeon"],"picked":"Flex+1","floor":45},{"not_picked":["Cleave","Sword Boomerang"],"picked":"Rage+1","floor":47}],"player_experience":7915,"relics_obtained":[{"floor":6.0,"key":"Paper Frog"},{"floor":9.0,"key":"MawBank"},{"floor":21,"key":"Necronomicon"},{"floor":26,"key":"Gremlin Horn"},{"floor":34,"key":"Sundial"},{"floor":34,"key":"Thread and Needle"},{"floor":34,"key":"Boot"},{"floor":43,"key":"Pear"},{"floor":45,"key":"Ice Cream"}],"event_choices":[{"damage_healed":0.0,"max_hp_gain":0.0,"max_hp_loss":0.0,"gold_gain":0.0,"event_name":"Golden Idol","player_choice":"Take Damage","floor":3.0,"gold_loss":0.0,"damage_taken":22.0,"relics_obtained":["Golden Idol"]},{"damage_healed":0.0,"max_hp_gain":0.0,"max_hp_loss":0.0,"gold_gain":0.0,"event_name":"The Woman in Blue","player_choice":"Bought 0 Potions","floor":4.0,"gold_loss":0.0,"damage_taken":0.0},{"damage_healed":0.0,"max_hp_gain":0.0,"max_hp_loss":0.0,"gold_gain":0.0,"event_name":"The Cleric","player_choice":"Leave","floor":14.0,"gold_loss":0.0,"damage_taken":0.0},{"damage_healed":0,"gold_gain":0,"player_choice":"Ignored","damage_taken":0,"max_hp_gain":0,"max_hp_loss":0,"event_name":"Beggar","floor":19,"gold_loss":0},{"damage_healed":0,"gold_gain":0,"player_choice":"Obtained Book","damage_taken":16,"max_hp_gain":0,"max_hp_loss":0,"event_name":"Cursed Tome","floor":21,"gold_loss":0},{"damage_healed":0,"gold_gain":0,"player_choice":"Simplicity","damage_taken":0,"max_hp_gain":0,"max_hp_loss":0,"event_name":"Back to Basics","floor":24,"gold_loss":0,"cards_upgraded":["Strike_R","Strike_R","Strike_R","Strike_R","Strike_R","Defend_R","Defend_R","Defend_R","Defend_R"]},{"damage_healed":0,"gold_gain":333,"player_choice":"Gave Idol","damage_taken":0,"max_hp_gain":0,"max_hp_loss":0,"event_name":"The Moai Head","floor":38,"relics_lost":["Golden Idol"],"gold_loss":0},{"damage_healed":0,"gold_gain":0,"player_choice":"Max HP","damage_taken":0,"max_hp_gain":0,"max_hp_loss":4,"event_name":"Winding Halls","floor":39,"gold_loss":0},{"damage_healed":0,"gold_gain":0,"player_choice":"Fight","damage_taken":0,"max_hp_gain":0,"max_hp_loss":0,"event_name":"Mysterious Sphere","floor":45,"gold_loss":0},{"damage_healed":0,"gold_gain":0,"player_choice":"Forge","damage_taken":0,"max_hp_gain":0,"max_hp_loss":0,"event_name":"Accursed Blacksmith","floor":48,"gold_loss":0,"cards_upgraded":["Whirlwind"]}],"is_beta":false,"boss_relics":[{"not_picked":["Black Star","Empty Cage"],"picked":"Fusion Hammer"},{"not_picked":["Runic Pyramid","Astrolabe"],"picked":"Calling Bell"}],"items_purged_floors":[37,46],"is_endless":false,"potions_floor_spawned":[2,5,8,12,16,18,28,31,33,40],"ascension_level":0}