{"gold_per_floor":[113,113,38,51,66,66,85,85,85,85,31,31,31,206,206,331,331,350,350,350,366,40,40,61,61,61,61,74,87,87,12,12,133,133,151,176,190,112,133,133,133,133,133,133,258,258,282,0,0,0],"floor_reached":51,"playtime":2613,"items_purged":["Strike_R","Strike_R"],"score":658,"play_id":"1bba9efc-0bcb-4e32-99da-f58cac3f98b8","local_time":"20190225031209","is_ascension_mode":false,"campfire_choices":[{"data":"Body Slam","floor":6,"key":"SMITH"},{"data":"Defend_R","floor":8,"key":"SMITH"},{"data":"Defend_R","floor":10,"key":"SMITH"},{"data":"Armaments","floor":15,"key":"SMITH"},{"data":"Metallicize","floor":23,"key":"SMITH"},{"data":"Disarm","floor":25,"key":"SMITH"},{"floor":30,"key":"REST"},{"floor":32,"key":"REST"},{"data":"Entrench","floor":40,"key":"SMITH"},{"data":"Impervious","floor":44,"key":"SMITH"},{"data":"Body Slam","floor":46,"key":"SMITH"},{"data":"Bash","floor":49,"key":"SMITH"}],"neow_cost":"NONE","seed_source_timestamp":886776263905265,"circlet_count":0,"master_deck":["Defend_R+1","Defend_R","Defend_R","Defend_R+1","Bash+1","Body Slam+1","Armaments+1","Dropkick+1","Double Tap+1","Metallicize+1","Disarm+1","Body Slam+1","Shrug It Off","Impervious+1","Entrench+1","Parasite","Impatience"],"relics":["Burning Blood","Blood Vial","Golden Idol","Blue Candle","Astrolabe","Lantern","Oddly Smooth Stone","Magic Flower","Sozu","Singing Bowl","Pocketwatch","Red Mask"],"potions_floor_usage":[16,50,50],"damage_taken":[{"damage":5,"enemies":"Small Slimes","floor":1,"turns":4},{"damage":1,"enemies":"Jaw Worm","floor":4,"turns":3},{"damage":6,"enemies":"Cultist","floor":5,"turns":4},{"damage":4,"enemies":"2 Fungi Beasts","floor":7,"turns":4},{"damage":68,"enemies":"Slime Boss","floor":16,"turns":11},{"damage":45,"enemies":"Spheric Guardian","floor":18,"turns":7},{"damage":11,"enemies":"Chosen","floor":21,"turns":7},{"damage":0,"enemies":"Shelled Parasite and Fungi","floor":24,"turns":6},{"damage":4,"enemies":"Snake Plant","floor":28,"turns":6},{"damage":34,"enemies":"3 Cultists","floor":29,"turns":7},{"damage":36,"enemies":"Collector","floor":33,"turns":10},{"damage":0,"enemies":"Orb Walker","floor":35,"turns":4},{"damage":0,"enemies":"3 Shapes","floor":36,"turns":6},{"damage":24,"enemies":"Sphere and 2 Shapes","floor":37,"turns":8},{"damage":0,"enemies":"Writhing Mass","floor":39,"turns":6},{"damage":12,"enemies":"Mind Bloom Boss Battle","floor":45,"turns":11},{"damage":15,"enemies":"4 Shapes","floor":47,"turns":8},{"damage":55,"enemies":"Awakened One","floor":50,"turns":17}],"seed_played":"5884658613381963554","potions_obtained":[{"floor":4,"key":"SkillPotion"},{"floor":18,"key":"FearPotion"},{"floor":28,"key":"Fire Potion"},{"floor":29,"key":"FearPotion"},{"floor":33,"key":"AttackPotion"}],"is_trial":false,"path_per_floor":["M","?","$","M","M","R","M","R","T","R","$","?","$","?","R","B",null,"M","?","T","M","$","R","M","R","T","$","M","M","R","?","R","B",null,"M","M","M","$","M","R","$","?","T","R","?","R","M","?","R","B",null],"character_chosen":"IRONCLAD","items_purchased":["Armaments","Oddly Smooth Stone","Disarm","Entrench"],"campfire_rested":2,"item_purchase_floors":[11,22,22,38],"current_hp_per_floor":[80,60,60,67,69,69,73,73,73,73,73,73,73,73,73,13,80,41,41,41,38,38,38,46,46,46,46,54,32,56,56,80,53,80,80,80,65,65,77,77,77,77,77,77,79,79,78,78,78,35],"gold":0,"neow_bonus":"RANDOM_COMMON_RELIC","is_prod":false,"is_daily":false,"chose_seed":false,"campfire_upgraded":10,"win_rate":0,"timestamp":1551082329,"path_taken":["M","?","$","M","M","R","M","R","T","R","$","?","$","?","R","BOSS","M","?","?","M","$","R","?","R","T","$","M","M","R","?","R","BOSS","M","M","M","$","M","R","$","?","T","R","?","R","M","?","R","BOSS"],"build_version":"2019-01-23","purchased_purges":2,"victory":true,"max_hp_per_floor":[80,80,80,80,80,80,80,80,80,80,80,80,80,80,80,80,80,80,80,80,80,80,80,80,80,80,80,80,80,80,80,80,80,80,80,80,80,80,80,80,80,80,80,80,82,82,84,84,84,84],"card_choices":[{"not_picked":["Cleave","Twin Strike"],"picked":"Body Slam","floor":1},{"not_picked":["Shockwave","Clothesline","Iron Wave"],"picked":"SKIP","floor":4},{"not_picked":["Heavy Blade","Perfected Strike","Clash"],"picked":"SKIP","floor":5},{"not_picked":["Perfected Strike","Havoc","Headbutt"],"picked":"SKIP","floor":7},{"not_picked":["Anger","Wild Strike+1","Thunderclap"],"picked":"SKIP","floor":18},{"not_picked":["Corruption","Sentinel"],"picked":"Metallicize","floor":21},{"not_picked":["Seeing Red+1","Rampage"],"picked":"Body Slam","floor":24},{"not_picked":["Evolve","Bloodletting","Spot Weakness"],"picked":"SKIP","floor":28},{"not_picked":["Dual Wield","Twin Strike"],"picked":"Shrug It Off","floor":29},{"not_picked":["Immolate","Exhume"],"picked":"Impervious","floor":33},{"not_picked":["Anger+1","Feel No Pain","Searing Blow+1"],"picked":"SKIP","floor":35},{"not_picked":["Warcry+1","Flex+1","Whirlwind"],"picked":"SKIP","floor":36},{"not_picked":["Seeing Red","Armaments+1","Havoc+1"],"picked":"SKIP","floor":37},{"not_picked":["Iron Wave+1","Armaments","Pummel"],"picked":"SKIP","floor":39},{"not_picked":["Discovery","Magnetism"],"picked":"Impatience","floor":42},{"not_picked":["Heavy Blade+1","Seeing Red+1","Anger"],"picked":"Singing Bowl","floor":45},{"not_picked":["Uppercut+1","Sword Boomerang+1","Spot Weakness"],"picked":"Singing Bowl","floor":47}],"player_experience":1093411,"relics_obtained":[{"floor":9,"key":"Blue Candle"},{"floor":20,"key":"Lantern"},{"floor":26,"key":"Magic Flower"},{"floor":43,"key":"Singing Bowl"},{"floor":45,"key":"Pocketwatch"}],"event_choices":[{"damage_healed":0,"gold_gain":0,"player_choice":"Take Damage","damage_taken":20,"relics_obtained":["Golden Idol"],"max_hp_gain":0,"max_hp_loss":0,"event_name":"Golden Idol","floor":2,"gold_loss":0},{"damage_healed":0,"gold_gain":0,"player_choice":"Leave","damage_taken":0,"max_hp_gain":0,"max_hp_loss":0,"event_name":"The Cleric","floor":12,"gold_loss":0},{"damage_healed":0,"gold_gain":175,"player_choice":"AGREE","damage_taken":0,"max_hp_gain":0,"max_hp_loss":0,"event_name":"Liars Game","floor":14,"gold_loss":0,"cards_obtained":["Doubt"]},{"cards_removed":["Doubt"],"damage_healed":0,"gold_gain":0,"player_choice":"Elegance","damage_taken":0,"max_hp_gain":0,"max_hp_loss":0,"event_name":"Back to Basics","floor":19,"gold_loss":0},{"cards_removed":["Rupture"],"damage_healed":0,"gold_gain":0,"player_choice":"Gave Gold","damage_taken":0,"max_hp_gain":0,"max_hp_loss":0,"event_name":"Beggar","floor":31,"gold_loss":75},{"damage_healed":0,"gold_gain":0,"player_choice":"Memory 1","damage_taken":0,"max_hp_gain":0,"max_hp_loss":0,"event_name":"SensoryStone","floor":42,"gold_loss":0},{"damage_healed":0,"gold_gain":0,"player_choice":"Fight","damage_taken":0,"max_hp_gain":0,"max_hp_loss":0,"event_name":"MindBloom","floor":45,"gold_loss":0},{"damage_healed":0,"gold_gain":0,"player_choice":"Paid","damage_taken":0,"relics_obtained":["Red Mask"],"max_hp_gain":0,"max_hp_loss":0,"event_name":"Tomb of Lord Red Mask","floor":48,"gold_loss":282}],"is_beta":false,"boss_relics":[{"not_picked":["Runic Pyramid","Pandora\u0027s Box"],"picked":"Astrolabe"},{"not_picked":["Tiny House","Fusion Hammer"],"picked":"Sozu"}],"items_purged_floors":[3,22],"is_endless":false,"potions_floor_spawned":[4,18,28,29,33,35,45,47],"ascension_level":0}