{"gold_per_floor":[112,262,262,275,275,275,200,231,231,246,263,263,295,310,310,384,384,396,408,263,273,273],"floor_reached":22,"playtime":905,"items_purged":["Regret"],"score":353,"play_id":"54b2440e-ad0c-4a86-9519-3e941830cb51","local_time":"20190227143847","is_ascension_mode":true,"campfire_choices":[{"floor":6,"key":"REST"},{"floor":12,"key":"REST"},{"floor":15,"key":"REST"}],"neow_cost":"PERCENT_DAMAGE","seed_source_timestamp":0,"circlet_count":0,"master_deck":["AscendersBane","Strike_R","Strike_R","Strike_R","Strike_R","Strike_R","Defend_R","Defend_R","Defend_R","Defend_R","Bash","Rupture","Heavy Blade","Battle Trance","Intimidate","Brutality","Infernal Blade+1","Battle Trance+1","Armaments","Rupture"],"special_seed":0,"relics":["Burning Blood","Ginger","Bronze Scales","Oddly Smooth Stone","Red Skull","Black Star"],"potions_floor_usage":[8,13,16],"damage_taken":[{"damage":8,"enemies":"Jaw Worm","floor":1,"turns":5},{"damage":10,"enemies":"Small Slimes","floor":4,"turns":4},{"damage":28,"enemies":"Gremlin Nob","floor":8,"turns":4},{"damage":0,"enemies":"Cultist","floor":10,"turns":3},{"damage":14,"enemies":"Red Slaver","floor":11,"turns":3},{"damage":41,"enemies":"Lagavulin","floor":13,"turns":8},{"damage":0,"enemies":"3 Louse","floor":14,"turns":4},{"damage":71,"enemies":"The Guardian","floor":16,"turns":10},{"damage":44,"enemies":"Shell Parasite","floor":18,"turns":9},{"damage":6,"enemies":"Spheric Guardian","floor":19,"turns":3},{"damage":44,"enemies":"3 Cultists","floor":21,"turns":5},{"damage":13,"enemies":"Colosseum Slavers","floor":22,"turns":1}],"seed_played":"8310729527699931111","potions_obtained":[{"floor":1,"key":"Fire Potion"},{"floor":4,"key":"PowerPotion"},{"floor":14,"key":"PowerPotion"},{"floor":19,"key":"FairyPotion"}],"is_trial":false,"path_per_floor":["M","?","?","M","?","R","$","E","T","M","M","R","E","M","R","B",null,"M","M","$","M","?"],"character_chosen":"IRONCLAD","items_purchased":["Armaments","Rupture"],"campfire_rested":3,"item_purchase_floors":[20,20],"current_hp_per_floor":[62,62,62,58,58,84,84,62,62,68,60,86,51,57,83,18,71,33,33,33,13,0],"gold":273,"neow_bonus":"TWENTY_PERCENT_HP_BONUS","is_prod":false,"is_daily":false,"chose_seed":false,"campfire_upgraded":0,"win_rate":0,"timestamp":1551314327,"path_taken":["M","?","?","M","?","R","$","E","T","?","M","R","E","M","R","BOSS","M","M","$","M","?"],"build_version":"2019-01-23","purchased_purges":1,"victory":false,"max_hp_per_floor":[89,89,89,89,89,89,89,89,89,89,89,89,89,89,89,89,89,89,89,89,89,89],"card_choices":[{"not_picked":["Cleave","Shrug It Off"],"picked":"Rupture","floor":1},{"not_picked":["Sword Boomerang","Warcry"],"picked":"Heavy Blade","floor":4},{"not_picked":["Thunderclap","Corruption"],"picked":"Battle Trance","floor":8},{"not_picked":["Dropkick","Warcry","Perfected Strike"],"picked":"SKIP","floor":10},{"not_picked":["Havoc","Clothesline","Metallicize"],"picked":"SKIP","floor":11},{"not_picked":["Heavy Blade","Entrench"],"picked":"Intimidate","floor":13},{"not_picked":["Dual Wield","Heavy Blade","Pommel Strike"],"picked":"SKIP","floor":14},{"not_picked":["Limit Break","Exhume"],"picked":"Brutality","floor":16},{"not_picked":["Blood for Blood","Carnage"],"picked":"Infernal Blade+1","floor":18},{"not_picked":["Evolve","Rage"],"picked":"Battle Trance+1","floor":19},{"not_picked":["True Grit","Twin Strike","Body Slam"],"picked":"SKIP","floor":21}],"player_experience":469445,"relics_obtained":[{"floor":8,"key":"Bronze Scales"},{"floor":9,"key":"Oddly Smooth Stone"},{"floor":13,"key":"Red Skull"}],"event_choices":[{"damage_healed":0,"gold_gain":150,"player_choice":"AGREE","damage_taken":0,"max_hp_gain":0,"max_hp_loss":0,"event_name":"Liars Game","floor":2,"gold_loss":0,"cards_obtained":["Doubt"]},{"cards_removed":["Doubt"],"damage_healed":0,"gold_gain":0,"player_choice":"Forget","damage_taken":0,"max_hp_gain":0,"max_hp_loss":0,"event_name":"Living Wall","floor":3,"gold_loss":0},{"damage_healed":0,"gold_gain":0,"player_choice":"Box","damage_taken":0,"relics_obtained":["Ginger"],"max_hp_gain":0,"max_hp_loss":0,"event_name":"Big Fish","floor":5,"gold_loss":0,"cards_obtained":["Regret"]},{"damage_healed":0,"gold_gain":0,"player_choice":"Fight","damage_taken":0,"max_hp_gain":0,"max_hp_loss":0,"event_name":"Colosseum","floor":22,"gold_loss":0}],"is_beta":false,"boss_relics":[{"not_picked":["Philosopher\u0027s Stone","White Beast Statue"],"picked":"Black Star"}],"items_purged_floors":[7],"is_endless":false,"potions_floor_spawned":[1,4,14,19],"killed_by":"Colosseum Slavers","ascension_level":16}