{"gold_per_floor":[109,126,50,70,70,96,96,116,116,94,94,94,127,142,142,216,216,231,231,242,242],"floor_reached":21,"playtime":697,"items_purged":[],"score":331,"play_id":"e34b0e10-3f6d-41a2-8ab0-a101353cd6c1","local_time":"20190221134532","is_ascension_mode":true,"campfire_choices":[{"floor":7,"key":"REST"},{"data":"Inflame","floor":12,"key":"SMITH"},{"data":"Shockwave","floor":15,"key":"SMITH"}],"neow_cost":"NONE","seed_source_timestamp":106138205169721,"circlet_count":0,"master_deck":["AscendersBane","Strike_R","Strike_R","Strike_R","Strike_R","Strike_R","Defend_R","Defend_R","Defend_R","Defend_R","Bash","Cleave","Twin Strike","Inflame+1","Clash","Rampage","Armaments+1","Shockwave+1","Demon Form","Feed","Heavy Blade","Anger","Shrug It Off+1"],"relics":["Burning Blood","Potion Belt","Bronze Scales","Pear","Black Star"],"potions_floor_usage":[4,6,18,20],"damage_taken":[{"damage":6,"enemies":"Cultist","floor":1,"turns":3},{"damage":5,"enemies":"Small Slimes","floor":2,"turns":4},{"damage":0,"enemies":"2 Louse","floor":4,"turns":2},{"damage":25,"enemies":"3 Sentries","floor":6,"turns":6},{"damage":2,"enemies":"Looter","floor":8,"turns":3},{"damage":20,"enemies":"Lagavulin","floor":13,"turns":5},{"damage":4,"enemies":"3 Louse","floor":14,"turns":2},{"damage":47,"enemies":"The Guardian","floor":16,"turns":8},{"damage":17,"enemies":"Shell Parasite","floor":18,"turns":6},{"damage":45,"enemies":"Spheric Guardian","floor":20,"turns":6},{"damage":40,"enemies":"Shelled Parasite and Fungi","floor":21,"turns":5}],"seed_played":"8299614174487018350","potions_obtained":[{"floor":1,"key":"SpeedPotion"},{"floor":2,"key":"Swift Potion"},{"floor":6,"key":"Dexterity Potion"},{"floor":14,"key":"BloodPotion"}],"is_trial":false,"path_per_floor":["M","M","$","M","$","E","R","M","T","$","?","R","E","M","R","B",null,"M","?","M","M"],"character_chosen":"IRONCLAD","items_purchased":["Inflame","Armaments"],"campfire_rested":1,"item_purchase_floors":[3,10],"current_hp_per_floor":[75,76,76,82,82,63,82,82,82,82,82,82,78,80,80,39,79,77,77,38,0],"gold":242,"neow_bonus":"TEN_PERCENT_HP_BONUS","is_prod":false,"is_daily":false,"chose_seed":false,"campfire_upgraded":2,"win_rate":0,"timestamp":1550792732,"path_taken":["M","M","$","M","?","E","R","M","T","$","?","R","E","M","R","BOSS","M","?","M","M"],"build_version":"2019-01-23","purchased_purges":0,"victory":false,"max_hp_per_floor":[82,82,82,82,82,82,82,82,82,82,82,82,92,92,92,92,92,92,92,92,92],"card_choices":[{"not_picked":["Rage","Clash"],"picked":"Cleave","floor":1},{"not_picked":["Body Slam","Perfected Strike"],"picked":"Twin Strike","floor":2},{"not_picked":["Wild Strike","Dropkick"],"picked":"Clash","floor":4},{"not_picked":["Reckless Charge","Clothesline"],"picked":"Rampage","floor":6},{"not_picked":["Cleave","Pommel Strike","Dropkick"],"picked":"SKIP","floor":8},{"not_picked":["Flex","Inflame"],"picked":"Shockwave","floor":13},{"not_picked":["Battle Trance","Clash"],"picked":"Demon Form","floor":14},{"not_picked":["Impervious","Barricade"],"picked":"Feed","floor":16},{"not_picked":["Twin Strike","Armaments"],"picked":"Heavy Blade","floor":18},{"not_picked":["Seeing Red","Combust"],"picked":"Shrug It Off+1","floor":20}],"player_experience":459025,"relics_obtained":[{"floor":6,"key":"Potion Belt"},{"floor":9,"key":"Bronze Scales"},{"floor":13,"key":"Pear"}],"event_choices":[{"damage_healed":0,"gold_gain":0,"player_choice":"Upgraded","damage_taken":0,"max_hp_gain":0,"max_hp_loss":0,"event_name":"Upgrade Shrine","floor":11,"gold_loss":0,"cards_upgraded":["Armaments"]},{"damage_healed":0,"gold_gain":0,"player_choice":"Read","damage_taken":0,"max_hp_gain":0,"max_hp_loss":0,"event_name":"The Library","floor":19,"gold_loss":0,"cards_obtained":["Anger"]}],"is_beta":false,"boss_relics":[{"not_picked":["Cursed Key","Orrery"],"picked":"Black Star"}],"items_purged_floors":[],"is_endless":false,"potions_floor_spawned":[1,2,6,14],"killed_by":"Shelled Parasite and Fungi","ascension_level":15}