{"gold_per_floor":[112,112,112,122,122,122,136,162,162,7,37,93,105,117,129,141],"floor_reached":16,"playtime":529,"items_purged":[],"score":106,"play_id":"f6c5ee77-d3d2-4953-b351-b717f32917fc","local_time":"20181201160350","is_ascension_mode":false,"campfire_choices":[{"data":"Armaments","floor":6.0,"key":"SMITH"},{"floor":15.0,"key":"REST"}],"neow_cost":"NONE","seed_source_timestamp":618099213353739,"circlet_count":0,"master_deck":["Strike_R","Strike_R","Strike_R","Strike_R","Defend_R","Defend_R","Defend_R","Defend_R","Bash","Body Slam","Armaments+1","Regret","Body Slam","Flame Barrier"],"special_seed":0,"relics":["Burning Blood","Bird Faced Urn","Dream Catcher","Centennial Puzzle","Matryoshka","Orichalcum","Bag of Preparation","MawBank","Tiny Chest"],"potions_floor_usage":[],"damage_taken":[{"damage":5.0,"enemies":"Cultist","floor":1.0,"turns":4.0},{"damage":15.0,"enemies":"Small Slimes","floor":4.0,"turns":4.0},{"damage":16.0,"enemies":"Jaw Worm","floor":7.0,"turns":4.0},{"damage":32.0,"enemies":"Gremlin Nob","floor":8.0,"turns":5.0},{"damage":31.0,"enemies":"3 Sentries","floor":11.0,"turns":13.0},{"damage":35,"enemies":"The Guardian","floor":16,"turns":5}],"seed_played":"-1556101689718620343","potions_obtained":[{"floor":7.0,"key":"FearPotion"}],"is_trial":false,"path_per_floor":["M","?","?","M","?","R","M","E","T","$","E","T","?","$","R","B"],"character_chosen":"IRONCLAD","items_purchased":["Orichalcum"],"campfire_rested":1,"item_purchase_floors":[10],"current_hp_per_floor":[80,80,77,68,68,68,58,32,32,32,7,7,7,7,31,0],"gold":141,"neow_bonus":"TRANSFORM_CARD","is_prod":false,"is_daily":false,"chose_seed":false,"campfire_upgraded":1,"win_rate":0,"timestamp":1543698230,"path_taken":["M","?","?","?","?","R","M","E","T","$","E","?","?","$","R","BOSS"],"build_version":"2018-11-15","purchased_purges":0,"victory":false,"max_hp_per_floor":[80,80,80,80,80,80,80,80,80,80,80,80,80,80,80,80],"card_choices":[{"not_picked":["Heavy Blade","Pommel Strike"],"picked":"Armaments","floor":1.0},{"not_picked":["Wild Strike","Heavy Blade"],"picked":"Body Slam","floor":4.0},{"not_picked":["Sever Soul","Searing Blow","Twin Strike"],"picked":"SKIP","floor":7.0},{"not_picked":["Intimidate","Body Slam","Wild Strike"],"picked":"SKIP","floor":8.0},{"not_picked":["Anger","Fire Breathing","Reckless Charge"],"picked":"SKIP","floor":11.0},{"not_picked":["Rage","Bloodletting"],"picked":"Flame Barrier","floor":15.0}],"player_experience":126588,"relics_obtained":[{"floor":8.0,"key":"Centennial Puzzle"},{"floor":9.0,"key":"Matryoshka"},{"floor":11.0,"key":"Bag of Preparation"},{"floor":12.0,"key":"MawBank"},{"floor":12.0,"key":"Tiny Chest"}],"event_choices":[{"damage_healed":0.0,"max_hp_gain":0.0,"max_hp_loss":0.0,"gold_gain":0.0,"event_name":"Big Fish","player_choice":"Box","floor":2.0,"gold_loss":0.0,"damage_taken":0.0,"relics_obtained":["Bird Faced Urn"],"cards_obtained":["Regret"]},{"damage_healed":0.0,"max_hp_gain":0.0,"max_hp_loss":0.0,"gold_gain":0.0,"event_name":"Scrap Ooze","player_choice":"Success","floor":3.0,"gold_loss":0.0,"damage_taken":3.0,"relics_obtained":["Dream Catcher"]},{"damage_healed":0.0,"max_hp_gain":0.0,"max_hp_loss":0.0,"gold_gain":0.0,"event_name":"Liars Game","player_choice":"Ignored","floor":5.0,"gold_loss":0.0,"damage_taken":0.0},{"damage_healed":0.0,"max_hp_gain":0.0,"max_hp_loss":0.0,"gold_gain":0.0,"event_name":"Golden Idol","player_choice":"Ignored","floor":13.0,"gold_loss":0.0,"damage_taken":0.0}],"is_beta":false,"boss_relics":[],"items_purged_floors":[],"is_endless":false,"potions_floor_spawned":[7],"killed_by":"The Guardian","ascension_level":0}