{"gold_per_floor":[110,130,140,164,110,129,159,171,242,144,162,237,202,213,213,318,318,328,328],"floor_reached":19,"playtime":1865,"items_purged":["Strike_R"],"score":171,"play_id":"c27a11d5-ff12-41a5-8129-137331d8307d","local_time":"20190304003519","is_ascension_mode":false,"campfire_choices":[{"floor":15,"key":"REST"}],"neow_cost":"","seed_source_timestamp":110377391734424,"circlet_count":0,"master_deck":["Strike_R","Strike_R","Strike_R","Strike_R","Defend_R","Defend_R","Defend_R","Defend_R","Bash","Twin Strike","Feel No Pain","Rampage","Demon Form","Fire Breathing","Metallicize","Armaments","Seeing Red","Shrug It Off","Double Tap","Iron Wave+1"],"relics":["Burning Blood","Vajra","Thread and Needle","Paper Frog","Molten Egg 2","Black Star"],"potions_floor_usage":[16],"damage_taken":[{"damage":6,"enemies":"Cultist","floor":1,"turns":3},{"damage":15,"enemies":"Small Slimes","floor":2,"turns":3},{"damage":8,"enemies":"Jaw Worm","floor":3,"turns":5},{"damage":4,"enemies":"2 Fungi Beasts","floor":6,"turns":3},{"damage":24,"enemies":"Lagavulin","floor":7,"turns":5},{"damage":17,"enemies":"Blue Slaver","floor":8,"turns":4},{"damage":8,"enemies":"Large Slime","floor":11,"turns":6},{"damage":46,"enemies":"Gremlin Gang","floor":14,"turns":6},{"damage":24,"enemies":"The Guardian","floor":16,"turns":10},{"damage":46,"enemies":"3 Byrds","floor":18,"turns":11},{"damage":44,"enemies":"Colosseum Slavers","floor":19,"turns":4}],"seed_played":"-6772614219497484110","potions_obtained":[{"floor":6,"key":"PowerPotion"},{"floor":7,"key":"SmokeBomb"},{"floor":8,"key":"SkillPotion"},{"floor":11,"key":"BloodPotion"}],"is_trial":false,"path_per_floor":["M","M","M","T","?","M","E","M","T","$","M","?","?","M","R","B",null,"M","?"],"character_chosen":"IRONCLAD","items_purchased":["Armaments"],"campfire_rested":1,"item_purchase_floors":[10],"current_hp_per_floor":[80,71,69,69,69,71,53,42,42,42,40,29,49,9,33,23,80,40,0],"gold":328,"neow_bonus":"","is_prod":false,"is_daily":false,"chose_seed":false,"campfire_upgraded":0,"win_rate":0.0,"timestamp":1551656119,"path_taken":["M","M","M","?","?","M","E","?","T","$","M","?","?","M","R","BOSS","M","?"],"build_version":"2019-01-23","purchased_purges":1,"victory":false,"max_hp_per_floor":[80,80,80,80,80,80,80,80,80,80,80,80,80,80,80,80,80,80,80],"card_choices":[{"not_picked":["Flex","Body Slam"],"picked":"Twin Strike","floor":1},{"not_picked":["Clothesline","Entrench"],"picked":"Feel No Pain","floor":2},{"not_picked":["Entrench","Iron Wave"],"picked":"Rampage","floor":3},{"not_picked":["Sword Boomerang","Headbutt"],"picked":"Demon Form","floor":6},{"not_picked":["Infernal Blade","Sword Boomerang"],"picked":"Fire Breathing","floor":7},{"not_picked":["Pummel","Pommel Strike"],"picked":"Metallicize","floor":8},{"not_picked":["Reckless Charge+1","Sever Soul+1"],"picked":"Seeing Red","floor":11},{"not_picked":["Headbutt+1","Power Through"],"picked":"Shrug It Off","floor":14},{"not_picked":["Juggernaut","Bludgeon+1"],"picked":"Double Tap","floor":16},{"not_picked":["Infernal Blade","Feel No Pain+1"],"picked":"Iron Wave+1","floor":18}],"player_experience":0,"relics_obtained":[{"floor":4,"key":"Vajra"},{"floor":7,"key":"Paper Frog"},{"floor":9,"key":"Molten Egg 2"}],"event_choices":[{"damage_healed":0,"gold_gain":0,"player_choice":"Paid Gold","damage_taken":0,"relics_obtained":["Thread and Needle"],"max_hp_gain":0,"max_hp_loss":0,"event_name":"WeMeetAgain","floor":5,"gold_loss":54},{"damage_healed":0,"gold_gain":75,"player_choice":"Gather Gold","damage_taken":11,"max_hp_gain":0,"max_hp_loss":0,"event_name":"World of Goop","floor":12,"gold_loss":0},{"damage_healed":20,"gold_gain":0,"player_choice":"Healed","damage_taken":0,"max_hp_gain":0,"max_hp_loss":0,"event_name":"The Cleric","floor":13,"gold_loss":35},{"damage_healed":0,"gold_gain":0,"player_choice":"Fight","damage_taken":0,"max_hp_gain":0,"max_hp_loss":0,"event_name":"Colosseum","floor":19,"gold_loss":0}],"is_beta":false,"boss_relics":[{"not_picked":["Fusion Hammer","Runic Dome"],"picked":"Black Star"}],"items_purged_floors":[10],"is_endless":false,"potions_floor_spawned":[6,7,8,11],"killed_by":"Colosseum Slavers","ascension_level":0}