{"gold_per_floor":[110,110,110,110,126,126,156,156,156,156,186,186,186],"floor_reached":13,"playtime":250,"items_purged":[],"score":222,"play_id":"026cb4fb-75c1-47e0-b341-33be9a043abb","local_time":"20190311123417","is_ascension_mode":true,"campfire_choices":[{"data":"Deadly Poison","floor":6,"key":"SMITH"},{"data":"Bane","floor":10,"key":"SMITH"}],"neow_cost":"NONE","seed_source_timestamp":414450073176897,"circlet_count":0,"master_deck":["AscendersBane","Defend_G","Defend_G+1","Defend_G","Defend_G","Defend_G","Strike_G","Strike_G+1","Strike_G","Strike_G","Strike_G","Survivor","Neutralize+1","Dagger Spray+1","Deadly Poison+1","Bane+1"],"relics":["Ring of the Snake","NeowsBlessing","The Specimen","Pear","Mummified Hand","Question Card"],"potions_floor_usage":[],"damage_taken":[{"damage":0,"enemies":"Small Slimes","floor":1,"turns":1},{"damage":0,"enemies":"Jaw Worm","floor":5,"turns":1},{"damage":0,"enemies":"Gremlin Nob","floor":7,"turns":1},{"damage":26,"enemies":"3 Sentries","floor":11,"turns":10},{"damage":28,"enemies":"Lagavulin","floor":13,"turns":8}],"seed_played":"3873276684746788002","potions_obtained":[],"is_trial":false,"path_per_floor":["M","?","T","?","M","R","E","?","T","R","E","?","E"],"character_chosen":"THE_SILENT","items_purchased":[],"campfire_rested":0,"item_purchase_floors":[],"current_hp_per_floor":[59,59,59,59,59,59,69,46,46,46,20,9,0],"gold":186,"neow_bonus":"THREE_ENEMY_KILL","is_prod":false,"is_daily":false,"chose_seed":false,"campfire_upgraded":2,"win_rate":0,"timestamp":1552304057,"path_taken":["M","?","?","?","?","R","E","?","T","R","E","?","E"],"build_version":"2019-01-23","purchased_purges":0,"victory":false,"max_hp_per_floor":[66,66,66,66,66,66,76,76,76,76,76,76,76],"card_choices":[{"not_picked":["Outmaneuver","Leg Sweep"],"picked":"Dagger Spray","floor":1},{"not_picked":["Dodge and Roll","Terror"],"picked":"Deadly Poison","floor":5},{"not_picked":["Unload","Riddle With Holes"],"picked":"Bane","floor":7},{"not_picked":["Blade Dance","Flechettes","Choke"],"picked":"SKIP","floor":11}],"player_experience":958732,"relics_obtained":[{"floor":3,"key":"The Specimen"},{"floor":7,"key":"Pear"},{"floor":9,"key":"Mummified Hand"},{"floor":11,"key":"Question Card"}],"event_choices":[{"damage_healed":0,"gold_gain":0,"player_choice":"Grow","damage_taken":0,"max_hp_gain":0,"max_hp_loss":0,"event_name":"Living Wall","floor":2,"gold_loss":0,"cards_upgraded":["Dagger Spray"]},{"damage_healed":0,"gold_gain":0,"player_choice":"Forge","damage_taken":0,"max_hp_gain":0,"max_hp_loss":0,"event_name":"Accursed Blacksmith","floor":4,"gold_loss":0,"cards_upgraded":["Neutralize"]},{"damage_healed":0,"gold_gain":0,"player_choice":"Entered Light","damage_taken":23,"max_hp_gain":0,"max_hp_loss":0,"event_name":"Shining Light","floor":8,"gold_loss":0,"cards_upgraded":["Defend_G","Strike_G"]},{"damage_healed":0,"gold_gain":0,"player_choice":"Damaged","damage_taken":11,"max_hp_gain":0,"max_hp_loss":0,"event_name":"Wheel of Change","floor":12,"gold_loss":0}],"is_beta":false,"boss_relics":[],"items_purged_floors":[],"is_endless":false,"potions_floor_spawned":[],"killed_by":"Lagavulin","ascension_level":19}