{"gold_per_floor":[118,118,118,2,13,41,41,67,67,67,67,43,71,84,84,187,187,198,198,209,209,222,222,233,251,305,305,315,327,327,252,252,350,350,365,24,124,22,22,22,49,49,95,113,127,138,138,138,138,138,138,138,42,42],"floor_reached":54,"playtime":2742,"items_purged":["Sunder"],"score":1053,"play_id":"277e0825-93f1-494b-94e9-636dff45cafd","local_time":"20190102193752","is_ascension_mode":true,"campfire_choices":[{"data":"Loop","floor":7.0,"key":"SMITH"},{"floor":11.0,"key":"REST"},{"data":"Go for the Eyes","floor":15.0,"key":"SMITH"},{"floor":23.0,"key":"REST"},{"floor":27.0,"key":"REST"},{"floor":30.0,"key":"REST"},{"floor":32.0,"key":"RECALL"},{"floor":40,"key":"REST"},{"floor":42,"key":"REST"},{"floor":49,"key":"REST"},{"floor":52,"key":"REST"}],"neow_cost":"NONE","seed_source_timestamp":0,"circlet_count":0,"master_deck":["AscendersBane","Zap","Dualcast","Cold Snap","Genetic Algorithm","Conserve Battery","Loop+1","Ball Lightning","Echo Form","Go for the Eyes+1","Coolheaded","Thunder Strike","Hologram","Leap","Hologram","Tempest+1","Reboot","Beam Cell","Creative AI","White Noise","Thunder Strike","Leap+1","Coolheaded","Stack","Madness","Madness","Auto Shields","Defragment","Hologram+1","Stack"],"special_seed":0,"relics":["Cracked Core","NeowsBlessing","Pantograph","Mercury Hourglass","Singing Bowl","Regal Pillow","Fusion Hammer","Art of War","Bag of Marbles","Pandora\u0027s Box","Torii","Incense Burner","Smiling Mask","Centennial Puzzle"],"potions_floor_usage":[33,33,41,50,50],"damage_taken":[{"damage":0.0,"enemies":"Small Slimes","floor":1.0,"turns":1.0},{"damage":0.0,"enemies":"Jaw Worm","floor":5.0,"turns":1.0},{"damage":2.0,"enemies":"3 Sentries","floor":6.0,"turns":2.0},{"damage":16.0,"enemies":"Gremlin Nob","floor":8.0,"turns":3.0},{"damage":15.0,"enemies":"3 Sentries","floor":13.0,"turns":6.0},{"damage":0.0,"enemies":"Cultist","floor":14.0,"turns":3.0},{"damage":20.0,"enemies":"The Guardian","floor":16.0,"turns":12.0},{"damage":21.0,"enemies":"2 Thieves","floor":18.0,"turns":5.0},{"damage":17.0,"enemies":"Shell Parasite","floor":20.0,"turns":5.0},{"damage":9.0,"enemies":"Shelled Parasite and Fungi","floor":22.0,"turns":6.0},{"damage":11.0,"enemies":"Snake Plant","floor":24.0,"turns":7.0},{"damage":10.0,"enemies":"Snecko","floor":25.0,"turns":4.0},{"damage":10.0,"enemies":"Centurion and Healer","floor":28.0,"turns":7.0},{"damage":25.0,"enemies":"Cultist and Chosen","floor":29.0,"turns":5.0},{"damage":75,"enemies":"Automaton","floor":33,"turns":14},{"damage":13,"enemies":"3 Darklings","floor":35,"turns":3},{"damage":2,"enemies":"Mind Bloom Boss Battle","floor":37,"turns":7},{"damage":39,"enemies":"Giant Head","floor":41,"turns":11},{"damage":7,"enemies":"Orb Walker","floor":44,"turns":5},{"damage":0,"enemies":"Spire Growth","floor":45,"turns":3},{"damage":0,"enemies":"Maw","floor":46,"turns":8},{"damage":29,"enemies":"Time Eater","floor":50,"turns":10},{"damage":91,"enemies":"Shield and Spear","floor":54,"turns":13}],"seed_played":"-3393398343831546488","potions_obtained":[{"floor":5.0,"key":"FearPotion"},{"floor":8.0,"key":"SkillPotion"},{"floor":14.0,"key":"Energy Potion"},{"floor":22.0,"key":"Swift Potion"},{"floor":29.0,"key":"AttackPotion"},{"floor":41,"key":"SteroidPotion"},{"floor":44,"key":"SkillPotion"}],"is_trial":false,"path_per_floor":["M","$","?","$","M","E","R","E","T","?","R","$","E","M","R","B",null,"M","T","M","?","M","R","M","M","T","R","M","M","R","?","R","B",null,"M","$","?","$","?","R","E","R","T","M","M","M","?","?","R","B",null,"R","$","E"],"character_chosen":"DEFECT","items_purchased":["Genetic Algorithm","Conserve Battery","Go for the Eyes","Torii","Coolheaded","Stack","SkillPotion","Stack"],"campfire_rested":8,"item_purchase_floors":[4,4,12,36,36,38,38,53],"current_hp_per_floor":[68,68,65,65,65,63,63,47,47,47,69,69,56,56,56,57,72,51,51,34,34,25,63,54,46,46,81,71,46,81,81,81,6,62,49,49,74,74,64,83,44,83,83,76,76,78,78,78,85,56,78,85,85,0],"gold":42,"neow_bonus":"THREE_ENEMY_KILL","is_prod":false,"is_daily":false,"chose_seed":false,"campfire_upgraded":2,"win_rate":0,"timestamp":1546465072,"path_taken":["M","$","?","$","M","E","R","E","T","?","R","$","E","M","R","BOSS","M","?","M","?","?","R","M","M","T","R","M","M","R","?","R","BOSS","M","$","?","$","?","R","E","R","T","M","M","M","?","?","R","BOSS","R","$","E"],"build_version":"2018-12-20","purchased_purges":1,"victory":false,"max_hp_per_floor":[75,75,75,75,75,75,75,75,75,75,75,75,77,77,77,77,77,77,77,77,77,77,77,79,81,81,81,81,81,81,81,81,81,81,81,81,83,83,83,83,83,83,83,83,83,85,85,85,85,85,85,85,85,85],"card_choices":[{"not_picked":["Skim","Rebound"],"picked":"Cold Snap","floor":1.0},{"not_picked":["FTL","Gash"],"picked":"Loop","floor":5.0},{"not_picked":["Melter","Hologram"],"picked":"Ball Lightning","floor":6.0},{"not_picked":["Hello World","Turbo"],"picked":"Echo Form","floor":8.0},{"not_picked":["Streamline","Beam Cell","Turbo"],"picked":"Singing Bowl","floor":13.0},{"not_picked":["Consume","Force Field"],"picked":"Coolheaded","floor":14.0},{"not_picked":["Amplify","Hyperbeam"],"picked":"Thunder Strike","floor":16.0},{"not_picked":["Redo","Beam Cell"],"picked":"Hologram","floor":18.0},{"not_picked":["Sweeping Beam","Coolheaded"],"picked":"Leap","floor":20.0},{"not_picked":["Redo","Rebound"],"picked":"Hologram","floor":22.0},{"not_picked":["Gash","Sweeping Beam","Multi-Cast"],"picked":"Singing Bowl","floor":24.0},{"not_picked":["Ball Lightning","Loop","Go for the Eyes"],"picked":"Singing Bowl","floor":25.0},{"not_picked":["Loop","Coolheaded"],"picked":"Tempest+1","floor":28.0},{"not_picked":["Rip and Tear+1","Chaos"],"picked":"Tempest","floor":29.0},{"not_picked":["Multi-Cast","All For One"],"picked":"Reboot","floor":33},{"not_picked":["Darkness","Doom and Gloom"],"picked":"Leap+1","floor":35},{"not_picked":["Capacitor","Gash","Streamline"],"picked":"Singing Bowl","floor":37},{"not_picked":["Redo","Lockon+1"],"picked":"Auto Shields","floor":41},{"not_picked":["Storm+1","Ball Lightning"],"picked":"Defragment","floor":44},{"not_picked":["Sweeping Beam","Storm"],"picked":"Hologram+1","floor":45},{"not_picked":["Stack","Gash+1","Beam Cell+1"],"picked":"Singing Bowl","floor":46}],"player_experience":662776,"relics_obtained":[{"floor":6.0,"key":"Mercury Hourglass"},{"floor":8.0,"key":"Singing Bowl"},{"floor":13.0,"key":"Regal Pillow"},{"floor":19.0,"key":"Art of War"},{"floor":26.0,"key":"Bag of Marbles"},{"floor":37,"key":"Incense Burner"},{"floor":41,"key":"Smiling Mask"},{"floor":43,"key":"Centennial Puzzle"}],"event_choices":[{"damage_healed":0.0,"max_hp_gain":0.0,"max_hp_loss":0.0,"gold_gain":0.0,"event_name":"Scrap Ooze","player_choice":"Success","floor":3.0,"gold_loss":0.0,"damage_taken":3.0,"relics_obtained":["Pantograph"]},{"cards_removed":["Strike_B"],"damage_healed":0.0,"max_hp_gain":0.0,"max_hp_loss":0.0,"gold_gain":0.0,"event_name":"Bonfire Elementals","player_choice":"Offered Basic","floor":10.0,"gold_loss":0.0,"damage_taken":0.0},{"cards_removed":["Strike_B"],"damage_healed":0.0,"max_hp_gain":0.0,"max_hp_loss":0.0,"gold_gain":0.0,"event_name":"Wheel of Change","player_choice":"Card Removal","floor":21.0,"gold_loss":0.0,"damage_taken":0.0},{"cards_removed":["Strike_B"],"damage_healed":0.0,"max_hp_gain":0.0,"max_hp_loss":0.0,"gold_gain":0.0,"event_name":"Beggar","player_choice":"Gave Gold","floor":31.0,"gold_loss":75.0,"damage_taken":0.0},{"damage_healed":0,"gold_gain":0,"player_choice":"Fight","damage_taken":0,"max_hp_gain":0,"max_hp_loss":0,"event_name":"MindBloom","floor":37,"gold_loss":0},{"damage_healed":0,"gold_gain":0,"player_choice":"Embrace Madness","damage_taken":10,"max_hp_gain":0,"max_hp_loss":0,"event_name":"Winding Halls","floor":39,"gold_loss":0,"cards_obtained":["Madness","Madness"]},{"cards_removed":["Tempest"],"damage_healed":0,"gold_gain":0,"player_choice":"Removed Skill","damage_taken":0,"max_hp_gain":0,"max_hp_loss":0,"event_name":"Falling","floor":47,"gold_loss":0},{"damage_healed":0,"gold_gain":0,"player_choice":"Ignored","damage_taken":0,"max_hp_gain":0,"max_hp_loss":0,"event_name":"Mysterious Sphere","floor":48,"gold_loss":0}],"is_beta":false,"boss_relics":[{"not_picked":["Empty Cage","Lizard Tail"],"picked":"Fusion Hammer"},{"not_picked":["Orrery","Busted Crown"],"picked":"Pandora\u0027s Box"}],"items_purged_floors":[53],"is_endless":false,"potions_floor_spawned":[5,8,14,22,25,29,41,44],"killed_by":"Shield and Spear","ascension_level":12}