{"gold_per_floor":[112,112,112,123,88,88,119,119,144,144,177,193,193,205,205,284,284,304,318,54,54,54,54,70,102,127,139,169,181,0,12,24,36],"floor_reached":33,"playtime":1254,"items_purged":["Berserk"],"score":488,"play_id":"27fc321d-3dd1-4b67-85ee-053687454d99","local_time":"20190227141327","is_ascension_mode":true,"campfire_choices":[{"data":"Trip","floor":6,"key":"SMITH"},{"floor":10,"key":"REST"},{"floor":13,"key":"REST"},{"data":"Flame Barrier","floor":15,"key":"SMITH"},{"floor":23,"key":"REST"},{"floor":32,"key":"REST"}],"neow_cost":"PERCENT_DAMAGE","seed_source_timestamp":131396382372200,"circlet_count":0,"master_deck":["AscendersBane","Bash","Trip+1","Deep Breath+1","Infernal Blade+1","Flame Barrier+1","Clothesline","Cleave","Juggernaut","Flame Barrier","Bloodletting","Metallicize","Cleave","Rupture","Fiend Fire","Combust","Shrug It Off","Armaments","Infernal Blade+1","J.A.X."],"relics":["Burning Blood","Letter Opener","Regal Pillow","Smiling Mask","Pandora\u0027s Box","Oddly Smooth Stone","Juzu Bracelet","MawBank"],"potions_floor_usage":[16,16,33,33],"damage_taken":[{"damage":11,"enemies":"Jaw Worm","floor":1,"turns":4},{"damage":4,"enemies":"2 Louse","floor":4,"turns":3},{"damage":44,"enemies":"Gremlin Nob","floor":7,"turns":5},{"damage":25,"enemies":"Lagavulin","floor":11,"turns":5},{"damage":0,"enemies":"Small Slimes","floor":12,"turns":2},{"damage":8,"enemies":"Looter","floor":14,"turns":3},{"damage":70,"enemies":"The Guardian","floor":16,"turns":13},{"damage":16,"enemies":"2 Thieves","floor":18,"turns":4},{"damage":15,"enemies":"Chosen","floor":19,"turns":5},{"damage":14,"enemies":"Snake Plant","floor":24,"turns":3},{"damage":60,"enemies":"Gremlin Leader","floor":25,"turns":7},{"damage":9,"enemies":"Chosen and Byrds","floor":28,"turns":5},{"damage":82,"enemies":"Champ","floor":33,"turns":9}],"seed_played":"-2754594820974171762","potions_obtained":[{"floor":11,"key":"AttackPotion"},{"floor":12,"key":"PowerPotion"},{"floor":19,"key":"Regen Potion"},{"floor":28,"key":"Dexterity Potion"}],"is_trial":false,"path_per_floor":["M","?","?","M","?","R","E","?","T","R","E","M","R","M","R","B",null,"M","M","$","?","?","R","M","E","T","?","M","?","?","$","R","B"],"character_chosen":"IRONCLAD","items_purchased":["Armaments","Oddly Smooth Stone"],"campfire_rested":4,"item_purchase_floors":[20,20],"current_hp_per_floor":[45,45,38,40,58,58,20,20,20,57,38,44,75,73,73,9,59,49,40,40,40,40,75,67,13,13,13,10,10,10,10,47,0],"gold":36,"neow_bonus":"RANDOM_COLORLESS_2","is_prod":false,"is_daily":false,"chose_seed":false,"campfire_upgraded":2,"win_rate":0,"timestamp":1551294807,"path_taken":["M","?","?","M","?","R","E","?","T","R","E","?","R","M","R","BOSS","M","M","$","?","?","R","M","E","T","?","M","?","?","?","R","BOSS"],"build_version":"2019-02-06","purchased_purges":1,"victory":false,"max_hp_per_floor":[75,75,75,75,75,75,75,75,75,75,75,75,75,75,75,75,75,75,75,75,75,75,75,75,75,75,75,75,75,75,75,75,75],"card_choices":[{"not_picked":["Power Through","Body Slam"],"picked":"Infernal Blade","floor":1},{"not_picked":["Thunderclap","Body Slam"],"picked":"Flame Barrier","floor":4},{"not_picked":["Warcry","Corruption"],"picked":"Thunderclap","floor":7},{"not_picked":["Clash","Blood for Blood"],"picked":"Clothesline","floor":11},{"not_picked":["Sword Boomerang","Corruption"],"picked":"Cleave","floor":12},{"not_picked":["Headbutt","Heavy Blade","Sword Boomerang"],"picked":"SKIP","floor":14},{"not_picked":["Barricade","Reaper"],"picked":"Juggernaut","floor":16},{"not_picked":["Clash","Fire Breathing"],"picked":"Shrug It Off","floor":18},{"not_picked":["Havoc","Warcry","Feed"],"picked":"SKIP","floor":19},{"not_picked":["Headbutt","Clash","Anger"],"picked":"SKIP","floor":24},{"not_picked":["Hemokinesis","Cleave","Combust"],"picked":"SKIP","floor":25},{"not_picked":["Perfected Strike","Seeing Red","Iron Wave"],"picked":"SKIP","floor":28}],"player_experience":614486,"relics_obtained":[{"floor":7,"key":"Letter Opener"},{"floor":9,"key":"Regal Pillow"},{"floor":11,"key":"Smiling Mask"},{"floor":25,"key":"Juzu Bracelet"},{"floor":26,"key":"MawBank"}],"event_choices":[{"damage_healed":0,"gold_gain":0,"player_choice":"Grow","damage_taken":0,"max_hp_gain":0,"max_hp_loss":0,"event_name":"Living Wall","floor":2,"gold_loss":0,"cards_upgraded":["Infernal Blade"]},{"cards_removed":["Strike_R"],"damage_healed":0,"gold_gain":0,"player_choice":"Card Removal","damage_taken":7,"max_hp_gain":0,"max_hp_loss":0,"event_name":"Golden Wing","floor":3,"gold_loss":0},{"damage_healed":18,"gold_gain":0,"player_choice":"Healed","damage_taken":0,"max_hp_gain":0,"max_hp_loss":0,"event_name":"The Cleric","floor":5,"gold_loss":35},{"damage_healed":0,"gold_gain":0,"player_choice":"Upgraded","damage_taken":0,"max_hp_gain":0,"max_hp_loss":0,"event_name":"Upgrade Shrine","floor":8,"gold_loss":0,"cards_upgraded":["Deep Breath"]},{"damage_healed":0,"gold_gain":0,"player_choice":"Ignored","damage_taken":0,"max_hp_gain":0,"max_hp_loss":0,"event_name":"Ghosts","floor":21,"gold_loss":0},{"damage_healed":0,"gold_gain":0,"player_choice":"Copied","damage_taken":0,"max_hp_gain":0,"max_hp_loss":0,"event_name":"Duplicator","floor":22,"gold_loss":0,"cards_obtained":["Infernal Blade"]},{"cards_removed":["Thunderclap"],"damage_healed":0,"gold_gain":0,"player_choice":"Elegance","damage_taken":0,"max_hp_gain":0,"max_hp_loss":0,"event_name":"Back to Basics","floor":27,"gold_loss":0},{"damage_healed":0,"gold_gain":0,"player_choice":"Obtain J.A.X.","damage_taken":0,"max_hp_gain":0,"max_hp_loss":0,"event_name":"Drug Dealer","floor":29,"gold_loss":0,"cards_obtained":["J.A.X."]},{"damage_healed":0,"gold_gain":0,"player_choice":"Paid Fearfully","damage_taken":0,"max_hp_gain":0,"max_hp_loss":0,"event_name":"Masked Bandits","floor":30,"gold_loss":193}],"is_beta":true,"boss_relics":[{"not_picked":["Philosopher\u0027s Stone","White Beast Statue"],"picked":"Pandora\u0027s Box"}],"items_purged_floors":[20],"is_endless":false,"potions_floor_spawned":[11,12,14,19,28],"killed_by":"Champ","ascension_level":16}