{"gold_per_floor":[110,110,110,129,145,145,180,180,180,180,198,198,26,40,40,138,138,149,6,6,0,0,0,28,28,81,107,119,119,135,35,35],"floor_reached":32,"playtime":1048,"items_purged":["Strike_R","Strike_R","Strike_R"],"score":386,"play_id":"e23ba1a4-d81a-4b2d-a8a4-c794427e952f","local_time":"20181219004517","is_ascension_mode":true,"campfire_choices":[{"data":"Bash","floor":6,"key":"PURGE"},{"data":"Strike_R","floor":10,"key":"PURGE"},{"floor":15,"key":"REST"},{"data":"Shame","floor":23,"key":"PURGE"},{"floor":25,"key":"REST"}],"neow_cost":"CURSE","seed_source_timestamp":0,"circlet_count":0,"master_deck":["Strike_R","Defend_R","Defend_R","Defend_R+1","Defend_R","Clothesline","Impervious+1","Disarm+1","Flex+1","Bludgeon","Flash of Steel","Shrug It Off","Double Tap","Headbutt+1","Whirlwind","Dropkick","Thunderclap"],"special_seed":0,"relics":["Burning Blood","Peace Pipe","The Courier","War Paint","Letter Opener","Runic Dome","Lantern","Regal Pillow","Potion Belt","Mercury Hourglass","Orichalcum"],"potions_floor_usage":[7,16,16,27],"damage_taken":[{"damage":6.0,"enemies":"Cultist","floor":1.0,"turns":3.0},{"damage":2,"enemies":"2 Louse","floor":4,"turns":4},{"damage":0,"enemies":"Jaw Worm","floor":5,"turns":4},{"damage":22,"enemies":"Gremlin Nob","floor":7,"turns":6},{"damage":8,"enemies":"Red Slaver","floor":11,"turns":4},{"damage":0,"enemies":"Exordium Wildlife","floor":14,"turns":5},{"damage":13,"enemies":"Slime Boss","floor":16,"turns":13},{"damage":6,"enemies":"Chosen","floor":18,"turns":4},{"damage":53,"enemies":"Gremlin Leader","floor":24,"turns":7},{"damage":25,"enemies":"Book of Stabbing","floor":27,"turns":5},{"damage":0,"enemies":"Spheric Guardian","floor":28,"turns":3},{"damage":21,"enemies":"Centurion and Healer","floor":30,"turns":4}],"seed_played":"7613697741817527668","potions_obtained":[{"floor":1.0,"key":"Explosive Potion"},{"floor":11,"key":"Energy Potion"},{"floor":14,"key":"Block Potion"},{"floor":16,"key":"Block Potion"},{"floor":27,"key":"EssenceOfSteel"}],"is_trial":false,"path_per_floor":["M","?","?","M","M","R","E","?","T","R","M","?","$","M","R","B",null,"M","$","?","?","?","R","E","R","T","E","M","T","M","$","R"],"character_chosen":"IRONCLAD","items_purchased":["Flash of Steel","Shrug It Off","Whirlwind"],"campfire_rested":2,"item_purchase_floors":[13,13,19],"current_hp_per_floor":[72,72,72,76,80,80,64,57,57,57,55,39,39,45,69,62,76,76,76,76,76,76,76,29,68,68,49,55,55,40,40,40],"gold":35,"neow_bonus":"ONE_RARE_RELIC","is_prod":false,"is_daily":false,"chose_seed":false,"campfire_upgraded":0,"win_rate":0,"timestamp":1545187517,"path_taken":["M","?","?","?","M","R","E","?","T","R","M","?","?","M","R","BOSS","M","$","?","?","?","R","E","R","T","E","M","?","M","?","R"],"build_version":"2018-12-13","purchased_purges":3,"victory":false,"max_hp_per_floor":[80,80,80,80,80,80,80,80,80,80,80,80,80,80,80,80,80,80,80,80,80,80,80,80,80,80,80,80,80,80,80,80],"card_choices":[{"not_picked":["Perfected Strike","Iron Wave"],"picked":"Clothesline","floor":1.0},{"not_picked":["Sword Boomerang","True Grit","Pummel"],"picked":"SKIP","floor":4},{"not_picked":["Sever Soul","Armaments"],"picked":"Flex","floor":5},{"not_picked":["Iron Wave","Armaments"],"picked":"Bludgeon","floor":7},{"not_picked":["Armaments","Body Slam","Iron Wave"],"picked":"SKIP","floor":11},{"not_picked":["Body Slam","Headbutt","Warcry"],"picked":"SKIP","floor":14},{"not_picked":["Limit Break","Impervious"],"picked":"Double Tap","floor":16},{"not_picked":["Thunderclap","Havoc+1"],"picked":"Headbutt+1","floor":18},{"not_picked":["Flex","Uppercut"],"picked":"Thunderclap","floor":24},{"not_picked":["Hemokinesis","Clash","Armaments"],"picked":"SKIP","floor":27},{"not_picked":["Clothesline","Corruption","Burning Pact+1"],"picked":"SKIP","floor":28},{"not_picked":["Juggernaut","Twin Strike+1","Rage"],"picked":"SKIP","floor":30}],"player_experience":611421,"relics_obtained":[{"floor":7,"key":"The Courier"},{"floor":9,"key":"Letter Opener"},{"floor":24,"key":"Regal Pillow"},{"floor":26,"key":"Potion Belt"},{"floor":27,"key":"Mercury Hourglass"},{"floor":29,"key":"Orichalcum"}],"event_choices":[{"cards_removed":["Normality"],"damage_healed":0.0,"max_hp_gain":0.0,"max_hp_loss":0.0,"gold_gain":0.0,"event_name":"Living Wall","player_choice":"Forget","floor":2.0,"gold_loss":0.0,"damage_taken":0.0},{"damage_healed":0.0,"max_hp_gain":0.0,"max_hp_loss":0.0,"gold_gain":0.0,"event_name":"Match and Keep!","player_choice":"2 cards matched","floor":3.0,"gold_loss":0.0,"damage_taken":0.0,"cards_obtained":["Impervious","Disarm"]},{"damage_healed":0,"gold_gain":0,"player_choice":"Success","damage_taken":7,"relics_obtained":["War Paint"],"max_hp_gain":0,"max_hp_loss":0,"event_name":"Scrap Ooze","floor":8,"gold_loss":0},{"damage_healed":0,"gold_gain":0,"player_choice":"Entered Light","damage_taken":16,"max_hp_gain":0,"max_hp_loss":0,"event_name":"Shining Light","floor":12,"gold_loss":0,"cards_upgraded":["Defend_R","Disarm"]},{"damage_healed":0,"gold_gain":0,"player_choice":"Read","damage_taken":0,"max_hp_gain":0,"max_hp_loss":0,"event_name":"The Library","floor":20,"gold_loss":0,"cards_obtained":["Dropkick"]},{"damage_healed":0,"gold_gain":0,"player_choice":"Paid Fearfully","damage_taken":0,"max_hp_gain":0,"max_hp_loss":0,"event_name":"Masked Bandits","floor":21,"gold_loss":6},{"damage_healed":0,"gold_gain":0,"player_choice":"Stole Relic","damage_taken":0,"relics_obtained":["Lantern"],"max_hp_gain":0,"max_hp_loss":0,"event_name":"Addict","floor":22,"gold_loss":0,"cards_obtained":["Shame"]}],"is_beta":false,"boss_relics":[{"not_picked":["Runic Cube","Lizard Tail"],"picked":"Runic Dome"}],"items_purged_floors":[13,19,31],"is_endless":false,"potions_floor_spawned":[1,11,14,16,27],"ascension_level":8}