{"gold_per_floor":[112,125,125,300,318,350,350,106,106,106,106,121,131,142,142,245,245,260,8,8,25,0,0,13,13,37,37,37,37],"floor_reached":29,"playtime":2429,"items_purged":["Strike_R","Normality"],"score":223,"play_id":"31a9aa80-a558-4c3b-9b37-a752cf94fc6a","local_time":"20190304011613","is_ascension_mode":false,"campfire_choices":[{"floor":7,"key":"REST"},{"floor":11,"key":"REST"},{"floor":15,"key":"REST"},{"floor":25,"key":"REST"}],"neow_cost":"NONE","seed_source_timestamp":112270121377926,"circlet_count":0,"master_deck":["Strike_R+1","Strike_R+1","Strike_R+1","Strike_R+1","Defend_R+1","Defend_R+1","Defend_R+1","Defend_R+1","Bash","Headbutt+1","Feel No Pain","Dual Wield","Impervious","True Grit","Twin Strike","Good Instincts","Corruption","Uppercut","Shrug It Off","Demon Form","Pommel Strike","Inflame","Dropkick","Armaments","Searing Blow","Barricade","Clumsy","Parasite"],"relics":["Burning Blood","Anchor","Sundial","Gremlin Horn","Calling Bell","Pen Nib","Paper Frog","Mango","Bag of Preparation"],"potions_floor_usage":[16,16,24,29,29],"damage_taken":[{"damage":1,"enemies":"Cultist","floor":1,"turns":3},{"damage":0,"enemies":"2 Louse","floor":2,"turns":3},{"damage":0,"enemies":"Jaw Worm","floor":5,"turns":3},{"damage":55,"enemies":"Lagavulin","floor":6,"turns":8},{"damage":13,"enemies":"2 Fungi Beasts","floor":12,"turns":5},{"damage":2,"enemies":"Exordium Thugs","floor":13,"turns":5},{"damage":0,"enemies":"Large Slime","floor":14,"turns":7},{"damage":59,"enemies":"Hexaghost","floor":16,"turns":13},{"damage":38,"enemies":"Chosen","floor":18,"turns":8},{"damage":19,"enemies":"Shell Parasite","floor":21,"turns":8},{"damage":38,"enemies":"Shelled Parasite and Fungi","floor":24,"turns":5},{"damage":60,"enemies":"3 Cultists","floor":29,"turns":6}],"seed_played":"-5263936367378999799","potions_obtained":[{"floor":1,"key":"PowerPotion"},{"floor":13,"key":"PowerPotion"},{"floor":14,"key":"LiquidBronze"},{"floor":16,"key":"Fire Potion"},{"floor":18,"key":"Regen Potion"}],"is_trial":false,"path_per_floor":["M","M","?","?","M","E","R","$","T","?","R","M","M","M","R","B",null,"M","$","?","M","?","?","M","R","T","?","?","M"],"character_chosen":"IRONCLAD","items_purchased":["True Grit","Twin Strike","Good Instincts","Inflame","Dropkick","Armaments"],"campfire_rested":4,"item_purchase_floors":[8,8,8,19,19,19],"current_hp_per_floor":[80,80,64,64,70,21,45,45,45,38,62,55,59,65,80,27,94,62,62,62,49,49,49,17,45,45,45,45,0],"gold":37,"neow_bonus":"RANDOM_COMMON_RELIC","is_prod":false,"is_daily":false,"chose_seed":false,"campfire_upgraded":0,"win_rate":0.0,"timestamp":1551658573,"path_taken":["M","M","?","?","M","E","R","?","T","?","R","M","M","M","R","BOSS","M","$","?","M","?","?","M","R","T","?","?","M"],"build_version":"2019-01-23","purchased_purges":2,"victory":false,"max_hp_per_floor":[80,80,80,80,80,80,80,80,80,80,80,80,80,80,80,80,94,94,94,94,94,94,94,94,94,94,94,94,94],"card_choices":[{"not_picked":["Sever Soul","Clash"],"picked":"Headbutt","floor":1},{"not_picked":["Sever Soul","Clash"],"picked":"Feel No Pain","floor":2},{"not_picked":["Uppercut","Sword Boomerang"],"picked":"Dual Wield","floor":5},{"not_picked":["Intimidate","Body Slam"],"picked":"Impervious","floor":6},{"not_picked":["Clash","Second Wind"],"picked":"Corruption","floor":12},{"not_picked":["Warcry","Body Slam"],"picked":"Uppercut","floor":13},{"not_picked":["Bloodletting","Clothesline"],"picked":"Shrug It Off","floor":14},{"not_picked":["Double Tap","Berserk"],"picked":"Demon Form","floor":16},{"not_picked":["Cleave","True Grit+1"],"picked":"Pommel Strike","floor":18},{"not_picked":["True Grit","Shrug It Off"],"picked":"Searing Blow","floor":21},{"not_picked":["Thunderclap","Warcry"],"picked":"Barricade","floor":24}],"player_experience":1865,"relics_obtained":[{"floor":6,"key":"Sundial"},{"floor":9,"key":"Gremlin Horn"},{"floor":17,"key":"Pen Nib"},{"floor":17,"key":"Paper Frog"},{"floor":17,"key":"Mango"},{"floor":26,"key":"Bag of Preparation"}],"event_choices":[{"damage_healed":0,"gold_gain":0,"player_choice":"Entered Light","damage_taken":16,"max_hp_gain":0,"max_hp_loss":0,"event_name":"Shining Light","floor":3,"gold_loss":0,"cards_upgraded":["Headbutt","Strike_R"]},{"damage_healed":0,"gold_gain":175,"player_choice":"AGREE","damage_taken":0,"max_hp_gain":0,"max_hp_loss":0,"event_name":"Liars Game","floor":4,"gold_loss":0,"cards_obtained":["Doubt"]},{"cards_removed":["Doubt"],"damage_healed":0,"gold_gain":0,"player_choice":"Card Removal","damage_taken":7,"max_hp_gain":0,"max_hp_loss":0,"event_name":"Golden Wing","floor":10,"gold_loss":0},{"damage_healed":0,"gold_gain":0,"player_choice":"Simplicity","damage_taken":0,"max_hp_gain":0,"max_hp_loss":0,"event_name":"Back to Basics","floor":20,"gold_loss":0,"cards_upgraded":["Strike_R","Strike_R","Strike_R","Defend_R","Defend_R","Defend_R","Defend_R"]},{"damage_healed":0,"gold_gain":0,"player_choice":"Paid Fearfully","damage_taken":0,"max_hp_gain":0,"max_hp_loss":0,"event_name":"Masked Bandits","floor":22,"gold_loss":25},{"damage_healed":0,"gold_gain":0,"player_choice":"Ignored","damage_taken":0,"max_hp_gain":0,"max_hp_loss":0,"event_name":"Beggar","floor":23,"gold_loss":0},{"damage_healed":0,"gold_gain":0,"player_choice":"Ignored","damage_taken":0,"max_hp_gain":0,"max_hp_loss":0,"event_name":"Vampires","floor":27,"gold_loss":0},{"damage_healed":0,"gold_gain":0,"cards_transformed":["Injury","Doubt"],"player_choice":"Became Test Subject","damage_taken":0,"max_hp_gain":0,"max_hp_loss":0,"event_name":"Drug Dealer","floor":28,"gold_loss":0,"cards_obtained":["Clumsy","Parasite"]}],"is_beta":false,"boss_relics":[{"not_picked":["Coffee Dripper","Cursed Key"],"picked":"Calling Bell"}],"items_purged_floors":[8,19],"is_endless":false,"potions_floor_spawned":[1,13,14,16,18],"killed_by":"3 Cultists","ascension_level":0}