{"gold_per_floor":[112,112,138,213,277,310,310,310,337,15,44,57,57,77,77,179,179,199,215,8,8,23,49,49,66,66,178,207,67,86,113,113,208,258,272,292,303,322,322,350,350,350,430,447,447,47,77,97,97,97,97,97,2,29,29],"floor_reached":56,"playtime":2410,"items_purged":["Pain","Decay","Normality"],"score":1908,"play_id":"dcf14455-c535-4431-a5fe-1745608a52de","local_time":"20190129124307","is_ascension_mode":true,"campfire_choices":[{"floor":7,"key":"REST"},{"floor":15,"key":"REST"},{"floor":24,"key":"RECALL"},{"data":"Limit Break","floor":32,"key":"SMITH"},{"data":"Headbutt","floor":41,"key":"SMITH"},{"data":"Heavy Blade","floor":45,"key":"SMITH"},{"data":"Corruption","floor":49,"key":"SMITH"},{"data":"Offering","floor":52,"key":"SMITH"}],"neow_cost":"NONE","seed_source_timestamp":879534373318618,"circlet_count":0,"master_deck":["AscendersBane","Strike_R+1","Strike_R+1","Strike_R+1","Strike_R+1","Defend_R+1","Defend_R+1","Defend_R+1","Defend_R+1","Bash+1","Headbutt+1","Limit Break+1","Offering+1","Armaments+1","Infernal Blade","Pummel+1","Reaper","Heavy Blade+1","Cleave","Flame Barrier+1","Shockwave","Whirlwind","Entrench+1","Headbutt+1","Shrug It Off","Corruption+1","Limit Break+1","Sentinel+1","Havoc"],"relics":["Burning Blood","Pen Nib","Juzu Bracelet","Strawberry","WarpedTongs","Paper Frog","Bag of Marbles","Cursed Key","Brimstone","Mango","MawBank","Dead Branch","Bottled Flame","Shuriken","Tiny House","Letter Opener","Blue Candle","DollysMirror","Potion Belt","Happy Flower"],"potions_floor_usage":[6,16,19,27,31,31,44,50,54,54,55,55],"damage_taken":[{"damage":8,"enemies":"2 Louse","floor":1,"turns":4},{"damage":40,"enemies":"3 Sentries","floor":6,"turns":9},{"damage":27,"enemies":"Lagavulin","floor":11,"turns":6},{"damage":4,"enemies":"Jaw Worm","floor":12,"turns":3},{"damage":0,"enemies":"Small Slimes","floor":14,"turns":2},{"damage":16,"enemies":"The Guardian","floor":16,"turns":13},{"damage":0,"enemies":"Chosen","floor":18,"turns":5},{"damage":16,"enemies":"2 Thieves","floor":19,"turns":5},{"damage":6,"enemies":"Centurion and Healer","floor":22,"turns":4},{"damage":20,"enemies":"Book of Stabbing","floor":23,"turns":3},{"damage":6,"enemies":"Snecko","floor":25,"turns":2},{"damage":0,"enemies":"Colosseum Slavers","floor":27,"turns":2},{"damage":12,"enemies":"Colosseum Nobs","floor":27,"turns":4},{"damage":16,"enemies":"Shelled Parasite and Fungi","floor":28,"turns":3},{"damage":12,"enemies":"3 Cultists","floor":30,"turns":3},{"damage":6,"enemies":"Slavers","floor":31,"turns":1},{"damage":88,"enemies":"Automaton","floor":33,"turns":7},{"damage":8,"enemies":"3 Shapes","floor":35,"turns":2},{"damage":44,"enemies":"3 Darklings","floor":36,"turns":4},{"damage":10,"enemies":"Transient","floor":37,"turns":5},{"damage":17,"enemies":"Spire Growth","floor":38,"turns":3},{"damage":12,"enemies":"Giant Head","floor":40,"turns":4},{"damage":0,"enemies":"Jaw Worm Horde","floor":44,"turns":1},{"damage":0,"enemies":"Reptomancer","floor":47,"turns":2},{"damage":7,"enemies":"3 Darklings","floor":48,"turns":4},{"damage":86,"enemies":"Awakened One","floor":50,"turns":6},{"damage":50,"enemies":"Shield and Spear","floor":54,"turns":3},{"damage":86,"enemies":"The Heart","floor":55,"turns":5}],"seed_played":"-2516748720154452871","potions_obtained":[{"floor":1,"key":"Energy Potion"},{"floor":11,"key":"Strength Potion"},{"floor":12,"key":"SkillPotion"},{"floor":18,"key":"Strength Potion"},{"floor":23,"key":"PowerPotion"},{"floor":27,"key":"SteroidPotion"},{"floor":33,"key":"Explosive Potion"},{"floor":34,"key":"LiquidBronze"},{"floor":38,"key":"PowerPotion"},{"floor":47,"key":"Strength Potion"},{"floor":54,"key":"Block Potion"}],"is_trial":false,"path_per_floor":["M","?","T","?","?","E","R","?","T","$","E","M","?","M","R","B",null,"M","M","$","?","M","E","R","M","T","?","M","$","M","E","R","B",null,"M","M","M","M","?","E","R","?","T","M","R","$","E","M","R","B",null,"R","$","E","B",null],"character_chosen":"IRONCLAD","items_purchased":["Paper Frog","Brimstone","Heavy Blade","DollysMirror","GamblersBrew","SteroidPotion","Havoc"],"campfire_rested":2,"item_purchase_floors":[10,20,29,46,46,53,53],"current_hp_per_floor":[70,70,70,59,59,32,58,58,58,58,37,39,39,45,71,61,81,87,77,77,77,77,77,77,77,77,77,67,67,87,87,87,28,88,97,90,106,95,95,89,89,89,89,95,95,95,101,100,100,90,102,102,102,106,106],"gold":29,"neow_bonus":"RANDOM_COMMON_RELIC","is_prod":false,"is_daily":false,"chose_seed":false,"campfire_upgraded":5,"win_rate":0,"timestamp":1548801787,"path_taken":["M","?","?","?","?","E","R","?","T","$","E","M","?","M","R","BOSS","M","M","?","?","M","E","R","M","T","?","M","$","M","E","R","BOSS","M","M","M","M","?","E","R","?","T","M","R","$","E","M","R","BOSS","R","$","E","BOSS"],"build_version":"2019-01-23","purchased_purges":3,"victory":true,"max_hp_per_floor":[80,80,80,80,80,87,87,87,87,87,87,87,87,87,87,87,87,87,87,87,87,87,101,101,101,101,101,101,101,101,101,101,101,106,106,106,106,106,106,106,106,106,106,106,106,106,106,106,106,106,106,106,106,106,106],"card_choices":[{"not_picked":["Inflame","Bloodletting"],"picked":"Headbutt","floor":1},{"not_picked":["Pommel Strike","Inflame","Thunderclap"],"picked":"SKIP","floor":6},{"not_picked":["Heavy Blade","Havoc"],"picked":"Limit Break","floor":11},{"not_picked":["Twin Strike","Perfected Strike","Warcry"],"picked":"SKIP","floor":12},{"not_picked":["Anger","Feel No Pain"],"picked":"Shrug It Off","floor":14},{"not_picked":["Limit Break","Fiend Fire"],"picked":"Offering","floor":16},{"not_picked":["Sentinel+1","Body Slam+1"],"picked":"Armaments","floor":18},{"not_picked":["Thunderclap+1","Warcry","Flex"],"picked":"SKIP","floor":19},{"not_picked":["Clash+1","Perfected Strike"],"picked":"Infernal Blade","floor":22},{"not_picked":["Anger+1","Armaments+1","Perfected Strike"],"picked":"SKIP","floor":23},{"not_picked":["Dual Wield+1","Clothesline"],"picked":"Pummel+1","floor":25},{"not_picked":["Blood for Blood+1","Clothesline"],"picked":"Reaper","floor":28},{"not_picked":["Pommel Strike","Spot Weakness"],"picked":"Cleave","floor":30},{"not_picked":["Burning Pact","Wild Strike"],"picked":"Flame Barrier+1","floor":31},{"not_picked":["Heavy Blade","Spot Weakness+1"],"picked":"Shockwave","floor":34},{"not_picked":["Iron Wave+1","Armaments"],"picked":"Whirlwind","floor":35},{"not_picked":["Thunderclap","Rage"],"picked":"Entrench","floor":36},{"not_picked":["Twin Strike","Second Wind"],"picked":"Headbutt+1","floor":37},{"not_picked":["Warcry+1","Intimidate"],"picked":"Shrug It Off","floor":38},{"not_picked":["Clothesline","Cleave+1","Carnage"],"picked":"SKIP","floor":40},{"not_picked":["Pommel Strike","Shockwave+1"],"picked":"Corruption","floor":44},{"not_picked":["Pommel Strike","Rupture"],"picked":"Sentinel+1","floor":47},{"not_picked":["Headbutt","Metallicize+1","Berserk"],"picked":"SKIP","floor":48},{"not_picked":["Shockwave+1","Cleave","Armaments"],"picked":"SKIP","floor":54}],"player_experience":394806,"relics_obtained":[{"floor":3,"key":"Juzu Bracelet"},{"floor":6,"key":"Strawberry"},{"floor":11,"key":"Bag of Marbles"},{"floor":23,"key":"Mango"},{"floor":26,"key":"MawBank"},{"floor":27,"key":"Dead Branch"},{"floor":27,"key":"Bottled Flame"},{"floor":31,"key":"Shuriken"},{"floor":40,"key":"Letter Opener"},{"floor":43,"key":"Blue Candle"},{"floor":47,"key":"Potion Belt"},{"floor":54,"key":"Happy Flower"}],"event_choices":[{"damage_healed":0,"gold_gain":0,"player_choice":"Grow","damage_taken":0,"max_hp_gain":0,"max_hp_loss":0,"event_name":"Living Wall","floor":2,"gold_loss":0,"cards_upgraded":["Bash"]},{"damage_healed":0,"gold_gain":75,"player_choice":"Gather Gold","damage_taken":11,"max_hp_gain":0,"max_hp_loss":0,"event_name":"World of Goop","floor":4,"gold_loss":0},{"damage_healed":0,"gold_gain":64,"player_choice":"Gained Gold","damage_taken":0,"max_hp_gain":0,"max_hp_loss":0,"event_name":"Golden Wing","floor":5,"gold_loss":0},{"damage_healed":0,"gold_gain":0,"player_choice":"Rummage","damage_taken":0,"relics_obtained":["WarpedTongs"],"max_hp_gain":0,"max_hp_loss":0,"event_name":"Accursed Blacksmith","floor":8,"gold_loss":0,"cards_obtained":["Pain"]},{"cards_removed":["Strike_R"],"damage_healed":0,"gold_gain":0,"player_choice":"Purged","damage_taken":0,"max_hp_gain":0,"max_hp_loss":0,"event_name":"Purifier","floor":13,"gold_loss":0},{"damage_healed":0,"gold_gain":0,"player_choice":"Simplicity","damage_taken":0,"max_hp_gain":0,"max_hp_loss":0,"event_name":"Back to Basics","floor":21,"gold_loss":0,"cards_upgraded":["Strike_R","Strike_R","Strike_R","Strike_R","Defend_R","Defend_R","Defend_R","Defend_R"]},{"damage_healed":0,"gold_gain":0,"player_choice":"Fight","damage_taken":0,"max_hp_gain":0,"max_hp_loss":0,"event_name":"Colosseum","floor":27,"gold_loss":0},{"damage_healed":0,"gold_gain":0,"player_choice":"Fought Nobs","damage_taken":0,"max_hp_gain":0,"max_hp_loss":0,"event_name":"Colosseum","floor":27,"gold_loss":0},{"cards_removed":["Shrug It Off"],"damage_healed":0,"gold_gain":0,"player_choice":"Removed Skill","damage_taken":0,"max_hp_gain":0,"max_hp_loss":0,"event_name":"Falling","floor":39,"gold_loss":0},{"damage_healed":0,"gold_gain":0,"player_choice":"Upgraded","damage_taken":0,"max_hp_gain":0,"max_hp_loss":0,"event_name":"Upgrade Shrine","floor":42,"gold_loss":0,"cards_upgraded":["Entrench"]}],"is_beta":false,"boss_relics":[{"not_picked":["Black Blood","Pandora\u0027s Box"],"picked":"Cursed Key"},{"not_picked":["Orrery","Runic Pyramid"],"picked":"Tiny House"}],"items_purged_floors":[10,29,46],"is_endless":false,"potions_floor_spawned":[1,11,12,18,23,27,30,33,38,47,54],"ascension_level":11}