{"gold_per_floor":[115,128,128,141,93,118,118,136,436,449,449,479,490,504,504,504],"floor_reached":16,"playtime":2107,"items_purged":[],"score":164,"play_id":"b3c74306-deff-4770-b834-37a3d7ee3400","local_time":"20190306193915","is_ascension_mode":false,"campfire_choices":[{"floor":7,"key":"REST"},{"floor":11,"key":"REST"},{"floor":15,"key":"REST"}],"neow_cost":"","seed_source_timestamp":839577115503503,"circlet_count":0,"master_deck":["Strike_R","Strike_R","Strike_R","Strike_R","Defend_R","Defend_R","Defend_R","Defend_R","Bash","Clothesline","Body Slam","Rage","Shrug It Off","Twin Strike","Seeing Red","Anger","Dual Wield","Rupture","Armaments"],"relics":["Burning Blood","Pear","Old Coin","Nunchaku"],"potions_floor_usage":[16,16],"damage_taken":[{"damage":4,"enemies":"2 Louse","floor":1,"turns":3},{"damage":1,"enemies":"Cultist","floor":2,"turns":4},{"damage":5,"enemies":"Jaw Worm","floor":4,"turns":4},{"damage":77,"enemies":"Gremlin Nob","floor":6,"turns":7},{"damage":9,"enemies":"Exordium Wildlife","floor":8,"turns":5},{"damage":9,"enemies":"Large Slime","floor":10,"turns":7},{"damage":15,"enemies":"Lagavulin","floor":12,"turns":8},{"damage":4,"enemies":"3 Louse","floor":13,"turns":5},{"damage":18,"enemies":"Lots of Slimes","floor":14,"turns":7}],"seed_played":"-4623603806175427243","potions_obtained":[{"floor":2,"key":"SkillPotion"},{"floor":8,"key":"EssenceOfSteel"},{"floor":10,"key":"BloodPotion"},{"floor":14,"key":"Ancient Potion"}],"is_trial":false,"path_per_floor":["M","M","?","M","$","E","R","M","T","M","R","E","M","M","R","B"],"character_chosen":"IRONCLAD","items_purchased":["Shrug It Off"],"campfire_rested":3,"item_purchase_floors":[5],"current_hp_per_floor":[80,80,80,80,80,19,46,43,43,40,67,58,60,48,75,0],"gold":504,"neow_bonus":"","is_prod":false,"is_daily":false,"chose_seed":false,"campfire_upgraded":0,"win_rate":0.0,"timestamp":1551911955,"path_taken":["M","M","?","M","$","E","R","M","T","M","R","E","?","M","R","BOSS"],"build_version":"2019-01-23","purchased_purges":0,"victory":false,"max_hp_per_floor":[80,80,80,80,80,90,90,90,90,90,90,90,90,90,90,90],"card_choices":[{"not_picked":["Anger","True Grit"],"picked":"Clothesline","floor":1},{"not_picked":["Thunderclap","Armaments"],"picked":"Body Slam","floor":2},{"not_picked":["Pommel Strike","Thunderclap"],"picked":"Rage","floor":4},{"not_picked":["Fiend Fire","Reckless Charge"],"picked":"Twin Strike","floor":6},{"not_picked":["Twin Strike","Flex"],"picked":"Seeing Red","floor":8},{"not_picked":["Reckless Charge","Warcry"],"picked":"Anger","floor":10},{"not_picked":["Seeing Red","Double Tap"],"picked":"Dual Wield","floor":12},{"not_picked":["Corruption","Burning Pact"],"picked":"Rupture","floor":13},{"not_picked":["Body Slam","Pummel"],"picked":"Armaments","floor":14}],"player_experience":0,"relics_obtained":[{"floor":6,"key":"Pear"},{"floor":9,"key":"Old Coin"},{"floor":12,"key":"Nunchaku"}],"event_choices":[{"cards_removed":["Strike_R"],"damage_healed":0,"gold_gain":0,"player_choice":"Card Removal","damage_taken":0,"max_hp_gain":0,"max_hp_loss":0,"event_name":"Wheel of Change","floor":3,"gold_loss":0}],"is_beta":false,"boss_relics":[],"items_purged_floors":[],"is_endless":false,"potions_floor_spawned":[2,8,10,13,14],"killed_by":"The Guardian","ascension_level":0}