{"gold_per_floor":[211,211,223,235,253,270,296,296,350,367,397,319,319,29,29,129,129,149,149,169,186,186,218,218,237,237,265,283,283,296,315,315,410,410,421,421,214,314,333,333,353,353,379,391,391,405,415,15,15,15],"floor_reached":51,"playtime":3990,"items_purged":["Defend_B"],"score":711,"play_id":"d39294c0-d11c-494c-b3d0-690cc9e2e336","local_time":"20190227144929","is_ascension_mode":true,"campfire_choices":[{"floor":8.0,"key":"REST"},{"data":"Chaos","floor":13.0,"key":"SMITH"},{"data":"Dualcast","floor":15.0,"key":"SMITH"},{"data":"Hologram","floor":24.0,"key":"SMITH"},{"floor":29.0,"key":"REST"},{"data":"Hologram","floor":32.0,"key":"SMITH"},{"data":"Fission","floor":40,"key":"SMITH"},{"data":"Seek","floor":42,"key":"SMITH"},{"data":"Deep Breath","floor":49,"key":"SMITH"}],"neow_cost":"NONE","seed_source_timestamp":592427077561543,"circlet_count":0,"master_deck":["Defend_B","Defend_B","Defend_B","Zap","Dualcast+1","Coolheaded","Hologram+1","Compile Driver","Hologram+1","Conserve Battery","Consume","Glacier","Chaos+1","Cold Snap","Seek+1","Loop+1","Rebound","Steam Power","Electrodynamics+1","Self Repair+1","Fusion+1","Fission+1","Gash+1","Gash+1","Hologram","Defragment+1","Buffer+1","Fusion","Hologram","Compile Driver","Deep Breath+1"],"special_seed":0,"relics":["Cracked Core","PreservedInsect","Bag of Preparation","Frozen Egg 2","Mercury Hourglass","Inserter","Orichalcum","Dodecahedron","Vajra","Astrolabe","Lantern","Peace Pipe","Omamori"],"potions_floor_usage":[39,50,50,50],"damage_taken":[{"damage":8.0,"enemies":"Jaw Worm","floor":1.0,"turns":3.0},{"damage":0.0,"enemies":"Cultist","floor":3.0,"turns":4.0},{"damage":0.0,"enemies":"Small Slimes","floor":4.0,"turns":2.0},{"damage":4.0,"enemies":"2 Fungi Beasts","floor":5.0,"turns":4.0},{"damage":0.0,"enemies":"Looter","floor":6.0,"turns":4.0},{"damage":23.0,"enemies":"Gremlin Nob","floor":7.0,"turns":4.0},{"damage":0.0,"enemies":"Blue Slaver","floor":10.0,"turns":4.0},{"damage":14.0,"enemies":"3 Sentries","floor":11.0,"turns":8.0},{"damage":7.0,"enemies":"The Guardian","floor":16.0,"turns":15.0},{"damage":2.0,"enemies":"Chosen","floor":18.0,"turns":5.0},{"damage":0.0,"enemies":"Spheric Guardian","floor":20.0,"turns":3.0},{"damage":8.0,"enemies":"Cultist and Chosen","floor":21.0,"turns":9.0},{"damage":14.0,"enemies":"Gremlin Leader","floor":23.0,"turns":5.0},{"damage":1.0,"enemies":"3 Cultists","floor":25.0,"turns":3.0},{"damage":19.0,"enemies":"Slavers","floor":27.0,"turns":2.0},{"damage":1.0,"enemies":"Centurion and Healer","floor":28.0,"turns":4.0},{"damage":12.0,"enemies":"Snake Plant","floor":30.0,"turns":5.0},{"damage":0.0,"enemies":"Snecko","floor":31.0,"turns":4.0},{"damage":34.0,"enemies":"Champ","floor":33.0,"turns":14.0},{"damage":7.0,"enemies":"Orb Walker","floor":35.0,"turns":5.0},{"damage":3.0,"enemies":"Mind Bloom Boss Battle","floor":38.0,"turns":8.0},{"damage":0,"enemies":"3 Darklings","floor":39,"turns":5},{"damage":0,"enemies":"4 Shapes","floor":41,"turns":3},{"damage":0,"enemies":"Writhing Mass","floor":44,"turns":5},{"damage":0,"enemies":"Spire Growth","floor":46,"turns":5},{"damage":0,"enemies":"4 Shapes","floor":47,"turns":3},{"damage":13,"enemies":"Time Eater","floor":50,"turns":13}],"seed_played":"-306195127271267307","potions_obtained":[{"floor":1.0,"key":"EssenceOfSteel"},{"floor":4.0,"key":"SkillPotion"},{"floor":6.0,"key":"Swift Potion"},{"floor":10.0,"key":"AttackPotion"},{"floor":21.0,"key":"FearPotion"},{"floor":41,"key":"SpeedPotion"},{"floor":44,"key":"LiquidBronze"}],"is_trial":false,"path_per_floor":["M","?","M","M","M","M","E","R","T","M","E","$","R","$","R","B",null,"M","$","M","M","?","E","R","M","T","E","M","R","M","M","R","B",null,"M","?","$","?","M","R","M","R","T","M","?","M","M","$","R","B",null],"character_chosen":"DEFECT","items_purchased":["Chaos","Cold Snap","Mercury Hourglass","Lantern","Hologram","Fusion","Hologram","Compile Driver","Deep Breath","Energy Potion","SkillPotion"],"campfire_rested":2,"item_purchase_floors":[12,14,14,37,37,48,48,48,48,48,48],"current_hp_per_floor":[67,67,67,67,63,63,40,62,62,62,48,48,48,48,48,41,75,73,73,73,65,65,51,51,50,50,31,30,52,50,50,50,26,75,68,68,68,75,75,75,75,75,75,75,75,75,75,75,75,62],"gold":15,"neow_bonus":"HUNDRED_GOLD","is_prod":false,"is_daily":false,"chose_seed":false,"campfire_upgraded":7,"win_rate":0,"timestamp":1551300569,"path_taken":["M","?","?","M","M","M","E","R","T","M","E","$","R","$","R","BOSS","M","$","M","M","?","E","R","M","T","E","M","R","M","M","R","BOSS","M","?","$","?","M","R","M","R","T","M","?","M","M","$","R","BOSS"],"build_version":"2019-01-23","purchased_purges":1,"victory":true,"max_hp_per_floor":[75,75,75,75,75,75,75,75,75,75,75,75,75,75,75,75,75,75,75,75,75,75,75,75,75,75,75,75,75,75,75,75,75,75,75,75,75,75,75,75,75,75,75,75,75,75,75,75,75,75],"card_choices":[{"not_picked":["Recycle","Stack"],"picked":"Coolheaded","floor":1.0},{"not_picked":["Storm","Leap"],"picked":"Hologram","floor":3.0},{"not_picked":["Undo","Melter"],"picked":"Compile Driver","floor":4.0},{"not_picked":["Streamline","Go for the Eyes"],"picked":"Hologram","floor":5.0},{"not_picked":["Redo","Recycle"],"picked":"Conserve Battery","floor":6.0},{"not_picked":["Beam Cell","Leap"],"picked":"Consume","floor":7.0},{"not_picked":["Consume","Gash"],"picked":"Glacier","floor":10.0},{"not_picked":["Gash","Undo","All For One"],"picked":"SKIP","floor":11.0},{"not_picked":["Rainbow","Buffer+1"],"picked":"Seek","floor":16.0},{"not_picked":["Stack+1","Go for the Eyes+1","Blizzard+1"],"picked":"SKIP","floor":18.0},{"not_picked":["Leap+1","Glacier"],"picked":"Loop+1","floor":20.0},{"not_picked":["Stack","Leap+1"],"picked":"Rebound","floor":21.0},{"not_picked":["Steam","Blizzard"],"picked":"Electrodynamics+1","floor":23.0},{"not_picked":["Streamline","Static Discharge+1","Cold Snap"],"picked":"SKIP","floor":25.0},{"not_picked":["Turbo","Leap"],"picked":"Self Repair+1","floor":27.0},{"not_picked":["Static Discharge+1","Sweeping Beam","Gash"],"picked":"SKIP","floor":28.0},{"not_picked":["Scrape+1","Auto Shields","Streamline"],"picked":"SKIP","floor":30.0},{"not_picked":["Go for the Eyes","Streamline"],"picked":"Fusion+1","floor":31.0},{"not_picked":["Hyperbeam","Multi-Cast"],"picked":"Fission","floor":33.0},{"not_picked":["Storm+1","Turbo","Heatsinks+1"],"picked":"SKIP","floor":35.0},{"not_picked":["Leap+1","Capacitor+1"],"picked":"Defragment+1","floor":39},{"not_picked":["Gash","Turbo+1"],"picked":"Buffer+1","floor":41},{"not_picked":["Sweeping Beam+1","Streamline","Conserve Battery+1"],"picked":"SKIP","floor":44},{"not_picked":["Sweeping Beam+1","Conserve Battery","Stack+1"],"picked":"SKIP","floor":46},{"not_picked":["Stack+1","Leap","Go for the Eyes+1"],"picked":"SKIP","floor":47}],"player_experience":338581,"relics_obtained":[{"floor":7.0,"key":"PreservedInsect"},{"floor":9.0,"key":"Bag of Preparation"},{"floor":11.0,"key":"Frozen Egg 2"},{"floor":23.0,"key":"Orichalcum"},{"floor":26.0,"key":"Dodecahedron"},{"floor":27.0,"key":"Vajra"},{"floor":38.0,"key":"Peace Pipe"},{"floor":43,"key":"Omamori"}],"event_choices":[{"cards_removed":["Strike_B"],"damage_healed":0.0,"max_hp_gain":0.0,"max_hp_loss":0.0,"gold_gain":0.0,"event_name":"Bonfire Elementals","player_choice":"Offered Basic","floor":2.0,"gold_loss":0.0,"damage_taken":0.0},{"damage_healed":0.0,"max_hp_gain":0.0,"max_hp_loss":0.0,"gold_gain":0.0,"event_name":"The Library","player_choice":"Read","floor":22.0,"gold_loss":0.0,"damage_taken":0.0,"cards_obtained":["Steam Power"]},{"cards_removed":["Static Discharge"],"damage_healed":0.0,"max_hp_gain":0.0,"max_hp_loss":0.0,"gold_gain":0.0,"event_name":"Falling","player_choice":"Removed Power","floor":36.0,"gold_loss":0.0,"damage_taken":0.0},{"damage_healed":0.0,"max_hp_gain":0.0,"max_hp_loss":0.0,"gold_gain":0.0,"event_name":"MindBloom","player_choice":"Fight","floor":38.0,"gold_loss":0.0,"damage_taken":0.0},{"damage_healed":0,"gold_gain":0,"player_choice":"Ignored","damage_taken":0,"max_hp_gain":0,"max_hp_loss":0,"event_name":"Tomb of Lord Red Mask","floor":45,"gold_loss":0}],"is_beta":false,"boss_relics":[{"not_picked":["Black Star","FrozenCore"],"picked":"Inserter"},{"not_picked":["Eternal Feather","White Beast Statue"],"picked":"Astrolabe"}],"items_purged_floors":[48],"is_endless":false,"potions_floor_spawned":[1,4,6,10,11,18,20,21,30,33,35,41,44,46],"ascension_level":1}