{"gold_per_floor":[109,109,9,84,108,108,132,173,248,248,269,147,97,169,169,288,288,309,329,329,80,104,148,148,162,240,165,15,15,39,55,55,55],"floor_reached":33,"playtime":1195,"items_purged":["Zap","Dualcast","Strike_B","Stack"],"score":357,"play_id":"d4559282-dead-499e-8aef-7f5fb01c6210","local_time":"20190309204155","is_ascension_mode":true,"campfire_choices":[{"data":"Hyperbeam","floor":6,"key":"SMITH"},{"data":"Turbo","floor":10,"key":"SMITH"},{"floor":15,"key":"REST"},{"data":"Hologram","floor":24,"key":"SMITH"},{"floor":32,"key":"REST"}],"neow_cost":"PERCENT_DAMAGE","seed_source_timestamp":8811538838036,"circlet_count":0,"master_deck":["Defend_B","Defend_B","Defend_B","Defend_B","Hyperbeam+1","Leap","Gash","Turbo+1","Rebound","Hologram+1","Buffer+1","Conserve Battery","Self Repair","Beam Cell+1","Leap"],"relics":["Cracked Core","Golden Idol","Dream Catcher","Singing Bowl","Velvet Choker","Omamori"],"potions_floor_usage":[30,30,33,33],"damage_taken":[{"damage":0,"enemies":"2 Louse","floor":1,"turns":1},{"damage":10,"enemies":"Small Slimes","floor":5,"turns":3},{"damage":6,"enemies":"Jaw Worm","floor":7,"turns":3},{"damage":0,"enemies":"3 Sentries","floor":8,"turns":3},{"damage":7,"enemies":"Red Slaver","floor":11,"turns":5},{"damage":0,"enemies":"Slime Boss","floor":16,"turns":5},{"damage":5,"enemies":"2 Thieves","floor":18,"turns":3},{"damage":1,"enemies":"Chosen","floor":19,"turns":3},{"damage":39,"enemies":"Shelled Parasite and Fungi","floor":22,"turns":6},{"damage":30,"enemies":"Slavers","floor":23,"turns":3},{"damage":0,"enemies":"Snake Plant","floor":25,"turns":2},{"damage":6,"enemies":"Snecko","floor":30,"turns":7},{"damage":3,"enemies":"Chosen and Byrds","floor":31,"turns":3},{"damage":49,"enemies":"Automaton","floor":33,"turns":8}],"seed_played":"-2613445540658627754","potions_obtained":[{"floor":5,"key":"Energy Potion"},{"floor":8,"key":"LiquidBronze"},{"floor":11,"key":"LiquidBronze"},{"floor":19,"key":"Dexterity Potion"},{"floor":31,"key":"PowerPotion"}],"is_trial":false,"path_per_floor":["M","?","$","?","M","R","M","E","T","R","M","$","?","?","R","B",null,"M","M","?","$","M","E","R","M","T","?","$","?","M","M","R","B"],"character_chosen":"DEFECT","items_purchased":["Leap","Rebound","Conserve Battery","Self Repair"],"campfire_rested":2,"item_purchase_floors":[3,12,21,21],"current_hp_per_floor":[54,36,36,25,15,15,9,9,9,9,4,4,4,4,27,27,77,72,71,71,71,32,9,9,11,11,11,11,11,12,16,41,0],"gold":55,"neow_bonus":"THREE_RARE_CARDS","is_prod":false,"is_daily":false,"chose_seed":false,"campfire_upgraded":3,"win_rate":0,"timestamp":1552160515,"path_taken":["M","?","$","?","M","R","M","E","T","R","M","$","?","?","R","BOSS","M","M","?","$","M","E","R","M","T","?","$","?","?","M","R","BOSS"],"build_version":"2019-01-23","purchased_purges":4,"victory":false,"max_hp_per_floor":[75,75,75,75,75,75,75,75,75,75,77,77,77,77,77,77,77,77,77,77,77,77,77,77,79,79,79,79,79,79,79,81,81],"card_choices":[{"not_picked":["Rainbow","Core Surge"],"picked":"Hyperbeam","floor":0},{"not_picked":["Steam","Ball Lightning","Defragment"],"picked":"SKIP","floor":1},{"not_picked":["Streamline","Rebound"],"picked":"Gash","floor":5},{"not_picked":["Cold Snap","Force Field","Stack"],"picked":"SKIP","floor":7},{"not_picked":["Force Field","Sweeping Beam"],"picked":"Turbo","floor":8},{"not_picked":["Static Discharge","Thunder Strike","Stack"],"picked":"Singing Bowl","floor":11},{"not_picked":["Ball Lightning","Go for the Eyes"],"picked":"Hologram","floor":15},{"not_picked":["Biased Cognition","Amplify"],"picked":"Buffer","floor":16},{"not_picked":["Steam","Stack","White Noise"],"picked":"SKIP","floor":18},{"not_picked":["Gash","Steam","Cold Snap+1"],"picked":"SKIP","floor":19},{"not_picked":["Compile Driver","Redo+1","Conserve Battery+1"],"picked":"SKIP","floor":22},{"not_picked":["Stack","Streamline"],"picked":"Beam Cell+1","floor":23},{"not_picked":["Conserve Battery","Cold Snap","Coolheaded"],"picked":"Singing Bowl","floor":25},{"not_picked":["Tempest","Compile Driver+1","Aggregate"],"picked":"SKIP","floor":30},{"not_picked":["All For One","Gash+1"],"picked":"Leap","floor":31},{"not_picked":["Cold Snap+1","Steam","Stack"],"picked":"Singing Bowl","floor":32}],"player_experience":131012,"relics_obtained":[{"floor":8,"key":"Dream Catcher"},{"floor":9,"key":"Singing Bowl"},{"floor":23,"key":"Omamori"}],"event_choices":[{"damage_healed":0,"gold_gain":0,"player_choice":"Take Damage","damage_taken":18,"relics_obtained":["Golden Idol"],"max_hp_gain":0,"max_hp_loss":0,"event_name":"Golden Idol","floor":2,"gold_loss":0},{"damage_healed":0,"gold_gain":75,"player_choice":"Gather Gold","damage_taken":11,"max_hp_gain":0,"max_hp_loss":0,"event_name":"World of Goop","floor":4,"gold_loss":0},{"cards_removed":["Strike_B"],"damage_healed":0,"gold_gain":0,"player_choice":"Card Removal","damage_taken":0,"max_hp_gain":0,"max_hp_loss":0,"event_name":"The Cleric","floor":13,"gold_loss":50},{"damage_healed":0,"gold_gain":72,"player_choice":"Gained Gold","damage_taken":0,"max_hp_gain":0,"max_hp_loss":0,"event_name":"Golden Wing","floor":14,"gold_loss":0},{"damage_healed":0,"gold_gain":0,"cards_transformed":["Strike_B","Strike_B"],"player_choice":"Became Test Subject","damage_taken":0,"max_hp_gain":0,"max_hp_loss":0,"event_name":"Drug Dealer","floor":20,"gold_loss":0,"cards_obtained":["Stack","Ball Lightning"]},{"cards_removed":["Ball Lightning"],"damage_healed":0,"gold_gain":0,"player_choice":"Gave Gold","damage_taken":0,"max_hp_gain":0,"max_hp_loss":0,"event_name":"Beggar","floor":27,"gold_loss":75},{"damage_healed":0,"gold_gain":0,"player_choice":"Forge","damage_taken":0,"max_hp_gain":0,"max_hp_loss":0,"event_name":"Accursed Blacksmith","floor":29,"gold_loss":0,"cards_upgraded":["Buffer"]}],"is_beta":false,"boss_relics":[{"not_picked":["Fusion Hammer","Tiny House"],"picked":"Velvet Choker"}],"items_purged_floors":[3,12,21,28],"is_endless":false,"potions_floor_spawned":[5,8,11,19,22,23,31],"killed_by":"Automaton","ascension_level":1}