{"gold_per_floor":[109,59,84,15,15,45,45,71,96,96,96,110,121,146,146,243,243,260,39,39,39,58,88,88,120,120,143,160,11,11,39,39,135,135,150,164,164,33,33,64,64,75,124,139,7,19,19,39,39,39],"floor_reached":51,"playtime":5420,"items_purged":["Writhe","PiercingWail"],"score":1286,"play_id":"303f3305-fd31-4084-8cb3-be20aeeab127","local_time":"20181226211321","is_ascension_mode":true,"campfire_choices":[{"data":"Flechettes","floor":7.0,"key":"SMITH"},{"data":"Footwork","floor":11.0,"key":"SMITH"},{"data":"Footwork","floor":15.0,"key":"SMITH"},{"data":"Deadly Poison","floor":32.0,"key":"SMITH"},{"data":"Bouncing Flask","floor":41.0,"key":"SMITH"},{"data":"Burst","floor":49.0,"key":"SMITH"}],"neow_cost":"NONE","seed_source_timestamp":0,"circlet_count":0,"master_deck":["AscendersBane","Defend_G+1","Defend_G+1","Defend_G+1","Defend_G+1","Strike_G+1","Strike_G+1","Strike_G+1","Survivor","Neutralize","Footwork+1","Flechettes+1","Deflect","Footwork+1","Venomology","Malaise","Dodge and Roll+1","Deadly Poison+1","Neutralize","Malaise","Dagger Spray+1","Dodge and Roll","Escape Plan","Venomology","Footwork","Bouncing Flask+1","Noxious Fumes+1","Escape Plan","Well Laid Plans","Malaise","Cloak And Dagger","Burst+1","Noxious Fumes","Backflip","Cloak And Dagger","Well Laid Plans+1","Deadly Poison+1"],"special_seed":0,"relics":["Ring of the Snake","NeowsBlessing","Bag of Preparation","Strawberry","Centennial Puzzle","PreservedInsect","Singing Bowl","Happy Flower","Coffee Dripper","ClockworkSouvenir","Prayer Wheel","Anchor","Potion Belt","Smiling Mask","Vajra","Ninja Scroll","White Beast Statue","Bottled Flame","Oddly Smooth Stone"],"potions_floor_usage":[50,50,50,50,50,50,50,50],"damage_taken":[{"damage":0.0,"enemies":"Cultist","floor":1.0,"turns":1.0},{"damage":0.0,"enemies":"Gremlin Nob","floor":6.0,"turns":1.0},{"damage":0.0,"enemies":"3 Sentries","floor":8.0,"turns":1.0},{"damage":0.0,"enemies":"Jaw Worm","floor":12.0,"turns":3.0},{"damage":0.0,"enemies":"Small Slimes","floor":13.0,"turns":2.0},{"damage":0.0,"enemies":"Lagavulin","floor":14.0,"turns":7.0},{"damage":66.0,"enemies":"Slime Boss","floor":16.0,"turns":30.0},{"damage":3.0,"enemies":"Chosen","floor":18.0,"turns":8.0},{"damage":0.0,"enemies":"3 Byrds","floor":22.0,"turns":7.0},{"damage":17.0,"enemies":"Slavers","floor":23.0,"turns":14.0},{"damage":0.0,"enemies":"Book of Stabbing","floor":25.0,"turns":9.0},{"damage":7.0,"enemies":"Snecko","floor":28.0,"turns":7.0},{"damage":2.0,"enemies":"Colosseum Slavers","floor":30.0,"turns":6.0},{"damage":0.0,"enemies":"Slavers","floor":31.0,"turns":7.0},{"damage":28.0,"enemies":"Automaton","floor":33.0,"turns":14.0},{"damage":9.0,"enemies":"3 Darklings","floor":35.0,"turns":9.0},{"damage":0.0,"enemies":"Orb Walker","floor":36.0,"turns":2.0},{"damage":29.0,"enemies":"Reptomancer","floor":40.0,"turns":7.0},{"damage":0.0,"enemies":"4 Shapes","floor":42.0,"turns":7.0},{"damage":0.0,"enemies":"Jaw Worm Horde","floor":44.0,"turns":5.0},{"damage":4.0,"enemies":"Sphere and 2 Shapes","floor":46.0,"turns":6.0},{"damage":0.0,"enemies":"Maw","floor":48.0,"turns":8.0},{"damage":32,"enemies":"Donu and Deca","floor":50,"turns":11}],"seed_played":"-2208520446483891472","potions_obtained":[{"floor":6.0,"key":"GamblersBrew"},{"floor":12.0,"key":"SkillPotion"},{"floor":13.0,"key":"Ancient Potion"},{"floor":14.0,"key":"Block Potion"},{"floor":22.0,"key":"Ancient Potion"},{"floor":23.0,"key":"GamblersBrew"},{"floor":28.0,"key":"LiquidBronze"},{"floor":35.0,"key":"AttackPotion"},{"floor":36.0,"key":"Fire Potion"},{"floor":40.0,"key":"Poison Potion"},{"floor":42.0,"key":"Fire Potion"},{"floor":48.0,"key":"Regen Potion"}],"is_trial":false,"path_per_floor":["M","?","T","$","?","E","R","E","T","T","R","M","M","E","R","B",null,"M","$","$","?","M","E","?","E","T","T","M","$","?","E","R","B",null,"M","M","?","$","?","E","R","M","T","M","$","M","$","M","R","B",null],"character_chosen":"THE_SILENT","items_purchased":["Footwork","ClockworkSouvenir","Deadly Poison","Vajra","Well Laid Plans","Noxious Fumes"],"campfire_rested":0,"item_purchase_floors":[4,19,19,29,38,45],"current_hp_per_floor":[63,63,63,63,63,70,70,70,70,70,70,70,70,70,70,4,59,56,56,56,56,58,41,41,43,43,43,38,38,36,36,36,8,64,55,55,76,76,76,49,49,51,51,53,53,49,49,49,49,32],"gold":39,"neow_bonus":"THREE_ENEMY_KILL","is_prod":false,"is_daily":false,"chose_seed":false,"campfire_upgraded":6,"win_rate":0,"timestamp":1545866001,"path_taken":["M","?","?","$","?","E","R","E","T","?","R","M","M","E","R","BOSS","M","?","$","?","?","E","?","E","T","?","M","$","?","E","R","BOSS","M","M","?","$","?","E","R","M","T","?","$","M","?","M","R","BOSS"],"build_version":"2018-12-20","purchased_purges":2,"victory":true,"max_hp_per_floor":[70,70,70,70,70,77,77,77,77,77,77,77,77,77,77,77,77,77,77,77,77,79,79,79,81,81,81,83,83,83,83,83,83,83,83,83,83,83,83,85,85,87,87,89,89,89,89,89,89,89],"card_choices":[{"not_picked":["Slice","Riddle With Holes","Bane"],"picked":"SKIP","floor":1.0},{"not_picked":["Concentrate","Heel Hook"],"picked":"Flechettes","floor":6.0},{"not_picked":["Choke","Blade Dance","Unload"],"picked":"SKIP","floor":8.0},{"not_picked":["Sucker Punch","Dash"],"picked":"Deflect","floor":12.0},{"not_picked":["PiercingWail","Sucker Punch"],"picked":"Footwork","floor":13.0},{"not_picked":["Skewer","Doppelganger"],"picked":"Venomology","floor":14.0},{"not_picked":["After Image","Burst"],"picked":"Malaise","floor":16.0},{"not_picked":["Quick Slash","Acrobatics"],"picked":"Dodge and Roll+1","floor":18.0},{"not_picked":["Outmaneuver","PiercingWail","Deadly Poison"],"picked":"Singing Bowl","floor":22.0},{"not_picked":["Backstab","Finisher"],"picked":"Dagger Spray+1","floor":23.0},{"not_picked":["Phantasmal Killer","Outmaneuver+1","Poisoned Stab"],"picked":"Singing Bowl","floor":25.0},{"not_picked":["Quick Slash+1","Flying Knee","Outmaneuver+1"],"picked":"Singing Bowl","floor":28.0},{"not_picked":["Slice","Prepared+1"],"picked":"Dodge and Roll","floor":28.0},{"not_picked":["Dash+1","Deadly Poison"],"picked":"Escape Plan","floor":31.0},{"not_picked":["Tools of the Trade","Wraith Form v2"],"picked":"Venomology","floor":33.0},{"not_picked":["Caltrops","Heel Hook+1"],"picked":"Footwork","floor":35.0},{"not_picked":["Underhanded Strike+1","Blade Dance"],"picked":"Bouncing Flask","floor":35.0},{"not_picked":["Predator+1","Sucker Punch+1"],"picked":"Noxious Fumes+1","floor":36.0},{"not_picked":["Bane","Heel Hook"],"picked":"Escape Plan","floor":36.0},{"not_picked":["Poisoned Stab+1","Deflect","Choke+1"],"picked":"Singing Bowl","floor":40.0},{"not_picked":["Calculated Gamble+1","Dagger Spray+1"],"picked":"Cloak And Dagger","floor":42.0},{"not_picked":["Skewer","Acrobatics+1","Endless Agony+1"],"picked":"Singing Bowl","floor":42.0},{"not_picked":["Sucker Punch+1","Flechettes+1"],"picked":"Burst","floor":44.0},{"not_picked":["Tactician","PiercingWail+1","Prepared"],"picked":"Singing Bowl","floor":44.0},{"not_picked":["Masterful Stab","All Out Attack+1"],"picked":"Backflip","floor":46.0},{"not_picked":["Infinite Blades","Sucker Punch+1"],"picked":"Cloak And Dagger","floor":46.0},{"not_picked":["Setup+1","Masterful Stab"],"picked":"Well Laid Plans+1","floor":48.0},{"not_picked":["Underhanded Strike","Calculated Gamble"],"picked":"Deadly Poison+1","floor":48.0}],"player_experience":639760,"relics_obtained":[{"floor":3.0,"key":"Bag of Preparation"},{"floor":6.0,"key":"Strawberry"},{"floor":8.0,"key":"Centennial Puzzle"},{"floor":9.0,"key":"PreservedInsect"},{"floor":10.0,"key":"Singing Bowl"},{"floor":14.0,"key":"Happy Flower"},{"floor":23.0,"key":"Prayer Wheel"},{"floor":25.0,"key":"Anchor"},{"floor":26.0,"key":"Potion Belt"},{"floor":27.0,"key":"Smiling Mask"},{"floor":31.0,"key":"Ninja Scroll"},{"floor":40.0,"key":"Bottled Flame"},{"floor":43.0,"key":"Oddly Smooth Stone"}],"event_choices":[{"cards_removed":["Defend_G"],"damage_healed":0.0,"max_hp_gain":0.0,"max_hp_loss":0.0,"gold_gain":0.0,"event_name":"The Cleric","player_choice":"Card Removal","floor":2.0,"gold_loss":50.0,"damage_taken":0.0},{"cards_removed":["Strike_G"],"damage_healed":0.0,"max_hp_gain":0.0,"max_hp_loss":0.0,"gold_gain":0.0,"event_name":"Living Wall","player_choice":"Forget","floor":5.0,"gold_loss":0.0,"damage_taken":0.0},{"damage_healed":0.0,"max_hp_gain":0.0,"max_hp_loss":0.0,"gold_gain":0.0,"event_name":"Match and Keep!","player_choice":"3 cards matched","floor":21.0,"gold_loss":0.0,"damage_taken":0.0,"cards_obtained":["PiercingWail","Neutralize","Malaise"]},{"damage_healed":0.0,"max_hp_gain":0.0,"max_hp_loss":0.0,"gold_gain":0.0,"event_name":"Back to Basics","player_choice":"Simplicity","floor":24.0,"gold_loss":0.0,"damage_taken":0.0,"cards_upgraded":["Defend_G","Defend_G","Defend_G","Defend_G","Strike_G","Strike_G","Strike_G","Strike_G"]},{"damage_healed":0.0,"max_hp_gain":0.0,"max_hp_loss":0.0,"gold_gain":0.0,"event_name":"Colosseum","player_choice":"Fight","floor":30.0,"gold_loss":0.0,"damage_taken":0.0},{"damage_healed":0.0,"max_hp_gain":0.0,"max_hp_loss":0.0,"gold_gain":0.0,"event_name":"Colosseum","player_choice":"Fled From Nobs","floor":30.0,"gold_loss":0.0,"damage_taken":0.0},{"damage_healed":21.0,"max_hp_gain":0.0,"max_hp_loss":0.0,"gold_gain":0.0,"event_name":"Winding Halls","player_choice":"Writhe","floor":37.0,"gold_loss":0.0,"damage_taken":0.0,"cards_obtained":["Writhe"]},{"damage_healed":0.0,"max_hp_gain":0.0,"max_hp_loss":0.0,"gold_gain":0.0,"cards_transformed":["Strike_G"],"event_name":"Transmorgrifier","player_choice":"Transformed","floor":39.0,"gold_loss":0.0,"damage_taken":0.0,"cards_obtained":["Malaise"]}],"is_beta":false,"boss_relics":[{"not_picked":["Sozu","Tiny House"],"picked":"Coffee Dripper"},{"not_picked":["Black Star","HoveringKite"],"picked":"White Beast Statue"}],"items_purged_floors":[38,45],"is_endless":false,"potions_floor_spawned":[6,12,13,14,22,23,28,35,36,40,42,44,46,48],"ascension_level":10}