{"gold_per_floor":[116,126,201,201,201,236,249,249,295,322,334,346,374,351,363,498,510,537,509,539,219,234,234,234,234,282,184,200,200,218,234,234,353,416,440,463,477,21,37,37,14,14,38,38,38],"floor_reached":45,"playtime":1647,"items_purged":["Strike_R"],"score":465,"play_id":"c9ab0c2b-cc6b-46b0-9b5a-865babe1a047","local_time":"20190310174225","is_ascension_mode":false,"campfire_choices":[{"floor":8,"key":"RECALL"},{"data":"Searing Blow","floor":11,"key":"SMITH"},{"data":"Demon Form","floor":15,"key":"SMITH"},{"data":"Searing Blow+1","floor":23,"key":"SMITH"},{"data":"Searing Blow+2","floor":25,"key":"SMITH"},{"floor":32,"key":"REST"},{"floor":40,"key":"REST"},{"data":"Metallicize","floor":42,"key":"SMITH"},{"data":"Flame Barrier","floor":44,"key":"SMITH"}],"neow_cost":"NONE","seed_source_timestamp":820965035391232,"circlet_count":0,"master_deck":["Strike_R+1","Strike_R","Strike_R+1","Defend_R+1","Defend_R","Defend_R+1","Defend_R","Bash","Shrug It Off","Searing Blow+4","Demon Form+1","Demon Form","Shrug It Off+1","Metallicize","Metallicize+1","Heavy Blade+1","Sword Boomerang","Flame Barrier+1","Metallicize","Shrug It Off"],"relics":["Burning Blood","NeowsBlessing","Golden Idol","Centennial Puzzle","MawBank","Snecko Eye","Bottled Tornado","Tiny House","Meat on the Bone","TheAbacus","War Paint"],"potions_floor_usage":[24,24,33,33,39],"damage_taken":[{"damage":0,"enemies":"2 Louse","floor":1,"turns":1},{"damage":0,"enemies":"Jaw Worm","floor":2,"turns":1},{"damage":0,"enemies":"3 Sentries","floor":6,"turns":2},{"damage":0,"enemies":"Small Slimes","floor":7,"turns":4},{"damage":5,"enemies":"3 Louse","floor":10,"turns":5},{"damage":27,"enemies":"Exordium Thugs","floor":13,"turns":5},{"damage":42,"enemies":"Slime Boss","floor":16,"turns":7},{"damage":10,"enemies":"Chosen","floor":18,"turns":4},{"damage":20,"enemies":"2 Thieves","floor":20,"turns":4},{"damage":34,"enemies":"Snake Plant","floor":22,"turns":3},{"damage":9,"enemies":"Colosseum Slavers","floor":24,"turns":5},{"damage":10,"enemies":"Chosen and Byrds","floor":28,"turns":3},{"damage":7,"enemies":"Centurion and Healer","floor":30,"turns":4},{"damage":13,"enemies":"Cultist and Chosen","floor":31,"turns":8},{"damage":13,"enemies":"Champ","floor":33,"turns":5},{"damage":26,"enemies":"Orb Walker","floor":35,"turns":4},{"damage":43,"enemies":"3 Darklings","floor":36,"turns":4},{"damage":7,"enemies":"Maw","floor":37,"turns":5},{"damage":18,"enemies":"Jaw Worm Horde","floor":39,"turns":5},{"damage":18,"enemies":"Reptomancer","floor":45,"turns":2}],"seed_played":"-6576411750744172345","potions_obtained":[{"floor":6,"key":"SkillPotion"},{"floor":13,"key":"BloodPotion"},{"floor":16,"key":"Dexterity Potion"},{"floor":31,"key":"AttackPotion"},{"floor":33,"key":"EssenceOfSteel"},{"floor":34,"key":"Swift Potion"},{"floor":36,"key":"FearPotion"}],"is_trial":false,"path_per_floor":["M","M","?","?","?","E","M","R","T","M","R","?","M","?","R","B",null,"M","?","M","$","M","R","?","R","T","$","M","?","M","M","R","B",null,"M","M","M","$","M","R","$","R","T","R","E"],"character_chosen":"IRONCLAD","items_purchased":["Bottled Tornado","Shrug It Off","Metallicize","Meat on the Bone","TheAbacus","Shrug It Off"],"campfire_rested":2,"item_purchase_floors":[21,27,27,38,38,41],"current_hp_per_floor":[80,80,69,49,42,48,54,54,54,55,55,55,34,54,54,18,80,76,76,62,62,34,34,39,39,39,39,35,35,34,27,51,44,85,65,28,27,27,27,52,52,52,52,52,34],"gold":38,"neow_bonus":"THREE_ENEMY_KILL","is_prod":false,"is_daily":false,"chose_seed":false,"campfire_upgraded":6,"win_rate":0,"timestamp":1552254145,"path_taken":["M","M","?","?","?","E","M","R","T","M","R","?","M","?","R","BOSS","M","?","?","$","M","R","?","R","T","$","M","?","M","M","R","BOSS","M","M","M","$","M","R","$","R","T","R","E"],"build_version":"2019-01-23","purchased_purges":1,"victory":false,"max_hp_per_floor":[80,80,80,80,80,80,80,80,80,80,80,80,80,80,80,80,80,80,80,80,80,80,80,80,80,80,80,80,80,80,80,80,80,85,85,85,85,85,85,85,85,85,85,85,85],"card_choices":[{"not_picked":["Clash","Hemokinesis"],"picked":"Shrug It Off","floor":1},{"not_picked":["Perfected Strike","Flex"],"picked":"Searing Blow","floor":2},{"not_picked":["Whirlwind","Heavy Blade","Evolve"],"picked":"SKIP","floor":6},{"not_picked":["Anger","Perfected Strike","Wild Strike"],"picked":"SKIP","floor":7},{"not_picked":["Corruption","Clash","Wild Strike"],"picked":"SKIP","floor":10},{"not_picked":["True Grit","Twin Strike"],"picked":"Demon Form","floor":13},{"not_picked":["Exhume","Berserk"],"picked":"Demon Form","floor":16},{"not_picked":["Pommel Strike+1","Wild Strike","Anger"],"picked":"SKIP","floor":18},{"not_picked":["Rampage","Second Wind","Clash"],"picked":"SKIP","floor":20},{"not_picked":["Pommel Strike","Sword Boomerang+1","Clash"],"picked":"SKIP","floor":22},{"not_picked":["Headbutt","Perfected Strike"],"picked":"Metallicize","floor":28},{"not_picked":["Clothesline","Havoc","Rampage"],"picked":"SKIP","floor":30},{"not_picked":["Twin Strike+1","Hemokinesis+1"],"picked":"Heavy Blade+1","floor":31},{"not_picked":["Fire Breathing","Pommel Strike"],"picked":"Sword Boomerang","floor":35},{"not_picked":["Clothesline","Body Slam+1","Seeing Red+1"],"picked":"SKIP","floor":36},{"not_picked":["Battle Trance","Metallicize"],"picked":"Flame Barrier","floor":37},{"not_picked":["Iron Wave","Headbutt+1"],"picked":"Metallicize","floor":39}],"player_experience":1193271,"relics_obtained":[{"floor":6,"key":"Centennial Puzzle"},{"floor":9,"key":"MawBank"},{"floor":43,"key":"War Paint"}],"event_choices":[{"damage_healed":0,"gold_gain":75,"player_choice":"Gather Gold","damage_taken":11,"max_hp_gain":0,"max_hp_loss":0,"event_name":"World of Goop","floor":3,"gold_loss":0},{"damage_healed":0,"gold_gain":0,"player_choice":"Take Damage","damage_taken":20,"relics_obtained":["Golden Idol"],"max_hp_gain":0,"max_hp_loss":0,"event_name":"Golden Idol","floor":4,"gold_loss":0},{"cards_removed":["Strike_R"],"damage_healed":0,"gold_gain":0,"player_choice":"Card Removal","damage_taken":7,"max_hp_gain":0,"max_hp_loss":0,"event_name":"Golden Wing","floor":5,"gold_loss":0},{"damage_healed":0,"gold_gain":0,"player_choice":"Ignored","damage_taken":0,"max_hp_gain":0,"max_hp_loss":0,"event_name":"Liars Game","floor":12,"gold_loss":0},{"damage_healed":20,"gold_gain":0,"player_choice":"Healed","damage_taken":0,"max_hp_gain":0,"max_hp_loss":0,"event_name":"The Cleric","floor":14,"gold_loss":35},{"damage_healed":0,"gold_gain":0,"player_choice":"Upgraded Two","damage_taken":0,"max_hp_gain":0,"max_hp_loss":0,"event_name":"Designer","floor":19,"gold_loss":40,"cards_upgraded":["Strike_R","Strike_R"]},{"damage_healed":0,"gold_gain":0,"player_choice":"Fight","damage_taken":0,"max_hp_gain":0,"max_hp_loss":0,"event_name":"Colosseum","floor":24,"gold_loss":0},{"damage_healed":0,"gold_gain":0,"player_choice":"Fled From Nobs","damage_taken":0,"max_hp_gain":0,"max_hp_loss":0,"event_name":"Colosseum","floor":24,"gold_loss":0},{"damage_healed":0,"gold_gain":0,"player_choice":"Forge","damage_taken":0,"max_hp_gain":0,"max_hp_loss":0,"event_name":"Accursed Blacksmith","floor":29,"gold_loss":0,"cards_upgraded":["Searing Blow"]}],"is_beta":false,"boss_relics":[{"not_picked":["Busted Crown","Philosopher\u0027s Stone"],"picked":"Snecko Eye"},{"not_picked":["Sozu","Runic Cube"],"picked":"Tiny House"}],"items_purged_floors":[21],"is_endless":false,"potions_floor_spawned":[6,13,16,18,31,33,36,37],"killed_by":"Reptomancer","ascension_level":0}