{"gold_per_floor":[116,66,36,47,66,66,83,83,108,126,153,153,328,328,328,427,427,443,456,12,12,12,12,12],"floor_reached":24,"playtime":776,"items_purged":["Strike_B"],"score":262,"play_id":"27f98a5d-0ba0-4d60-96d6-aeb9686df82c","local_time":"20190127231641","is_ascension_mode":true,"campfire_choices":[{"data":"Zap","floor":6,"key":"SMITH"},{"data":"Capacitor","floor":8,"key":"SMITH"},{"data":"Consume","floor":12,"key":"SMITH"},{"floor":15,"key":"REST"},{"floor":23,"key":"REST"}],"neow_cost":"NONE","seed_source_timestamp":746411681851142,"circlet_count":0,"master_deck":["Defend_B","Defend_B","Defend_B","Zap+1","Dualcast","Capacitor+1","Coolheaded","Conserve Battery","Rebound","Consume+1","Creative AI","Conserve Battery","Fusion","Blizzard","Coolheaded","Steam","Hologram","Tempest"],"relics":["Cracked Core","Potion Belt","Lantern","Inserter","Runic Capacitor"],"potions_floor_usage":[11,19,24],"damage_taken":[{"damage":6,"enemies":"2 Louse","floor":1,"turns":4},{"damage":4,"enemies":"Jaw Worm","floor":4,"turns":6},{"damage":0,"enemies":"Cultist","floor":5,"turns":4},{"damage":3,"enemies":"2 Fungi Beasts","floor":7,"turns":5},{"damage":8,"enemies":"Large Slime","floor":10,"turns":6},{"damage":9,"enemies":"Gremlin Nob","floor":11,"turns":3},{"damage":3,"enemies":"The Guardian","floor":16,"turns":9},{"damage":21,"enemies":"Spheric Guardian","floor":18,"turns":8},{"damage":46,"enemies":"Chosen","floor":19,"turns":7},{"damage":46,"enemies":"Slavers","floor":24,"turns":2}],"seed_played":"7728825058319860100","potions_obtained":[{"floor":1,"key":"LiquidBronze"},{"floor":3,"key":"FairyPotion"},{"floor":3,"key":"Explosive Potion"},{"floor":4,"key":"Fire Potion"},{"floor":16,"key":"SkillPotion"},{"floor":19,"key":"Poison Potion"}],"is_trial":false,"path_per_floor":["M","?","?","M","M","R","M","R","T","M","E","R","?","?","R","B",null,"M","M","$","?","?","R","E"],"character_chosen":"DEFECT","items_purchased":["Fusion","Runic Capacitor","Blizzard","Coolheaded"],"campfire_rested":2,"item_purchase_floors":[20,20,20,20],"current_hp_per_floor":[69,69,69,65,65,65,62,62,62,54,45,45,45,38,62,59,76,55,9,9,9,9,33,0],"gold":12,"neow_bonus":"TEN_PERCENT_HP_BONUS","is_prod":false,"is_daily":false,"chose_seed":false,"campfire_upgraded":3,"win_rate":0,"timestamp":1548667001,"path_taken":["M","?","?","M","M","R","M","R","T","?","E","R","?","?","R","BOSS","M","M","$","?","?","R","E"],"build_version":"2019-01-23","purchased_purges":1,"victory":false,"max_hp_per_floor":[82,82,82,82,82,82,82,82,82,82,82,82,82,82,82,82,82,82,82,82,82,82,82,82],"card_choices":[{"not_picked":["Scrape","Melter"],"picked":"Capacitor","floor":1},{"not_picked":["Redo","Cold Snap"],"picked":"Coolheaded","floor":4},{"not_picked":["Static Discharge","Leap"],"picked":"Conserve Battery","floor":5},{"not_picked":["Stack","Aggregate","Rip and Tear"],"picked":"SKIP","floor":7},{"not_picked":["Hello World","Scrape"],"picked":"Rebound","floor":10},{"not_picked":["Seek","Melter"],"picked":"Consume","floor":11},{"not_picked":["Biased Cognition","Buffer"],"picked":"Creative AI","floor":16},{"not_picked":["Ball Lightning+1","Reinforced Body"],"picked":"Conserve Battery","floor":18},{"not_picked":["Sweeping Beam","Tempest","Streamline"],"picked":"SKIP","floor":19}],"player_experience":375011,"relics_obtained":[{"floor":9,"key":"Potion Belt"},{"floor":11,"key":"Lantern"}],"event_choices":[{"cards_removed":["Strike_B"],"damage_healed":0,"gold_gain":0,"player_choice":"Card Removal","damage_taken":0,"max_hp_gain":0,"max_hp_loss":0,"event_name":"The Cleric","floor":2,"gold_loss":50},{"damage_healed":0,"gold_gain":0,"player_choice":"Bought 2 Potions","damage_taken":0,"max_hp_gain":0,"max_hp_loss":0,"event_name":"The Woman in Blue","floor":3,"gold_loss":0},{"damage_healed":0,"gold_gain":175,"player_choice":"AGREE","damage_taken":0,"max_hp_gain":0,"max_hp_loss":0,"event_name":"Liars Game","floor":13,"gold_loss":0,"cards_obtained":["Doubt"]},{"cards_removed":["Doubt"],"damage_healed":0,"gold_gain":0,"player_choice":"Card Removal","damage_taken":7,"max_hp_gain":0,"max_hp_loss":0,"event_name":"Golden Wing","floor":14,"gold_loss":0},{"damage_healed":0,"gold_gain":0,"cards_transformed":["Strike_B","Strike_B"],"player_choice":"Became Test Subject","damage_taken":0,"max_hp_gain":0,"max_hp_loss":0,"event_name":"Drug Dealer","floor":21,"gold_loss":0,"cards_obtained":["Steam","Hologram"]},{"damage_healed":0,"gold_gain":0,"cards_transformed":["Defend_B"],"player_choice":"Transformed","damage_taken":0,"max_hp_gain":0,"max_hp_loss":0,"event_name":"Transmorgrifier","floor":22,"gold_loss":0,"cards_obtained":["Tempest"]}],"is_beta":false,"boss_relics":[{"not_picked":["Fusion Hammer","Snecko Eye"],"picked":"Inserter"}],"items_purged_floors":[20],"is_endless":false,"potions_floor_spawned":[1,4,16,19],"killed_by":"Slavers","ascension_level":7}