{"gold_per_floor":[17,117,129,140,155,155,180,180,231,231,231,246,196,219,219,314,314,333,171,186,186,286,286,1,36,36,64,81,81,94,113,113,209,259,271,146,159,259,259,259,259,274,324,341,341,35,35,35],"floor_reached":48,"playtime":4421,"items_purged":["Strike_R","Strike_R","Strike_R","Strike_R"],"score":587,"play_id":"c4499b77-445c-46ef-96f8-864c3b993190","local_time":"20190309045346","is_ascension_mode":true,"campfire_choices":[{"data":"Armaments","floor":6.0,"key":"SMITH"},{"floor":8.0,"key":"REST"},{"floor":11.0,"key":"RECALL"},{"floor":15.0,"key":"REST"},{"floor":23.0,"key":"REST"},{"floor":32.0,"key":"REST"},{"floor":40.0,"key":"REST"},{"data":"1","floor":45.0,"key":"LIFT"},{"data":"2","floor":47.0,"key":"LIFT"}],"neow_cost":"NO_GOLD","seed_source_timestamp":391698869268601,"circlet_count":0,"master_deck":["Defend_R","Defend_R","Defend_R","Defend_R+1","Bash","Armaments+1","Sword Boomerang","Uppercut","Intimidate","Evolve","Wild Strike","Immolate","Thunderclap","Searing Blow","Armaments","Headbutt+1","True Grit+1","Inflame","Inflame","Feel No Pain","Barricade","True Grit+1","Body Slam+1","Dropkick+1"],"special_seed":0,"relics":["Burning Blood","Champion Belt","Ornamental Fan","Matryoshka","Red Skull","Regal Pillow","Fusion Hammer","Thread and Needle","Bottled Tornado","Vajra","Bag of Preparation","War Paint","Girya","Blue Candle","Tiny House","StoneCalendar","Smiling Mask","Pear"],"potions_floor_usage":[],"damage_taken":[{"damage":0.0,"enemies":"Small Slimes","floor":1.0,"turns":3.0},{"damage":6.0,"enemies":"Cultist","floor":3.0,"turns":3.0},{"damage":5.0,"enemies":"2 Louse","floor":4.0,"turns":3.0},{"damage":8.0,"enemies":"Blue Slaver","floor":5.0,"turns":5.0},{"damage":53.0,"enemies":"Lagavulin","floor":7.0,"turns":9.0},{"damage":4.0,"enemies":"Exordium Wildlife","floor":12.0,"turns":4.0},{"damage":64.0,"enemies":"Hexaghost","floor":16.0,"turns":11.0},{"damage":12.0,"enemies":"3 Byrds","floor":18.0,"turns":5.0},{"damage":7.0,"enemies":"Chosen","floor":20.0,"turns":4.0},{"damage":7.0,"enemies":"Colosseum Slavers","floor":22.0,"turns":2.0},{"damage":29.0,"enemies":"Colosseum Nobs","floor":22.0,"turns":5.0},{"damage":22.0,"enemies":"Gremlin Leader","floor":25.0,"turns":5.0},{"damage":35.0,"enemies":"Slavers","floor":27.0,"turns":4.0},{"damage":5.0,"enemies":"Centurion and Healer","floor":28.0,"turns":3.0},{"damage":11.0,"enemies":"Snake Plant","floor":30.0,"turns":3.0},{"damage":4.0,"enemies":"Snecko","floor":31.0,"turns":3.0},{"damage":60.0,"enemies":"Collector","floor":33.0,"turns":9.0},{"damage":16.0,"enemies":"3 Shapes","floor":35.0,"turns":5.0},{"damage":23.0,"enemies":"3 Darklings","floor":37.0,"turns":3.0},{"damage":20.0,"enemies":"Mind Bloom Boss Battle","floor":38.0,"turns":8.0},{"damage":33.0,"enemies":"Spire Growth","floor":42.0,"turns":6.0},{"damage":28.0,"enemies":"4 Shapes","floor":44.0,"turns":3.0},{"damage":56,"enemies":"Writhing Mass","floor":48,"turns":6}],"seed_played":"-2912895330257398123","potions_obtained":[{"floor":5.0,"key":"Dexterity Potion"},{"floor":7.0,"key":"Ancient Potion"},{"floor":12.0,"key":"Ancient Potion"},{"floor":22.0,"key":"Regen Potion"},{"floor":27.0,"key":"Regen Potion"},{"floor":28.0,"key":"Energy Potion"},{"floor":30.0,"key":"Energy Potion"},{"floor":34.0,"key":"Energy Potion"},{"floor":35.0,"key":"SkillPotion"},{"floor":44.0,"key":"SpeedPotion"}],"is_trial":false,"path_per_floor":["M","?","M","M","M","R","E","R","T","T","R","M","?","T","R","B",null,"M","$","M","?","?","R","$","E","T","E","M","?","M","M","R","B",null,"M","$","M","?","?","R","?","M","T","M","R","$","R","M"],"character_chosen":"IRONCLAD","items_purchased":["Searing Blow","Armaments","Inflame","Vajra","Pear"],"campfire_rested":5,"item_purchase_floors":[19,19,24,24,46],"current_hp_per_floor":[80,80,80,80,78,78,31,55,55,55,55,57,57,57,80,22,80,74,74,73,80,56,80,80,64,64,35,36,21,35,37,77,23,90,80,80,63,49,49,90,90,63,63,41,41,51,51,0],"gold":35,"neow_bonus":"ONE_RARE_RELIC","is_prod":false,"is_daily":false,"chose_seed":false,"campfire_upgraded":1,"win_rate":0,"timestamp":1552128826,"path_taken":["M","?","M","?","M","R","E","R","T","?","R","M","?","?","R","BOSS","M","$","M","?","?","R","$","E","T","E","M","?","M","M","R","BOSS","M","$","M","?","?","R","?","M","T","M","R","?","R","M"],"build_version":"2019-01-23","purchased_purges":4,"victory":false,"max_hp_per_floor":[80,80,80,80,80,80,80,80,80,80,80,80,80,80,80,80,80,80,80,80,80,80,80,80,80,80,80,80,85,85,85,85,85,90,90,90,90,90,90,90,90,90,90,90,90,100,100,100],"card_choices":[{"not_picked":["Sword Boomerang","Corruption"],"picked":"Armaments","floor":1.0},{"not_picked":["Twin Strike","Reckless Charge"],"picked":"Sword Boomerang","floor":3.0},{"not_picked":["Armaments","Entrench"],"picked":"Uppercut","floor":4.0},{"not_picked":["Twin Strike","Hemokinesis"],"picked":"Intimidate","floor":5.0},{"not_picked":["Intimidate","Thunderclap"],"picked":"Evolve","floor":7.0},{"not_picked":["Intimidate","Fiend Fire"],"picked":"Wild Strike","floor":12.0},{"not_picked":["Fiend Fire","Double Tap"],"picked":"Immolate","floor":16.0},{"not_picked":["Flex+1","Twin Strike"],"picked":"Thunderclap","floor":18.0},{"not_picked":["Havoc","Clothesline"],"picked":"Headbutt","floor":20.0},{"not_picked":["Flex+1","Infernal Blade"],"picked":"True Grit","floor":22.0},{"not_picked":["Clothesline","Seeing Red","Fire Breathing+1"],"picked":"SKIP","floor":25.0},{"not_picked":["Carnage+1","Searing Blow"],"picked":"Inflame","floor":27.0},{"not_picked":["Uppercut+1","Pummel","Cleave"],"picked":"SKIP","floor":28.0},{"not_picked":["Corruption+1","Rage","Wild Strike"],"picked":"SKIP","floor":30.0},{"not_picked":["Flex","Warcry+1"],"picked":"Feel No Pain","floor":31.0},{"not_picked":["Juggernaut","Exhume"],"picked":"Barricade","floor":33.0},{"not_picked":["Shrug It Off","Rampage+1"],"picked":"True Grit+1","floor":34.0},{"not_picked":["Twin Strike","Clothesline+1","Cleave"],"picked":"SKIP","floor":35.0},{"not_picked":["Thunderclap+1","True Grit","Warcry+1"],"picked":"SKIP","floor":37.0},{"not_picked":["Cleave","Headbutt"],"picked":"Body Slam+1","floor":38.0},{"not_picked":["Havoc","Infernal Blade+1","Body Slam+1"],"picked":"SKIP","floor":42.0},{"not_picked":["Dual Wield","Burning Pact"],"picked":"Dropkick+1","floor":44.0}],"player_experience":245498,"relics_obtained":[{"floor":7.0,"key":"Ornamental Fan"},{"floor":10.0,"key":"Matryoshka"},{"floor":14.0,"key":"Red Skull"},{"floor":14.0,"key":"Regal Pillow"},{"floor":22.0,"key":"Thread and Needle"},{"floor":22.0,"key":"Bottled Tornado"},{"floor":25.0,"key":"Bag of Preparation"},{"floor":26.0,"key":"War Paint"},{"floor":26.0,"key":"Girya"},{"floor":27.0,"key":"Blue Candle"},{"floor":38.0,"key":"StoneCalendar"},{"floor":43.0,"key":"Smiling Mask"}],"event_choices":[{"damage_healed":0.0,"max_hp_gain":0.0,"max_hp_loss":0.0,"gold_gain":100.0,"event_name":"Golden Shrine","player_choice":"Pray","floor":2.0,"gold_loss":0.0,"damage_taken":0.0},{"cards_removed":["Strike_R"],"damage_healed":0.0,"max_hp_gain":0.0,"max_hp_loss":0.0,"gold_gain":0.0,"event_name":"The Cleric","player_choice":"Card Removal","floor":13.0,"gold_loss":50.0,"damage_taken":0.0},{"damage_healed":26.0,"max_hp_gain":0.0,"max_hp_loss":0.0,"gold_gain":0.0,"event_name":"The Library","player_choice":"Heal","floor":21.0,"gold_loss":0.0,"damage_taken":0.0},{"damage_healed":0.0,"max_hp_gain":0.0,"max_hp_loss":0.0,"gold_gain":0.0,"event_name":"Colosseum","player_choice":"Fight","floor":22.0,"gold_loss":0.0,"damage_taken":0.0},{"damage_healed":0.0,"max_hp_gain":0.0,"max_hp_loss":0.0,"gold_gain":0.0,"event_name":"Colosseum","player_choice":"Fought Nobs","floor":22.0,"gold_loss":0.0,"damage_taken":0.0},{"damage_healed":0.0,"max_hp_gain":5.0,"max_hp_loss":0.0,"gold_gain":0.0,"event_name":"Forgotten Altar","player_choice":"Shed Blood","floor":29.0,"gold_loss":0.0,"damage_taken":20.0},{"damage_healed":0.0,"max_hp_gain":0.0,"max_hp_loss":0.0,"gold_gain":0.0,"event_name":"MindBloom","player_choice":"Fight","floor":38.0,"gold_loss":0.0,"damage_taken":0.0},{"damage_healed":0.0,"max_hp_gain":0.0,"max_hp_loss":0.0,"gold_gain":0.0,"event_name":"Tomb of Lord Red Mask","player_choice":"Ignored","floor":39.0,"gold_loss":0.0,"damage_taken":0.0},{"damage_healed":0.0,"max_hp_gain":0.0,"max_hp_loss":0.0,"gold_gain":0.0,"event_name":"Mysterious Sphere","player_choice":"Ignored","floor":41.0,"gold_loss":0.0,"damage_taken":0.0}],"is_beta":false,"boss_relics":[{"not_picked":["Philosopher\u0027s Stone","Busted Crown"],"picked":"Fusion Hammer"},{"not_picked":["Runic Cube","Orrery"],"picked":"Tiny House"}],"items_purged_floors":[19,24,36,46],"is_endless":false,"potions_floor_spawned":[5,7,12,22,22,27,28,30,35,44],"killed_by":"Writhing Mass","ascension_level":4}