{"gold_per_floor":[366,382,43,59,70,70,96,110,110,110,110,124,124,124,136,223,235,267,279,566,588,284,284,295,295,295,1,32,32,52,52,52,52],"floor_reached":33,"playtime":1008,"items_purged":["Strike_G","Regret"],"score":517,"play_id":"48c444e6-f935-4cb1-93ad-401bb3cad3f0","local_time":"20190311205346","is_ascension_mode":true,"campfire_choices":[{"data":"Noxious Fumes","floor":6.0,"key":"SMITH"},{"data":"Deadly Poison","floor":10,"key":"SMITH"},{"data":"Footwork","floor":13,"key":"SMITH"},{"floor":15,"key":"REST"},{"data":"Apotheosis","floor":23,"key":"SMITH"},{"floor":25,"key":"REST"},{"data":"Footwork","floor":29,"key":"SMITH"},{"floor":32,"key":"REST"}],"neow_cost":"TEN_PERCENT_HP_LOSS","seed_source_timestamp":443564082952380,"circlet_count":0,"master_deck":["AscendersBane","Defend_G","Defend_G","Defend_G","Defend_G","Defend_G","Strike_G","Strike_G","Strike_G","Strike_G","Survivor","Neutralize","Leg Sweep","PiercingWail","Noxious Fumes+1","Deadly Poison+1","Bane","Backflip","Bouncing Flask","Corpse Explosion","Footwork+1","Burst","Footwork+1","Apotheosis+1","Crippling Poison","Footwork"],"special_seed":0,"relics":["Ring of the Snake","Bronze Scales","Bottled Tornado","Pen Nib","MawBank","Philosopher\u0027s Stone","Ornamental Fan","Lantern","Shuriken"],"potions_floor_usage":[16,28,28],"damage_taken":[{"damage":1.0,"enemies":"2 Louse","floor":1.0,"turns":3.0},{"damage":1.0,"enemies":"Cultist","floor":2.0,"turns":5.0},{"damage":4.0,"enemies":"Jaw Worm","floor":4.0,"turns":6.0},{"damage":0.0,"enemies":"Lots of Slimes","floor":5.0,"turns":1.0},{"damage":41,"enemies":"Gremlin Nob","floor":7,"turns":5},{"damage":1,"enemies":"Looter","floor":8,"turns":4},{"damage":1,"enemies":"3 Louse","floor":12,"turns":3},{"damage":2,"enemies":"The Guardian","floor":16,"turns":8},{"damage":12,"enemies":"Spheric Guardian","floor":18,"turns":4},{"damage":20,"enemies":"Shell Parasite","floor":21,"turns":5},{"damage":4,"enemies":"Snake Plant","floor":24,"turns":4},{"damage":23,"enemies":"Slavers","floor":28,"turns":5},{"damage":10,"enemies":"Sentry and Sphere","floor":30,"turns":5},{"damage":24,"enemies":"Champ","floor":33,"turns":9}],"seed_played":"4662949678831791078","potions_obtained":[{"floor":1.0,"key":"Explosive Potion"},{"floor":7,"key":"Block Potion"},{"floor":8,"key":"SpeedPotion"},{"floor":21,"key":"GamblersBrew"},{"floor":24,"key":"Weak Potion"}],"is_trial":false,"path_per_floor":["M","M","$","M","M","R","E","M","T","R","?","M","R","?","R","B",null,"M","$","?","M","$","R","M","R","T","$","E","R","M","?","R","B"],"character_chosen":"THE_SILENT","items_purchased":["Noxious Fumes","Deadly Poison","Bronze Scales","Apotheosis","Lantern","Crippling Poison","Fire Potion"],"campfire_rested":3,"item_purchase_floors":[3,3,3,22,27,27,27],"current_hp_per_floor":[58,57,57,53,53,53,12,11,11,11,11,10,10,10,28,26,52,40,40,40,20,20,20,16,34,34,34,11,11,1,1,19,0],"gold":52,"neow_bonus":"TWO_FIFTY_GOLD","is_prod":false,"is_daily":false,"chose_seed":false,"campfire_upgraded":5,"win_rate":0,"timestamp":1552334026,"path_taken":["M","M","$","M","M","R","E","M","T","R","?","M","R","?","R","BOSS","M","?","?","?","$","R","M","R","T","$","E","R","M","?","R","BOSS"],"build_version":"2019-01-23","purchased_purges":2,"victory":false,"max_hp_per_floor":[60,60,60,60,60,60,60,60,60,60,60,60,60,60,60,60,60,60,60,60,60,60,60,60,60,60,60,60,60,60,60,60,60],"card_choices":[{"not_picked":["Caltrops","Well Laid Plans"],"picked":"Leg Sweep","floor":1.0},{"not_picked":["Deflect","Eviscerate"],"picked":"PiercingWail","floor":2.0},{"not_picked":["PiercingWail","Underhanded Strike"],"picked":"Bane","floor":4.0},{"not_picked":["Poisoned Stab","Finisher"],"picked":"Backflip","floor":5.0},{"not_picked":["Backstab","Acrobatics"],"picked":"Bouncing Flask","floor":7},{"not_picked":["Calculated Gamble","Bouncing Flask"],"picked":"Corpse Explosion","floor":8},{"not_picked":["Quick Slash","PiercingWail"],"picked":"Footwork","floor":12},{"not_picked":["Bullet Time","Die Die Die"],"picked":"Burst","floor":16},{"not_picked":["Cloak And Dagger","Expertise","Prepared"],"picked":"SKIP","floor":18},{"not_picked":["Acrobatics","Deflect"],"picked":"Footwork","floor":21},{"not_picked":["Deflect","Deadly Poison","Dash"],"picked":"SKIP","floor":24},{"not_picked":["Poisoned Stab","Deadly Poison"],"picked":"Footwork","floor":28},{"not_picked":["Bane","Heel Hook","Endless Agony+1"],"picked":"SKIP","floor":30}],"player_experience":969854,"relics_obtained":[{"floor":7,"key":"Bottled Tornado"},{"floor":9,"key":"Pen Nib"},{"floor":26,"key":"Ornamental Fan"},{"floor":28,"key":"Shuriken"}],"event_choices":[{"damage_healed":0,"gold_gain":0,"player_choice":"Ignored","damage_taken":0,"max_hp_gain":0,"max_hp_loss":0,"event_name":"Liars Game","floor":11,"gold_loss":0},{"damage_healed":0,"gold_gain":0,"player_choice":"Gave Potion","damage_taken":0,"relics_obtained":["MawBank"],"max_hp_gain":0,"max_hp_loss":0,"event_name":"WeMeetAgain","floor":14,"gold_loss":0},{"damage_healed":0,"gold_gain":275,"player_choice":"Desecrate","damage_taken":0,"max_hp_gain":0,"max_hp_loss":0,"event_name":"Golden Shrine","floor":20,"gold_loss":0,"cards_obtained":["Regret"]},{"damage_healed":0,"gold_gain":0,"player_choice":"0 cards matched","damage_taken":0,"max_hp_gain":0,"max_hp_loss":0,"event_name":"Match and Keep!","floor":31,"gold_loss":0,"cards_obtained":[]}],"is_beta":false,"boss_relics":[{"not_picked":["Calling Bell","Snecko Eye"],"picked":"Philosopher\u0027s Stone"}],"items_purged_floors":[3,22],"is_endless":false,"potions_floor_spawned":[1,7,8,12,21,24],"killed_by":"Champ","ascension_level":19}