{"gold_per_floor":[119,58,75,0,0,0,31,206,206,206,220,220,220,233,233,335,335,347,367,14,14,29,29,29,40,40,40,53,72,72,105,105,205,205,215,227,227],"floor_reached":37,"playtime":2875,"items_purged":["Defend_G","Defend_G"],"score":464,"play_id":"84aa971e-bc25-49d2-a598-65af536db1ea","local_time":"20190305152516","is_ascension_mode":false,"campfire_choices":[{"data":"Neutralize","floor":6,"key":"SMITH"},{"data":"Survivor","floor":10,"key":"SMITH"},{"data":"Deflect","floor":13,"key":"SMITH"},{"data":"Strike_G","floor":15,"key":"SMITH"},{"data":"Corpse Explosion","floor":23,"key":"SMITH"},{"data":"Catalyst","floor":27,"key":"SMITH"},{"data":"Footwork","floor":30,"key":"SMITH"},{"data":"Noxious Fumes","floor":32,"key":"SMITH"}],"neow_cost":"NONE","seed_source_timestamp":3258380658784,"circlet_count":0,"master_deck":["Defend_G","Defend_G","Survivor+1","Neutralize+1","Deflect+1","PiercingWail","Corpse Explosion+1","Accuracy","Cloak And Dagger","Catalyst+1","Catalyst","Dagger Throw","Deflect+1","Bite","Bite","Bite","Bite","Well Laid Plans","Footwork+1","Noxious Fumes+1","Night Terror","Blade Dance+1","Deadly Poison"],"relics":["Ring of the Serpent","NeowsBlessing","Mango","Du-Vu Doll","Shuriken","Orrery","Ninja Scroll","Thread and Needle","Girya"],"potions_floor_usage":[16,18,19,29],"damage_taken":[{"damage":0,"enemies":"Cultist","floor":1,"turns":1},{"damage":0,"enemies":"Small Slimes","floor":3,"turns":1},{"damage":0,"enemies":"Gremlin Nob","floor":7,"turns":1},{"damage":0,"enemies":"2 Louse","floor":11,"turns":2},{"damage":0,"enemies":"Looter","floor":14,"turns":4},{"damage":47,"enemies":"Slime Boss","floor":16,"turns":16},{"damage":1,"enemies":"Chosen","floor":18,"turns":5},{"damage":13,"enemies":"Spheric Guardian","floor":19,"turns":6},{"damage":0,"enemies":"3 Cultists","floor":22,"turns":2},{"damage":14,"enemies":"Snake Plant","floor":25,"turns":3},{"damage":1,"enemies":"Centurion and Healer","floor":28,"turns":5},{"damage":19,"enemies":"Sentry and Sphere","floor":29,"turns":7},{"damage":8,"enemies":"Book of Stabbing","floor":31,"turns":4},{"damage":16,"enemies":"Champ","floor":33,"turns":10},{"damage":28,"enemies":"3 Darklings","floor":35,"turns":5},{"damage":4,"enemies":"3 Shapes","floor":36,"turns":5},{"damage":40,"enemies":"Spire Growth","floor":37,"turns":4}],"seed_played":"3122188681871937461","potions_obtained":[{"floor":3,"key":"GhostInAJar"},{"floor":11,"key":"Fire Potion"},{"floor":18,"key":"Block Potion"},{"floor":28,"key":"GamblersBrew"},{"floor":31,"key":"Ancient Potion"},{"floor":35,"key":"Ancient Potion"}],"is_trial":false,"path_per_floor":["M","?","M","$","?","R","E","?","T","R","M","?","R","M","R","B",null,"M","M","$","?","M","R","?","M","T","R","M","M","R","E","R","B",null,"M","M","M"],"character_chosen":"THE_SILENT","items_purchased":["Ninja Scroll"],"campfire_rested":0,"item_purchase_floors":[20],"current_hp_per_floor":[70,84,84,84,84,84,84,84,84,84,84,84,84,84,84,37,84,83,70,70,58,58,58,58,48,48,48,53,44,44,40,40,42,58,34,36,0],"gold":227,"neow_bonus":"THREE_ENEMY_KILL","is_prod":false,"is_daily":false,"chose_seed":false,"campfire_upgraded":8,"win_rate":0.0,"timestamp":1551795916,"path_taken":["M","?","?","$","?","R","E","?","T","R","M","?","R","?","R","BOSS","M","M","$","?","M","R","?","M","T","R","M","M","R","E","R","BOSS","M","M","M"],"build_version":"2019-01-23","purchased_purges":2,"victory":false,"max_hp_per_floor":[70,84,84,84,84,84,84,84,84,84,84,84,84,84,84,84,84,84,84,84,58,58,58,58,58,58,58,58,58,58,58,58,58,58,58,58,58],"card_choices":[{"not_picked":["Poisoned Stab","Sucker Punch","Bane"],"picked":"SKIP","floor":1},{"not_picked":["Endless Agony","Dagger Throw","Quick Slash"],"picked":"SKIP","floor":3},{"not_picked":["Endless Agony","Outmaneuver","Cloak And Dagger"],"picked":"SKIP","floor":7},{"not_picked":["Dagger Throw","Quick Slash"],"picked":"Deflect","floor":11},{"not_picked":["Die Die Die","Tactician"],"picked":"PiercingWail","floor":14},{"not_picked":["Die Die Die","A Thousand Cuts"],"picked":"Corpse Explosion","floor":16},{"not_picked":["Quick Slash","Underhanded Strike"],"picked":"Accuracy","floor":17},{"not_picked":["Dagger Throw","Flying Knee"],"picked":"Cloak And Dagger","floor":17},{"not_picked":["Die Die Die","Underhanded Strike"],"picked":"Catalyst","floor":17},{"not_picked":["All Out Attack","Outmaneuver"],"picked":"Catalyst","floor":17},{"not_picked":["Quick Slash","Dagger Spray"],"picked":"Dagger Throw","floor":17},{"not_picked":["Slice","Quick Slash","Backflip"],"picked":"SKIP","floor":18},{"not_picked":["All Out Attack+1","Acrobatics"],"picked":"Deflect+1","floor":19},{"not_picked":["Flying Knee+1","Dagger Throw","All Out Attack"],"picked":"SKIP","floor":22},{"not_picked":["Deflect","Outmaneuver+1","Flechettes"],"picked":"SKIP","floor":25},{"not_picked":["Bane","Dodge and Roll+1"],"picked":"Well Laid Plans","floor":28},{"not_picked":["Dagger Spray+1","Accuracy+1"],"picked":"Footwork","floor":29},{"not_picked":["Distraction","Outmaneuver"],"picked":"Noxious Fumes","floor":31},{"not_picked":["Die Die Die","Storm of Steel"],"picked":"Night Terror","floor":33},{"not_picked":["Acrobatics+1","Choke"],"picked":"Blade Dance+1","floor":35},{"not_picked":["Bane+1","PiercingWail+1"],"picked":"Deadly Poison","floor":36}],"player_experience":47667,"relics_obtained":[{"floor":7,"key":"Du-Vu Doll"},{"floor":9,"key":"Shuriken"},{"floor":26,"key":"Thread and Needle"},{"floor":31,"key":"Girya"}],"event_choices":[{"damage_healed":0,"gold_gain":0,"player_choice":"Paid Gold","damage_taken":0,"relics_obtained":["Mango"],"max_hp_gain":0,"max_hp_loss":0,"event_name":"WeMeetAgain","floor":2,"gold_loss":61},{"cards_removed":["Defend_G"],"damage_healed":0,"gold_gain":0,"player_choice":"Forget","damage_taken":0,"max_hp_gain":0,"max_hp_loss":0,"event_name":"Living Wall","floor":5,"gold_loss":0},{"damage_healed":0,"gold_gain":175,"player_choice":"AGREE","damage_taken":0,"max_hp_gain":0,"max_hp_loss":0,"event_name":"Liars Game","floor":8,"gold_loss":0,"cards_obtained":["Doubt"]},{"cards_removed":["Doubt"],"damage_healed":0,"gold_gain":0,"player_choice":"Removed Curses","damage_taken":0,"max_hp_gain":0,"max_hp_loss":0,"event_name":"Fountain of Cleansing","floor":12,"gold_loss":0},{"damage_healed":0,"gold_gain":0,"player_choice":"Became a vampire","damage_taken":0,"max_hp_gain":0,"max_hp_loss":26,"event_name":"Vampires","floor":21,"gold_loss":0,"cards_obtained":["Bite","Bite","Bite","Bite","Bite"]},{"cards_removed":["Bite"],"damage_healed":5,"gold_gain":0,"player_choice":"Offered Special","damage_taken":0,"max_hp_gain":0,"max_hp_loss":0,"event_name":"Bonfire Elementals","floor":24,"gold_loss":0}],"is_beta":false,"boss_relics":[{"not_picked":["Astrolabe","Coffee Dripper"],"picked":"Orrery"},{"not_picked":["Philosopher\u0027s Stone","Sozu"],"picked":"Ring of the Serpent"}],"items_purged_floors":[4,20],"is_endless":false,"potions_floor_spawned":[3,11,18,28,31,35],"killed_by":"Spire Growth","ascension_level":0}