{"gold_per_floor":[109,23,41,41,58,88,88,165,165,28,56,67,67,94,94,199,199,210,2,18,29,39,39,64,64,64,64,64],"floor_reached":28,"playtime":1482,"items_purged":["Strike_G"],"score":295,"play_id":"d5d3b30c-7b83-4ffb-a5d0-6298333c3c4d","local_time":"20190310013821","is_ascension_mode":true,"campfire_choices":[{"floor":13,"key":"REST"},{"floor":15,"key":"REST"},{"floor":23,"key":"REST"},{"floor":27,"key":"REST"}],"neow_cost":"NONE","seed_source_timestamp":26306870316199,"circlet_count":0,"master_deck":["Defend_G","Defend_G","Defend_G","Defend_G","Strike_G","Strike_G","Strike_G","Strike_G","Survivor","Neutralize+1","Infinite Blades","Dark Shackles","PiercingWail","Noxious Fumes","Finisher","Blind","Dash","Cloak And Dagger","Slice","Tools of the Trade","Prepared","Slice+1","Accuracy","Bouncing Flask+1","Necronomicurse"],"relics":["Ring of the Snake","Art of War","The Courier","Paper Crane","Letter Opener","Bottled Tornado","Black Star","Kunai","Question Card","Unceasing Top","Necronomicon","Molten Egg 2"],"potions_floor_usage":[16,28],"damage_taken":[{"damage":2,"enemies":"Small Slimes","floor":1,"turns":4},{"damage":1,"enemies":"Cultist","floor":3,"turns":5},{"damage":1,"enemies":"Jaw Worm","floor":5,"turns":5},{"damage":27,"enemies":"Gremlin Nob","floor":6,"turns":5},{"damage":12,"enemies":"Lagavulin","floor":11,"turns":8},{"damage":1,"enemies":"Looter","floor":12,"turns":4},{"damage":7,"enemies":"3 Sentries","floor":14,"turns":9},{"damage":5,"enemies":"Hexaghost","floor":16,"turns":11},{"damage":11,"enemies":"Spheric Guardian","floor":18,"turns":6},{"damage":10,"enemies":"3 Byrds","floor":20,"turns":6},{"damage":22,"enemies":"Snecko","floor":21,"turns":7},{"damage":22,"enemies":"Sentry and Sphere","floor":22,"turns":7},{"damage":0,"enemies":"Gremlin Leader","floor":24,"turns":8},{"damage":39,"enemies":"Slavers","floor":28,"turns":3}],"seed_played":"9083947856635152194","potions_obtained":[{"floor":1,"key":"Dexterity Potion"},{"floor":11,"key":"Dexterity Potion"},{"floor":12,"key":"Explosive Potion"},{"floor":22,"key":"Block Potion"}],"is_trial":false,"path_per_floor":["M","$","M","?","M","E","?","T","T","$","E","M","R","E","R","B",null,"M","$","M","M","M","R","E","?","T","R","E"],"character_chosen":"THE_SILENT","items_purchased":["Dark Shackles","Blind","Kunai"],"campfire_rested":4,"item_purchase_floors":[2,10,19],"current_hp_per_floor":[68,68,67,67,66,39,27,27,27,27,15,14,35,28,49,44,70,59,59,49,27,5,26,26,10,10,31,0],"gold":64,"neow_bonus":"UPGRADE_CARD","is_prod":false,"is_daily":false,"chose_seed":false,"campfire_upgraded":0,"win_rate":0,"timestamp":1552178301,"path_taken":["M","$","M","?","?","E","?","?","T","$","E","M","R","E","R","BOSS","M","$","M","M","M","R","E","?","T","R","E"],"build_version":"2019-01-23","purchased_purges":1,"victory":false,"max_hp_per_floor":[70,70,70,70,70,70,70,70,70,70,70,70,70,70,70,70,70,70,70,70,70,70,70,70,70,70,70,70],"card_choices":[{"not_picked":["Choke","Bane"],"picked":"Infinite Blades","floor":1},{"not_picked":["Finisher","Predator"],"picked":"PiercingWail","floor":3},{"not_picked":["Blade Dance","PiercingWail"],"picked":"Noxious Fumes","floor":5},{"not_picked":["Outmaneuver","Distraction"],"picked":"Finisher","floor":6},{"not_picked":["Grand Finale","Riddle With Holes"],"picked":"Dash","floor":11},{"not_picked":["Distraction","Caltrops"],"picked":"Cloak And Dagger","floor":12},{"not_picked":["Dagger Spray","Reflex"],"picked":"Slice","floor":14},{"not_picked":["Venomology","Phantasmal Killer"],"picked":"Tools of the Trade","floor":16},{"not_picked":["Underhanded Strike","Acrobatics+1","Poisoned Stab"],"picked":"SKIP","floor":18},{"not_picked":["Choke","Setup"],"picked":"Prepared","floor":20},{"not_picked":["Terror","Dash"],"picked":"Slice+1","floor":21},{"not_picked":["Outmaneuver+1","Dagger Spray"],"picked":"Accuracy","floor":22},{"not_picked":["Bane","Phantasmal Killer"],"picked":"Bouncing Flask+1","floor":24}],"player_experience":144400,"relics_obtained":[{"floor":6,"key":"Art of War"},{"floor":8,"key":"Paper Crane"},{"floor":11,"key":"Letter Opener"},{"floor":14,"key":"Bottled Tornado"},{"floor":24,"key":"Question Card"},{"floor":24,"key":"Unceasing Top"},{"floor":25,"key":"Necronomicon"},{"floor":26,"key":"Molten Egg 2"}],"event_choices":[{"cards_removed":["Defend_G"],"damage_healed":0,"gold_gain":0,"player_choice":"Offered Basic","damage_taken":0,"max_hp_gain":0,"max_hp_loss":0,"event_name":"Bonfire Elementals","floor":4,"gold_loss":0},{"damage_healed":0,"gold_gain":0,"player_choice":"Success","damage_taken":12,"relics_obtained":["The Courier"],"max_hp_gain":0,"max_hp_loss":0,"event_name":"Scrap Ooze","floor":7,"gold_loss":0},{"damage_healed":0,"gold_gain":0,"player_choice":"Obtained Book","damage_taken":16,"max_hp_gain":0,"max_hp_loss":0,"event_name":"Cursed Tome","floor":25,"gold_loss":0}],"is_beta":false,"boss_relics":[{"not_picked":["Runic Dome","Snecko Eye"],"picked":"Black Star"}],"items_purged_floors":[10],"is_endless":false,"potions_floor_spawned":[1,11,12,14,22,24],"killed_by":"Slavers","ascension_level":1}