{"gold_per_floor":[118,83,158,50,50,50,76,76,103,123,140,153,172,172,172,172],"floor_reached":16,"playtime":376,"items_purged":[],"score":160,"play_id":"5f599350-e1ce-4ac4-9ec1-d02911797ce6","local_time":"20190130004524","is_ascension_mode":true,"campfire_choices":[{"data":"Creative AI","floor":6,"key":"SMITH"},{"floor":8,"key":"REST"},{"floor":15,"key":"REST"}],"neow_cost":"PERCENT_DAMAGE","seed_source_timestamp":948204891832204,"circlet_count":0,"master_deck":["AscendersBane","Strike_B+1","Strike_B","Strike_B+1","Defend_B","Defend_B","Defend_B","Defend_B","Zap+1","Dualcast","Creative AI+1","Cold Snap","Loop","Streamline","Steam Power","Beam Cell","Ball Lightning","Coolheaded","Lockon","Cold Snap"],"relics":["Cracked Core","Whetstone","Happy Flower"],"potions_floor_usage":[],"damage_taken":[{"damage":1,"enemies":"Cultist","floor":1,"turns":3},{"damage":24,"enemies":"3 Sentries","floor":7,"turns":6},{"damage":3,"enemies":"Small Slimes","floor":10,"turns":3},{"damage":7,"enemies":"Jaw Worm","floor":11,"turns":3},{"damage":16,"enemies":"3 Louse","floor":12,"turns":3},{"damage":12,"enemies":"Exordium Wildlife","floor":13,"turns":3},{"damage":39,"enemies":"The Guardian","floor":16,"turns":5}],"seed_played":"6024618217003469705","potions_obtained":[{"floor":7,"key":"SneckoOil"},{"floor":11,"key":"EntropicBrew"},{"floor":12,"key":"EssenceOfSteel"}],"is_trial":false,"path_per_floor":["M","?","?","$","?","R","E","R","T","M","M","M","M","?","R","B"],"character_chosen":"DEFECT","items_purchased":["Loop","Streamline"],"campfire_rested":2,"item_purchase_floors":[4,4],"current_hp_per_floor":[49,67,56,56,56,56,32,54,54,51,44,28,16,16,38,0],"gold":172,"neow_bonus":"THREE_RARE_CARDS","is_prod":false,"is_daily":false,"chose_seed":false,"campfire_upgraded":1,"win_rate":0,"timestamp":1548827124,"path_taken":["M","?","?","$","?","R","E","R","T","M","M","M","?","?","R","BOSS"],"build_version":"2019-01-23","purchased_purges":0,"victory":false,"max_hp_per_floor":[75,75,75,75,75,75,75,75,75,75,75,75,75,75,75,75],"card_choices":[{"not_picked":["Biased Cognition","Buffer"],"picked":"Creative AI","floor":0},{"not_picked":["Darkness","Stack"],"picked":"Cold Snap","floor":1},{"not_picked":["Sunder","Streamline"],"picked":"Beam Cell","floor":7},{"not_picked":["Streamline","Redo"],"picked":"Ball Lightning","floor":10},{"not_picked":["Heatsinks","Chaos"],"picked":"Coolheaded","floor":11},{"not_picked":["Blizzard","Chaos"],"picked":"Lockon","floor":12},{"not_picked":["Conserve Battery","Leap"],"picked":"Cold Snap","floor":13}],"player_experience":568557,"relics_obtained":[{"floor":7,"key":"Whetstone"},{"floor":9,"key":"Happy Flower"}],"event_choices":[{"damage_healed":18,"gold_gain":0,"player_choice":"Healed","damage_taken":0,"max_hp_gain":0,"max_hp_loss":0,"event_name":"The Cleric","floor":2,"gold_loss":35},{"damage_healed":0,"gold_gain":75,"player_choice":"Gather Gold","damage_taken":11,"max_hp_gain":0,"max_hp_loss":0,"event_name":"World of Goop","floor":3,"gold_loss":0},{"damage_healed":0,"gold_gain":0,"cards_transformed":["Strike_B"],"player_choice":"Transformed","damage_taken":0,"max_hp_gain":0,"max_hp_loss":0,"event_name":"Transmorgrifier","floor":5,"gold_loss":0,"cards_obtained":["Steam Power"]},{"damage_healed":0,"gold_gain":0,"player_choice":"Grow","damage_taken":0,"max_hp_gain":0,"max_hp_loss":0,"event_name":"Living Wall","floor":14,"gold_loss":0,"cards_upgraded":["Zap"]}],"is_beta":true,"boss_relics":[],"items_purged_floors":[],"is_endless":false,"potions_floor_spawned":[7,11,12],"killed_by":"The Guardian","ascension_level":12}