{"gold_per_floor":[112,129,79,90,90,90,105,105,105,180,23,23,23,40,40,140,140,154,168,17,17,17,17,17,17,17,17,28,28,40,60,60,60],"floor_reached":33,"playtime":1232,"items_purged":["Strike_G"],"score":235,"play_id":"ab406763-fd74-480c-9a2a-346861a75dd5","local_time":"20190211004642","is_ascension_mode":false,"campfire_choices":[{"data":"Deadly Poison","floor":6,"key":"SMITH"},{"data":"Cloak And Dagger","floor":8,"key":"SMITH"},{"data":"Finisher","floor":15,"key":"SMITH"},{"data":"A Thousand Cuts","floor":23,"key":"SMITH"},{"data":"Deflect","floor":27,"key":"SMITH"},{"floor":32,"key":"REST"}],"neow_cost":"NONE","seed_source_timestamp":39731350369395,"circlet_count":0,"master_deck":["Defend_G","Defend_G","Defend_G","Defend_G","Strike_G","Strike_G","Survivor","Neutralize","Deadly Poison+1","Cloak And Dagger+1","Caltrops+1","Finisher+1","Dash","Backflip","A Thousand Cuts+1","Slice+1","Deflect+1","Caltrops","Terror","J.A.X.","Choke","Backstab","Phantasmal Killer"],"relics":["Ring of the Snake","NeowsBlessing","Bird Faced Urn","Thread and Needle","Empty Cage","Incense Burner","PreservedInsect"],"potions_floor_usage":[16,33,33,33],"damage_taken":[{"damage":0,"enemies":"2 Louse","floor":1,"turns":1},{"damage":0,"enemies":"Small Slimes","floor":2,"turns":1},{"damage":0,"enemies":"Jaw Worm","floor":4,"turns":1},{"damage":4,"enemies":"Large Slime","floor":7,"turns":7},{"damage":0,"enemies":"2 Fungi Beasts","floor":14,"turns":3},{"damage":40,"enemies":"Slime Boss","floor":16,"turns":13},{"damage":2,"enemies":"3 Byrds","floor":18,"turns":3},{"damage":9,"enemies":"Chosen","floor":19,"turns":4},{"damage":7,"enemies":"Centurion and Healer","floor":28,"turns":7},{"damage":16,"enemies":"Shelled Parasite and Fungi","floor":30,"turns":6},{"damage":5,"enemies":"Snake Plant","floor":31,"turns":4},{"damage":67,"enemies":"Automaton","floor":33,"turns":6}],"seed_played":"5356513152795326278","potions_obtained":[{"floor":1,"key":"EssenceOfSteel"},{"floor":14,"key":"SteroidPotion"},{"floor":16,"key":"EssenceOfSteel"},{"floor":28,"key":"Regen Potion"},{"floor":30,"key":"GamblersBrew"}],"is_trial":false,"path_per_floor":["M","M","?","M","?","R","M","R","T","?","$","?","$","M","R","B",null,"M","M","$","?","?","R","?","?","T","R","M","$","M","M","R","B"],"character_chosen":"THE_SILENT","items_purchased":["Dash","Caltrops","Terror"],"campfire_rested":1,"item_purchase_floors":[11,20,20],"current_hp_per_floor":[70,70,70,70,70,70,66,66,66,55,55,55,55,57,57,19,70,69,62,62,62,62,62,62,49,49,49,46,46,36,33,55,0],"gold":60,"neow_bonus":"THREE_ENEMY_KILL","is_prod":false,"is_daily":false,"chose_seed":false,"campfire_upgraded":5,"win_rate":0,"timestamp":1549864002,"path_taken":["M","M","?","M","?","R","?","R","T","?","$","?","$","M","R","BOSS","M","M","$","?","?","R","?","?","T","R","?","?","M","M","R","BOSS"],"build_version":"2019-01-23","purchased_purges":1,"victory":false,"max_hp_per_floor":[70,70,70,70,70,70,70,70,70,70,70,70,70,70,70,70,70,70,70,70,70,70,70,70,75,75,75,75,75,75,75,75,75],"card_choices":[{"not_picked":["Terror","Bane"],"picked":"Deadly Poison","floor":1},{"not_picked":["Tactician","Poisoned Stab"],"picked":"Cloak And Dagger","floor":2},{"not_picked":["Terror","Calculated Gamble"],"picked":"Caltrops","floor":4},{"not_picked":["Poisoned Stab","Acrobatics"],"picked":"Finisher","floor":7},{"not_picked":["Slice","Sucker Punch"],"picked":"Backflip","floor":14},{"not_picked":["Corpse Explosion","Glass Knife"],"picked":"A Thousand Cuts","floor":16},{"not_picked":["Deflect+1","Acrobatics+1"],"picked":"Slice+1","floor":18},{"not_picked":["Quick Slash+1","Sucker Punch+1"],"picked":"Deflect","floor":19},{"not_picked":["Tactician+1","Backflip+1"],"picked":"Choke","floor":28},{"not_picked":["Backflip","Cloak And Dagger"],"picked":"Backstab","floor":30},{"not_picked":["Dagger Throw","Skewer"],"picked":"Phantasmal Killer","floor":31}],"player_experience":1032021,"relics_obtained":[{"floor":9,"key":"Bird Faced Urn"},{"floor":26,"key":"PreservedInsect"}],"event_choices":[{"cards_removed":["Strike_G"],"damage_healed":0,"gold_gain":0,"player_choice":"Card Removal","damage_taken":0,"max_hp_gain":0,"max_hp_loss":0,"event_name":"The Cleric","floor":3,"gold_loss":50},{"damage_healed":0,"gold_gain":0,"player_choice":"Grow","damage_taken":0,"max_hp_gain":0,"max_hp_loss":0,"event_name":"Living Wall","floor":5,"gold_loss":0,"cards_upgraded":["Caltrops"]},{"damage_healed":0,"gold_gain":75,"player_choice":"Gather Gold","damage_taken":11,"max_hp_gain":0,"max_hp_loss":0,"event_name":"World of Goop","floor":10,"gold_loss":0},{"damage_healed":0,"gold_gain":0,"player_choice":"Gave Potion","damage_taken":0,"relics_obtained":["Thread and Needle"],"max_hp_gain":0,"max_hp_loss":0,"event_name":"WeMeetAgain","floor":12,"gold_loss":0},{"damage_healed":0,"gold_gain":0,"player_choice":"Opened","damage_taken":0,"relics_obtained":["Incense Burner"],"max_hp_gain":0,"max_hp_loss":0,"event_name":"The Mausoleum","floor":21,"gold_loss":0,"cards_obtained":["Writhe"]},{"cards_removed":["Writhe"],"damage_healed":0,"gold_gain":0,"player_choice":"Elegance","damage_taken":0,"max_hp_gain":0,"max_hp_loss":0,"event_name":"Back to Basics","floor":22,"gold_loss":0},{"damage_healed":0,"gold_gain":0,"player_choice":"Obtain J.A.X.","damage_taken":0,"max_hp_gain":0,"max_hp_loss":0,"event_name":"Drug Dealer","floor":24,"gold_loss":0,"cards_obtained":["J.A.X."]},{"damage_healed":0,"gold_gain":0,"player_choice":"Shed Blood","damage_taken":18,"max_hp_gain":5,"max_hp_loss":0,"event_name":"Forgotten Altar","floor":25,"gold_loss":0}],"is_beta":false,"boss_relics":[{"not_picked":["White Beast Statue","Black Star"],"picked":"Empty Cage"}],"items_purged_floors":[11],"is_endless":false,"potions_floor_spawned":[1,14,16,28,30,31],"killed_by":"Automaton","ascension_level":0}