{"gold_per_floor":[117,127,140,140,155,155,183,183,229,261,261,280,280,296,296,393,393,408,40,55,0,0,0,0,15,39,39,53,152,152,152],"floor_reached":31,"playtime":1275,"items_purged":["Strike_R"],"score":343,"play_id":"0db6eb2c-afde-4c93-bf3b-a462388116f1","local_time":"20181220170511","is_ascension_mode":true,"campfire_choices":[{"data":"Rampage","floor":6,"key":"SMITH"},{"floor":15,"key":"REST"},{"floor":23,"key":"REST"},{"data":"Shrug It Off","floor":27,"key":"SMITH"},{"floor":30,"key":"REST"}],"neow_cost":"TEN_PERCENT_HP_LOSS","seed_source_timestamp":3282246798842,"circlet_count":0,"master_deck":["Strike_R","Strike_R","Strike_R","Defend_R","Defend_R","Defend_R","Defend_R","Limit Break+1","Rampage+1","Burning Pact","Headbutt","Clothesline","Heavy Blade","Heavy Blade","Ghostly Armor","Impervious","Whirlwind","Flex","Flex","Headbutt","Battle Trance","Shrug It Off+1","True Grit+1"],"relics":["Burning Blood","Sundial","Bag of Preparation","Bronze Scales","Dodecahedron","Orrery","Sling","Strawberry"],"potions_floor_usage":[5,7,14,16,19,20,25,31],"damage_taken":[{"damage":19,"enemies":"Small Slimes","floor":1,"turns":4},{"damage":6,"enemies":"2 Louse","floor":2,"turns":4},{"damage":7,"enemies":"Jaw Worm","floor":3,"turns":5},{"damage":15,"enemies":"Gremlin Gang","floor":5,"turns":8},{"damage":25,"enemies":"Lagavulin","floor":7,"turns":6},{"damage":29,"enemies":"Gremlin Nob","floor":10,"turns":5},{"damage":9,"enemies":"3 Louse","floor":12,"turns":3},{"damage":10,"enemies":"Exordium Thugs","floor":14,"turns":5},{"damage":41,"enemies":"Hexaghost","floor":16,"turns":10},{"damage":34,"enemies":"Shell Parasite","floor":18,"turns":8},{"damage":26,"enemies":"2 Thieves","floor":20,"turns":5},{"damage":12,"enemies":"Centurion and Healer","floor":25,"turns":6},{"damage":35,"enemies":"Snake Plant","floor":28,"turns":4},{"damage":56,"enemies":"3 Cultists","floor":31,"turns":6}],"seed_played":"-6431762150776767240","potions_obtained":[{"floor":1,"key":"Strength Potion"},{"floor":3,"key":"Regen Potion"},{"floor":10,"key":"Energy Potion"},{"floor":14,"key":"Regen Potion"},{"floor":18,"key":"Fire Potion"},{"floor":20,"key":"GamblersBrew"},{"floor":25,"key":"SkillPotion"},{"floor":28,"key":"LiquidBronze"}],"is_trial":false,"path_per_floor":["M","M","M","?","M","R","E","?","T","E","T","M","?","M","R","B",null,"M","$","M","?","?","R","$","M","T","R","M","?","R","M"],"character_chosen":"IRONCLAD","items_purchased":["Sling","Fruit Juice"],"campfire_rested":3,"item_purchase_floors":[19,19],"current_hp_per_floor":[59,59,58,51,57,57,38,62,62,39,39,36,36,32,53,33,62,34,39,19,19,19,42,42,36,43,43,14,14,39,0],"gold":152,"neow_bonus":"THREE_RARE_CARDS","is_prod":false,"is_daily":false,"chose_seed":false,"campfire_upgraded":2,"win_rate":0,"timestamp":1545332711,"path_taken":["M","M","M","?","M","R","E","?","T","E","?","?","?","M","R","BOSS","M","$","M","?","?","R","$","M","T","R","?","?","R","M"],"build_version":"2018-12-13","purchased_purges":1,"victory":false,"max_hp_per_floor":[72,72,72,72,72,72,72,72,72,72,72,72,72,72,72,72,72,72,77,77,77,77,77,77,77,84,84,84,84,84,84],"card_choices":[{"not_picked":["Brutality","Demon Form"],"picked":"Limit Break","floor":0},{"not_picked":["Battle Trance","Clash"],"picked":"Rampage","floor":1},{"not_picked":["Feel No Pain","Body Slam"],"picked":"Burning Pact","floor":2},{"not_picked":["Anger","Rage"],"picked":"Headbutt","floor":3},{"not_picked":["Armaments","Wild Strike"],"picked":"Clothesline","floor":5},{"not_picked":["Iron Wave","Sever Soul","Clash"],"picked":"SKIP","floor":7},{"not_picked":["Anger","Armaments"],"picked":"Heavy Blade","floor":10},{"not_picked":["Blood for Blood","Thunderclap"],"picked":"Heavy Blade","floor":12},{"not_picked":["Fiend Fire","Twin Strike"],"picked":"Ghostly Armor","floor":14},{"not_picked":["Immolate","Bludgeon"],"picked":"Impervious","floor":16},{"not_picked":["Combust","Battle Trance"],"picked":"Whirlwind","floor":17},{"not_picked":["Sever Soul","Headbutt"],"picked":"Flex","floor":17},{"not_picked":["Ghostly Armor","Shrug It Off"],"picked":"Flex","floor":17},{"not_picked":["Intimidate","Flame Barrier"],"picked":"Headbutt","floor":17},{"not_picked":["True Grit","Intimidate"],"picked":"Battle Trance","floor":17},{"not_picked":["Havoc","Corruption","Anger"],"picked":"SKIP","floor":18},{"not_picked":["Power Through+1","Anger+1"],"picked":"Shrug It Off","floor":20},{"not_picked":["Body Slam","Brutality","Perfected Strike+1"],"picked":"SKIP","floor":25},{"not_picked":["Armaments","Anger"],"picked":"True Grit+1","floor":28}],"player_experience":615464,"relics_obtained":[{"floor":7,"key":"Sundial"},{"floor":9,"key":"Bag of Preparation"},{"floor":10,"key":"Bronze Scales"},{"floor":11,"key":"Dodecahedron"},{"floor":26,"key":"Strawberry"}],"event_choices":[{"cards_removed":["Bash"],"damage_healed":0,"gold_gain":0,"player_choice":"Card Removal","damage_taken":7,"max_hp_gain":0,"max_hp_loss":0,"event_name":"Golden Wing","floor":4,"gold_loss":0},{"damage_healed":24,"gold_gain":0,"player_choice":"Banana","damage_taken":0,"max_hp_gain":0,"max_hp_loss":0,"event_name":"Big Fish","floor":8,"gold_loss":0},{"damage_healed":0,"gold_gain":0,"player_choice":"Upgraded","damage_taken":0,"max_hp_gain":0,"max_hp_loss":0,"event_name":"Upgrade Shrine","floor":13,"gold_loss":0,"cards_upgraded":["Limit Break"]},{"damage_healed":0,"gold_gain":0,"player_choice":"Paid Fearfully","damage_taken":0,"max_hp_gain":0,"max_hp_loss":0,"event_name":"Masked Bandits","floor":21,"gold_loss":55},{"cards_removed":["Strike_R"],"damage_healed":0,"gold_gain":0,"player_choice":"Purged","damage_taken":0,"max_hp_gain":0,"max_hp_loss":0,"event_name":"Purifier","floor":22,"gold_loss":0},{"damage_healed":0,"gold_gain":99,"player_choice":"Stole From Cult","damage_taken":0,"max_hp_gain":0,"max_hp_loss":0,"event_name":"Nest","floor":29,"gold_loss":0}],"is_beta":false,"boss_relics":[{"not_picked":["Black Star","Calling Bell"],"picked":"Orrery"}],"items_purged_floors":[19],"is_endless":false,"potions_floor_spawned":[1,3,10,14,18,20,25,28],"killed_by":"3 Cultists","ascension_level":8}