{"gold_per_floor":[116,116,127,127,146,146,166,166,166,166,47,47,63,88,88,177,177,202,202,162,162,34,34],"floor_reached":23,"playtime":765,"items_purged":["Strike_G","Survivor"],"score":353,"play_id":"62572f04-e48d-4068-8ca6-78363b837570","local_time":"20190311173932","is_ascension_mode":true,"campfire_choices":[{"data":"Venomology","floor":6,"key":"SMITH"},{"data":"Cloak And Dagger","floor":8,"key":"SMITH"},{"data":"Noxious Fumes","floor":12,"key":"SMITH"},{"floor":15,"key":"REST"}],"neow_cost":"NONE","seed_source_timestamp":432248406082922,"circlet_count":0,"master_deck":["AscendersBane","Defend_G+1","Defend_G+1","Defend_G+1","Strike_G+1","Strike_G+1","Strike_G+1","Neutralize+1","Bane","Venomology+1","Cloak And Dagger+1","Noxious Fumes+1","Dagger Spray","Backflip","PiercingWail+1","Deadly Poison"],"relics":["Ring of the Snake","Omamori","Sundial","Golden Idol","Empty Cage","Girya"],"potions_floor_usage":[13,14,14,16,18,20,20,23],"damage_taken":[{"damage":1,"enemies":"Jaw Worm","floor":1,"turns":6},{"damage":7,"enemies":"Small Slimes","floor":3,"turns":4},{"damage":0,"enemies":"2 Louse","floor":5,"turns":4},{"damage":24,"enemies":"Large Slime","floor":7,"turns":11},{"damage":5,"enemies":"2 Fungi Beasts","floor":13,"turns":3},{"damage":6,"enemies":"Exordium Wildlife","floor":14,"turns":4},{"damage":33,"enemies":"Hexaghost","floor":16,"turns":10},{"damage":32,"enemies":"3 Byrds","floor":18,"turns":5},{"damage":0,"enemies":"2 Thieves","floor":20,"turns":2},{"damage":20,"enemies":"Gremlin Leader","floor":23,"turns":5}],"seed_played":"1104461461429805230","potions_obtained":[{"floor":3,"key":"GamblersBrew"},{"floor":5,"key":"FairyPotion"},{"floor":18,"key":"SkillPotion"}],"is_trial":false,"path_per_floor":["M","?","M","?","M","R","M","R","T","?","$","R","M","M","R","B",null,"M","?","M","?","$","E"],"character_chosen":"THE_SILENT","items_purchased":["Noxious Fumes","Deadly Poison"],"campfire_rested":1,"item_purchase_floors":[11,22],"current_hp_per_floor":[58,51,44,44,44,44,20,20,20,20,20,20,15,9,27,1,45,13,13,13,13,13,0],"gold":34,"neow_bonus":"RANDOM_COMMON_RELIC","is_prod":false,"is_daily":false,"chose_seed":false,"campfire_upgraded":3,"win_rate":0,"timestamp":1552322372,"path_taken":["M","?","M","?","M","R","M","R","T","?","$","R","M","M","R","BOSS","M","?","M","?","$","E"],"build_version":"2019-01-23","purchased_purges":2,"victory":false,"max_hp_per_floor":[66,66,66,66,66,66,66,66,66,60,60,60,60,60,60,60,60,60,60,60,60,60,60],"card_choices":[{"not_picked":["Blade Dance","Outmaneuver","Distraction"],"picked":"SKIP","floor":1},{"not_picked":["Quick Slash","Dagger Throw"],"picked":"Bane","floor":3},{"not_picked":["Setup","Heel Hook"],"picked":"Venomology","floor":5},{"not_picked":["Concentrate","Flying Knee"],"picked":"Cloak And Dagger","floor":7},{"not_picked":["Cloak And Dagger","Expertise"],"picked":"Dagger Spray","floor":13},{"not_picked":["Flying Knee","Dodge and Roll"],"picked":"Backflip","floor":14},{"not_picked":["Bane","Dagger Throw"],"picked":"PiercingWail+1","floor":18}],"player_experience":968436,"relics_obtained":[{"floor":9,"key":"Sundial"}],"event_choices":[{"cards_removed":["Defend_G"],"damage_healed":0,"gold_gain":0,"player_choice":"Card Removal","damage_taken":7,"max_hp_gain":0,"max_hp_loss":0,"event_name":"Golden Wing","floor":2,"gold_loss":0},{"damage_healed":0,"gold_gain":0,"player_choice":"Grow","damage_taken":0,"max_hp_gain":0,"max_hp_loss":0,"event_name":"Living Wall","floor":4,"gold_loss":0,"cards_upgraded":["Neutralize"]},{"damage_healed":0,"gold_gain":0,"player_choice":"Lose Max HP","damage_taken":0,"relics_obtained":["Golden Idol"],"max_hp_gain":0,"max_hp_loss":6,"event_name":"Golden Idol","floor":10,"gold_loss":0},{"damage_healed":0,"gold_gain":0,"player_choice":"Simplicity","damage_taken":0,"max_hp_gain":0,"max_hp_loss":0,"event_name":"Back to Basics","floor":19,"gold_loss":0,"cards_upgraded":["Defend_G","Defend_G","Defend_G","Strike_G","Strike_G","Strike_G"]},{"damage_healed":0,"gold_gain":0,"player_choice":"Opened","damage_taken":0,"relics_obtained":["Girya"],"max_hp_gain":0,"max_hp_loss":0,"event_name":"The Mausoleum","floor":21,"gold_loss":0,"cards_obtained":["Writhe"]}],"is_beta":false,"boss_relics":[{"not_picked":["White Beast Statue","Velvet Choker"],"picked":"Empty Cage"}],"items_purged_floors":[11,22],"is_endless":false,"potions_floor_spawned":[3,5,18],"killed_by":"Gremlin Leader","ascension_level":19}