{"gold_per_floor":[118,2,2,15,26,60,60,60,83,113,113,140,154,164,164,259,259,272,44,58,75,75,75,100,118,118,135,148,73,73,103,103,199,199,211,35,45,61,81,81,81],"floor_reached":41,"playtime":3657,"items_purged":["Strike_B","Clumsy"],"score":520,"play_id":"29503558-0983-4170-af13-c4cb51e71d65","local_time":"20180718233710","is_ascension_mode":false,"campfire_choices":[{"data":"Electrodynamics","floor":7,"key":"SMITH"},{"data":"Auto Shields","floor":11,"key":"SMITH"},{"floor":15,"key":"REST"},{"floor":23,"key":"REST"},{"floor":32,"key":"REST"},{"data":"Storm","floor":40,"key":"SMITH"}],"neow_cost":"CURSE","seed_source_timestamp":0,"circlet_count":0,"master_deck":["Strike_B","Strike_B+1","Defend_B","Defend_B","Defend_B","Defend_B","Zap","Dualcast+1","Electrodynamics+1","Auto Shields+1","Static Discharge","Redo","Conserve Battery+1","Leap","Storm+1","Steam","Redo+1","Seek","BootSequence+1","White Noise","Steam","Conserve Battery","Gash","Hello World","BootSequence","Steam","Rip and Tear+1","Biased Cognition","Biased Cognition","Melter+1","Conserve Battery","Gash","Steam","Hello World"],"special_seed":17731,"relics":["Cracked Core","Centennial Puzzle","Calipers","Happy Flower","Oddly Smooth Stone","Shuriken","Nuclear Battery","Bronze Scales","War Paint","Mango","Cursed Key","Anchor"],"potions_floor_usage":[6,12,16,24,24,24,24,24,24,24,33,33,33],"damage_taken":[{"damage":6,"enemies":"2 Louse","floor":1,"turns":3},{"damage":1,"enemies":"Jaw Worm","floor":4,"turns":3},{"damage":1,"enemies":"Cultist","floor":5,"turns":3},{"damage":0,"enemies":"3 Sentries","floor":6,"turns":4},{"damage":3,"enemies":"Gremlin Nob","floor":12,"turns":4},{"damage":0,"enemies":"2 Fungi Beasts","floor":13,"turns":2},{"damage":0,"enemies":"Large Slime","floor":14,"turns":3},{"damage":36,"enemies":"The Guardian","floor":16,"turns":10},{"damage":4,"enemies":"2 Thieves","floor":18,"turns":3},{"damage":2,"enemies":"Shell Parasite","floor":20,"turns":4},{"damage":0,"enemies":"Snecko","floor":21,"turns":5},{"damage":4,"enemies":"Slavers","floor":24,"turns":3},{"damage":0,"enemies":"Centurion and Healer","floor":25,"turns":5},{"damage":15,"enemies":"Sentry and Sphere","floor":27,"turns":3},{"damage":19,"enemies":"Snecko","floor":28,"turns":4},{"damage":18,"enemies":"Gremlin Leader","floor":31,"turns":6},{"damage":44,"enemies":"Collector","floor":33,"turns":7},{"damage":0,"enemies":"3 Shapes","floor":35,"turns":3},{"damage":0,"enemies":"Flame Bruiser 1 Orb","floor":37,"turns":4},{"damage":7,"enemies":"Sphere and 2 Shapes","floor":38,"turns":4},{"damage":12,"enemies":"3 Darklings","floor":39,"turns":6},{"damage":75,"enemies":"Giant Head","floor":41,"turns":8}],"seed_played":"-3692985004623791933","potions_obtained":[{"floor":1,"key":"Regen Potion"},{"floor":6,"key":"Weak Potion"},{"floor":13,"key":"EssenceOfSteel"},{"floor":14,"key":"LiquidBronze"},{"floor":16,"key":"FocusPotion"},{"floor":21,"key":"EntropicBrew"},{"floor":27,"key":"Poison Potion"},{"floor":28,"key":"Fire Potion"},{"floor":33,"key":"LiquidBronze"},{"floor":38,"key":"Fire Potion"},{"floor":39,"key":"Energy Potion"}],"is_trial":false,"path_per_floor":["M","$","?","M","M","E","R","?","T","?","R","E","M","M","R","B",null,"M","$","M","M","?","R","E","M","T","M","M","?","?","E","R","B",null,"M","$","M","M","M","R"],"character_chosen":"DEFECT","items_purchased":["Static Discharge","White Noise","Steam","Anchor","Conserve Battery"],"campfire_rested":3,"item_purchase_floors":[2,19,19,36,36],"current_hp_per_floor":[69,69,54,53,52,64,64,57,57,57,57,54,54,54,75,39,75,71,71,69,69,55,79,75,75,75,60,41,41,41,37,65,21,94,94,94,94,87,75,75,0],"gold":81,"neow_bonus":"THREE_RARE_CARDS","is_prod":false,"is_daily":false,"chose_seed":false,"campfire_upgraded":3,"win_rate":0,"timestamp":1531975030,"path_taken":["M","$","?","?","M","E","R","?","T","?","R","E","M","M","R","BOSS","M","$","M","M","?","R","E","?","T","M","?","?","?","E","R","BOSS","M","$","?","M","M","R","E"],"build_version":"2018-07-12","purchased_purges":2,"victory":false,"max_hp_per_floor":[75,75,75,75,75,75,75,75,75,75,75,75,75,75,75,75,75,75,75,75,75,80,80,80,80,80,80,80,80,80,94,94,94,94,94,94,94,94,94,94,94],"card_choices":[{"not_picked":["Creative AI","Biased Cognition"],"picked":"Electrodynamics","floor":0},{"not_picked":["Streamline","Conserve Battery"],"picked":"Auto Shields","floor":1},{"not_picked":["Coolheaded","Doom and Gloom"],"picked":"Redo","floor":4},{"not_picked":["Rebound","Stack"],"picked":"Conserve Battery","floor":5},{"not_picked":["Compile Driver","Cold Snap"],"picked":"Leap","floor":6},{"not_picked":["Go for the Eyes","Consume"],"picked":"Storm","floor":12},{"not_picked":["Hologram","Turbo"],"picked":"Steam","floor":13},{"not_picked":["Chaos","Hologram"],"picked":"Redo","floor":14},{"not_picked":["Hyperbeam","Meteor Strike"],"picked":"Seek","floor":16},{"not_picked":["Leap","Sweeping Beam"],"picked":"BootSequence+1","floor":18},{"not_picked":["Loop+1","Skim"],"picked":"Conserve Battery","floor":20},{"not_picked":["Sweeping Beam","Stack"],"picked":"Gash","floor":21},{"not_picked":["Echo Form","Cold Snap+1"],"picked":"Hello World","floor":24},{"not_picked":["Loop","Turbo+1"],"picked":"BootSequence","floor":25},{"not_picked":["Sweeping Beam","Recycle"],"picked":"Steam","floor":27},{"not_picked":["Cold Snap+1","Beam Cell"],"picked":"Rip and Tear+1","floor":28},{"not_picked":["Turbo+1","Blizzard+1"],"picked":"Biased Cognition","floor":31},{"not_picked":["Buffer","Echo Form"],"picked":"Biased Cognition","floor":33},{"not_picked":["Conserve Battery","Streamline"],"picked":"Melter+1","floor":35},{"not_picked":["Auto Shields+1","Cold Snap+1"],"picked":"Gash","floor":37},{"not_picked":["Ball Lightning","Go for the Eyes+1"],"picked":"Steam","floor":38},{"not_picked":["Go for the Eyes","Rebound"],"picked":"Hello World","floor":39}],"player_experience":19825,"relics_obtained":[{"floor":6,"key":"Centennial Puzzle"},{"floor":9,"key":"Happy Flower"},{"floor":12,"key":"Shuriken"},{"floor":24,"key":"Bronze Scales"},{"floor":26,"key":"War Paint"},{"floor":31,"key":"Mango"}],"event_choices":[{"event_name":"Shining Light","player_choice":"Entered Light","floor":3,"damage_taken":0},{"event_name":"Scrap Ooze","player_choice":"success","floor":8,"damage_taken":7},{"event_name":"Dead Adventurer","player_choice":"Searched \u00272\u0027 times","floor":10,"damage_taken":0},{"event_name":"Forgotten Altar","player_choice":"Shed Blood","floor":22,"damage_taken":0},{"event_name":"Beggar","player_choice":"Gave Gold","floor":29,"damage_taken":0},{"event_name":"Addict","player_choice":"Ignored","floor":30,"damage_taken":0}],"boss_relics":[{"not_picked":["Empty Cage","Philosopher\u0027s Stone"],"picked":"Nuclear Battery"},{"not_picked":["Runic Dome","Coffee Dripper"],"picked":"Cursed Key"}],"items_purged_floors":[2,19],"is_endless":false,"potions_floor_spawned":[1,6,13,14,16,21,27,28,33,38,39],"killed_by":"Giant Head","ascension_level":0}