{"gold_per_floor":[11,21,35,35,110,110,140,158,158,158,158],"floor_reached":11,"playtime":241,"items_purged":[],"score":73,"play_id":"e1d85173-edb8-4596-a7b5-a9add2bb2e48","local_time":"20190221205912","is_ascension_mode":false,"campfire_choices":[{"data":"Strike_R","floor":6,"key":"PURGE"},{"floor":10,"key":"REST"}],"neow_cost":"NO_GOLD","seed_source_timestamp":132625260262914,"circlet_count":0,"master_deck":["Strike_R","Strike_R","Strike_R","Strike_R","Defend_R","Defend_R","Defend_R","Defend_R","Bash","Body Slam","Spot Weakness","Body Slam"],"relics":["Burning Blood","Peace Pipe","Potion Belt","Gremlin Horn"],"potions_floor_usage":[7],"damage_taken":[{"damage":2,"enemies":"2 Louse","floor":1,"turns":3},{"damage":0,"enemies":"Small Slimes","floor":2,"turns":3},{"damage":1,"enemies":"Jaw Worm","floor":3,"turns":3},{"damage":57,"enemies":"Lagavulin","floor":7,"turns":10},{"damage":13,"enemies":"Red Slaver","floor":8,"turns":4},{"damage":30,"enemies":"Gremlin Nob","floor":11,"turns":5}],"seed_played":"7508195343939526839","potions_obtained":[{"floor":2,"key":"Fire Potion"}],"is_trial":false,"path_per_floor":["M","M","M","$","?","R","E","M","T","R","E"],"character_chosen":"IRONCLAD","items_purchased":[],"campfire_rested":1,"item_purchase_floors":[],"current_hp_per_floor":[80,80,80,80,69,69,18,11,11,35,5],"gold":158,"neow_bonus":"ONE_RARE_RELIC","is_prod":false,"is_daily":false,"chose_seed":false,"campfire_upgraded":0,"win_rate":0,"timestamp":1550818752,"path_taken":["M","M","M","$","?","R","E","M","T","R","E"],"build_version":"2019-01-23","purchased_purges":0,"victory":false,"max_hp_per_floor":[80,80,80,80,80,80,80,80,80,80,80],"card_choices":[{"not_picked":["Thunderclap","Pommel Strike"],"picked":"Body Slam","floor":1},{"not_picked":["Havoc","Thunderclap","Pommel Strike"],"picked":"SKIP","floor":2},{"not_picked":["Cleave","Bloodletting","Infernal Blade"],"picked":"SKIP","floor":3},{"not_picked":["Evolve","Metallicize"],"picked":"Spot Weakness","floor":7},{"not_picked":["Twin Strike","Iron Wave"],"picked":"Body Slam","floor":8}],"player_experience":461424,"relics_obtained":[{"floor":7,"key":"Potion Belt"},{"floor":9,"key":"Gremlin Horn"}],"event_choices":[{"damage_healed":0,"gold_gain":75,"player_choice":"Gather Gold","damage_taken":11,"max_hp_gain":0,"max_hp_loss":0,"event_name":"World of Goop","floor":5,"gold_loss":0}],"is_beta":false,"boss_relics":[],"items_purged_floors":[],"is_endless":false,"potions_floor_spawned":[2],"killed_by":"Gremlin Nob","ascension_level":0}