{"gold_per_floor":[118,118,118,293,311,336,336,79,103,103,23,37,49,81,81,81],"floor_reached":16,"playtime":1425,"items_purged":["Doubt","Strike_G"],"score":153,"play_id":"f4aba401-554f-499e-b9da-dde7d00b79c3","local_time":"20190307033546","is_ascension_mode":true,"campfire_choices":[{"data":"Dodge and Roll","floor":7,"key":"SMITH"},{"data":"Neutralize","floor":10,"key":"SMITH"},{"floor":15,"key":"REST"}],"neow_cost":"NONE","seed_source_timestamp":217557095450297,"circlet_count":0,"master_deck":["Defend_G","Defend_G","Defend_G","Defend_G","Defend_G","Strike_G","Strike_G","Strike_G","Strike_G","Survivor","Neutralize+1","Dodge and Roll+1","Cloak And Dagger","Escape Plan","Blur","Leg Sweep"],"relics":["Ring of the Snake","NeowsBlessing","The Courier","Art of War","Paper Crane","Lantern","Regal Pillow"],"potions_floor_usage":[14,14,16],"damage_taken":[{"damage":0,"enemies":"Small Slimes","floor":1,"turns":1},{"damage":0,"enemies":"2 Louse","floor":5,"turns":1},{"damage":0,"enemies":"Lagavulin","floor":6,"turns":1},{"damage":0,"enemies":"Jaw Worm","floor":12,"turns":5},{"damage":0,"enemies":"Exordium Thugs","floor":13,"turns":7},{"damage":43,"enemies":"3 Sentries","floor":14,"turns":28},{"damage":69,"enemies":"Hexaghost","floor":16,"turns":23}],"seed_played":"-6715851072467349754","potions_obtained":[{"floor":5,"key":"GamblersBrew"},{"floor":12,"key":"SteroidPotion"},{"floor":14,"key":"EssenceOfSteel"}],"is_trial":false,"path_per_floor":["M","?","?","?","M","E","R","$","T","R","$","M","M","E","R","B"],"character_chosen":"THE_SILENT","items_purchased":["Paper Crane"],"campfire_rested":1,"item_purchase_floors":[8],"current_hp_per_floor":[70,67,72,72,72,72,72,72,72,72,72,72,72,29,66,0],"gold":81,"neow_bonus":"THREE_ENEMY_KILL","is_prod":false,"is_daily":false,"chose_seed":false,"campfire_upgraded":2,"win_rate":0,"timestamp":1551951346,"path_taken":["M","?","?","?","M","E","R","$","T","R","$","M","?","E","R","BOSS"],"build_version":"2019-01-23","purchased_purges":2,"victory":false,"max_hp_per_floor":[70,70,75,75,75,75,75,75,75,75,75,75,75,75,75,75],"card_choices":[{"not_picked":["Bane","Acrobatics"],"picked":"Dodge and Roll","floor":1},{"not_picked":["Flying Knee","Riddle With Holes"],"picked":"Cloak And Dagger","floor":5},{"not_picked":["Underhanded Strike","Wraith Form v2"],"picked":"Escape Plan","floor":6},{"not_picked":["Slice","Poisoned Stab","Sucker Punch"],"picked":"SKIP","floor":12},{"not_picked":["Outmaneuver","Acrobatics"],"picked":"Blur","floor":13},{"not_picked":["Setup","Flying Knee"],"picked":"Leg Sweep","floor":14}],"player_experience":195748,"relics_obtained":[{"floor":6,"key":"Art of War"},{"floor":9,"key":"Lantern"},{"floor":14,"key":"Regal Pillow"}],"event_choices":[{"damage_healed":0,"gold_gain":0,"player_choice":"Success","damage_taken":3,"relics_obtained":["The Courier"],"max_hp_gain":0,"max_hp_loss":0,"event_name":"Scrap Ooze","floor":2,"gold_loss":0},{"damage_healed":0,"gold_gain":0,"player_choice":"Donut","damage_taken":0,"max_hp_gain":5,"max_hp_loss":0,"event_name":"Big Fish","floor":3,"gold_loss":0},{"damage_healed":0,"gold_gain":175,"player_choice":"AGREE","damage_taken":0,"max_hp_gain":0,"max_hp_loss":0,"event_name":"Liars Game","floor":4,"gold_loss":0,"cards_obtained":["Doubt"]}],"is_beta":false,"boss_relics":[],"items_purged_floors":[8,11],"is_endless":false,"potions_floor_spawned":[5,12,14],"killed_by":"Hexaghost","ascension_level":3}