{"gold_per_floor":[114,189,189,212,212,212,253,253,279,298,298,372,387,37,37,135,135,151,175,213,138,138],"floor_reached":22,"playtime":839,"items_purged":["Strike_G"],"score":346,"play_id":"1d150bb5-6aab-41ab-bd83-72214fea540f","local_time":"20190308102030","is_ascension_mode":true,"campfire_choices":[{"data":"Neutralize","floor":6.0,"key":"SMITH"},{"floor":8.0,"key":"REST"},{"data":"Bouncing Flask","floor":11.0,"key":"SMITH"},{"data":"Footwork","floor":15.0,"key":"SMITH"}],"neow_cost":"NONE","seed_source_timestamp":146351193718629,"circlet_count":0,"master_deck":["AscendersBane","Defend_G","Defend_G","Defend_G","Defend_G","Defend_G","Strike_G","Strike_G","Strike_G","Strike_G","Survivor","Neutralize+1","Crippling Poison","Deadly Poison","Bouncing Flask+1","PiercingWail","Bane","Deadly Poison","Footwork+1","Wraith Form v2","Noxious Fumes"],"special_seed":0,"relics":["Ring of the Snake","Centennial Puzzle","Golden Idol","Shuriken","Boot","Bag of Marbles","Pantograph","Busted Crown","Red Mask"],"potions_floor_usage":[],"damage_taken":[{"damage":0.0,"enemies":"2 Louse","floor":1.0,"turns":5.0},{"damage":0.0,"enemies":"Small Slimes","floor":4.0,"turns":4.0},{"damage":43.0,"enemies":"Gremlin Nob","floor":7.0,"turns":5.0},{"damage":0.0,"enemies":"Cultist","floor":10.0,"turns":3.0},{"damage":18.0,"enemies":"3 Sentries","floor":12.0,"turns":8.0},{"damage":1.0,"enemies":"3 Louse","floor":13.0,"turns":3.0},{"damage":14.0,"enemies":"Hexaghost","floor":16.0,"turns":9.0},{"damage":13.0,"enemies":"3 Byrds","floor":18.0,"turns":5.0},{"damage":0.0,"enemies":"Spheric Guardian","floor":19.0,"turns":2.0},{"damage":26.0,"enemies":"Masked Bandits","floor":20.0,"turns":5.0},{"damage":17,"enemies":"Shelled Parasite and Fungi","floor":22,"turns":3}],"seed_played":"4604598147423467866","potions_obtained":[{"floor":1.0,"key":"PowerPotion"},{"floor":7.0,"key":"Fire Potion"},{"floor":16.0,"key":"Weak Potion"},{"floor":18.0,"key":"Swift Potion"}],"is_trial":false,"path_per_floor":["M","?","?","M","?","R","E","R","T","M","R","?","M","$","R","B",null,"M","M","?","$","M"],"character_chosen":"THE_SILENT","items_purchased":["Footwork","Pantograph"],"campfire_rested":1,"item_purchase_floors":[14,14],"current_hp_per_floor":[59,48,48,48,60,60,17,35,35,35,35,17,16,16,16,27,52,39,39,13,13,0],"gold":138,"neow_bonus":"RANDOM_COMMON_RELIC","is_prod":false,"is_daily":false,"chose_seed":false,"campfire_upgraded":3,"win_rate":0,"timestamp":1552036830,"path_taken":["M","?","?","M","?","R","E","R","T","M","R","?","M","$","R","BOSS","M","M","?","$","M"],"build_version":"2019-01-23","purchased_purges":1,"victory":false,"max_hp_per_floor":[66,66,60,60,60,60,60,60,60,60,60,60,60,60,60,60,60,60,60,60,60,60],"card_choices":[{"not_picked":["Setup","PiercingWail"],"picked":"Crippling Poison","floor":1.0},{"not_picked":["Dagger Spray","Flying Knee"],"picked":"Deadly Poison","floor":4.0},{"not_picked":["Choke","Dagger Throw"],"picked":"Bouncing Flask","floor":7.0},{"not_picked":["Underhanded Strike","Caltrops"],"picked":"PiercingWail","floor":10.0},{"not_picked":["Setup","Tactician"],"picked":"Bane","floor":12.0},{"not_picked":["Flying Knee","Predator"],"picked":"Deadly Poison","floor":13.0},{"not_picked":["A Thousand Cuts","Venomology"],"picked":"Wraith Form v2","floor":16.0},{"not_picked":["Underhanded Strike"],"picked":"SKIP","floor":18.0},{"not_picked":[],"picked":"Noxious Fumes","floor":19.0}],"player_experience":932428,"relics_obtained":[{"floor":7.0,"key":"Shuriken"},{"floor":9.0,"key":"Boot"},{"floor":12.0,"key":"Bag of Marbles"},{"floor":20.0,"key":"Red Mask"}],"event_choices":[{"damage_healed":0.0,"max_hp_gain":0.0,"max_hp_loss":0.0,"gold_gain":75.0,"event_name":"World of Goop","player_choice":"Gather Gold","floor":2.0,"gold_loss":0.0,"damage_taken":11.0},{"damage_healed":0.0,"max_hp_gain":0.0,"max_hp_loss":6.0,"gold_gain":0.0,"event_name":"Golden Idol","player_choice":"Lose Max HP","floor":3.0,"gold_loss":0.0,"damage_taken":0.0,"relics_obtained":["Golden Idol"]},{"damage_healed":20.0,"max_hp_gain":0.0,"max_hp_loss":0.0,"gold_gain":0.0,"event_name":"Big Fish","player_choice":"Banana","floor":5.0,"gold_loss":0.0,"damage_taken":0.0},{"damage_healed":0.0,"max_hp_gain":0.0,"max_hp_loss":0.0,"gold_gain":0.0,"event_name":"Dead Adventurer","player_choice":"Searched \u00272\u0027 times","floor":12.0,"gold_loss":0.0,"damage_taken":0.0},{"damage_healed":0.0,"max_hp_gain":0.0,"max_hp_loss":0.0,"gold_gain":0.0,"event_name":"Masked Bandits","player_choice":"Fought Bandits","floor":20.0,"gold_loss":0.0,"damage_taken":0.0}],"is_beta":false,"boss_relics":[{"not_picked":["Runic Dome","Pandora\u0027s Box"],"picked":"Busted Crown"}],"items_purged_floors":[21],"is_endless":false,"potions_floor_spawned":[1,7,16,18],"killed_by":"Shelled Parasite and Fungi","ascension_level":18}