{"gold_per_floor":[114,114,130,25,43,75,29,60,128,142,173,173,189,199,199,301,301,311,311,221,107,117,117,146,146,146,146,158,173,173,73,73,175,175,195,212,87,87,98,98,130,149,227,207,207,241,91,101,101,101],"floor_reached":51,"playtime":7748,"items_purged":["Tactician","Defend_G","Defend_G","Bullet Time+1"],"score":992,"play_id":"1bb1d37a-a4fd-4b0b-ace6-6e8d1295166c","local_time":"20190301215533","is_ascension_mode":true,"campfire_choices":[{"floor":12.0,"key":"REST"},{"floor":15.0,"key":"REST"},{"data":"Bouncing Flask","floor":23.0,"key":"SMITH"},{"data":"Footwork","floor":25.0,"key":"SMITH"},{"data":"Blur","floor":27.0,"key":"SMITH"},{"floor":30.0,"key":"REST"},{"floor":32.0,"key":"REST"},{"floor":40.0,"key":"REST"},{"floor":45.0,"key":"REST"},{"floor":49,"key":"REST"}],"neow_cost":"NONE","seed_source_timestamp":0,"circlet_count":0,"master_deck":["Defend_G","Defend_G","Defend_G","Survivor","Neutralize","Acrobatics","Dash","Footwork+1","Blur+1","Blur+1","Backflip","Concentrate","Calculated Gamble","Bouncing Flask+1","Cloak And Dagger","Burst","Tactician+1","Backflip+1","Noxious Fumes+1","Deadly Poison","Catalyst+1","Well Laid Plans+1","Adrenaline"],"special_seed":0,"relics":["Ring of the Snake","NeowsBlessing","Pocketwatch","Happy Flower","Ornamental Fan","Frozen Egg 2","Astrolabe","Mercury Hourglass","Calipers","Fusion Hammer","Du-Vu Doll","Prayer Wheel","Sundial","Ancient Tea Set"],"potions_floor_usage":[46,46,46,46,46,48,50],"damage_taken":[{"damage":0.0,"enemies":"Cultist","floor":1.0,"turns":1.0},{"damage":0.0,"enemies":"Small Slimes","floor":3.0,"turns":1.0},{"damage":0.0,"enemies":"Jaw Worm","floor":5.0,"turns":1.0},{"damage":16.0,"enemies":"Gremlin Nob","floor":6.0,"turns":6.0},{"damage":8.0,"enemies":"Lagavulin","floor":8.0,"turns":13.0},{"damage":0.0,"enemies":"Red Slaver","floor":10.0,"turns":4.0},{"damage":75.0,"enemies":"Gremlin Nob","floor":11.0,"turns":7.0},{"damage":4.0,"enemies":"Lots of Slimes","floor":13.0,"turns":6.0},{"damage":3.0,"enemies":"2 Fungi Beasts","floor":14.0,"turns":5.0},{"damage":0.0,"enemies":"The Guardian","floor":16.0,"turns":11.0},{"damage":10.0,"enemies":"Shell Parasite","floor":18.0,"turns":7.0},{"damage":19.0,"enemies":"3 Byrds","floor":22.0,"turns":5.0},{"damage":8.0,"enemies":"Book of Stabbing","floor":24.0,"turns":7.0},{"damage":6.0,"enemies":"Centurion and Healer","floor":28.0,"turns":9.0},{"damage":10.0,"enemies":"Cultist and Chosen","floor":29.0,"turns":5.0},{"damage":0.0,"enemies":"Champ","floor":33.0,"turns":6.0},{"damage":43.0,"enemies":"3 Shapes","floor":35.0,"turns":4.0},{"damage":0.0,"enemies":"Orb Walker","floor":36.0,"turns":3.0},{"damage":0.0,"enemies":"Maw","floor":39.0,"turns":5.0},{"damage":0.0,"enemies":"Giant Head","floor":41.0,"turns":8.0},{"damage":0.0,"enemies":"Sphere and 2 Shapes","floor":42.0,"turns":5.0},{"damage":55,"enemies":"Reptomancer","floor":46,"turns":4},{"damage":10,"enemies":"Jaw Worm Horde","floor":48,"turns":4},{"damage":0,"enemies":"Time Eater","floor":50,"turns":5}],"seed_played":"-8043008490925494721","potions_obtained":[{"floor":1.0,"key":"Fire Potion"},{"floor":8.0,"key":"FairyPotion"},{"floor":10.0,"key":"Swift Potion"},{"floor":11.0,"key":"Block Potion"},{"floor":13.0,"key":"Weak Potion"},{"floor":24.0,"key":"Block Potion"},{"floor":29.0,"key":"AttackPotion"},{"floor":33.0,"key":"EntropicBrew"},{"floor":35.0,"key":"Swift Potion"},{"floor":41.0,"key":"FearPotion"},{"floor":44.0,"key":"EntropicBrew"},{"floor":46,"key":"AttackPotion"}],"is_trial":false,"path_per_floor":["M","?","M","$","M","E","$","E","T","M","E","R","M","M","R","B",null,"M","?","?","$","M","R","E","R","T","R","M","M","R","$","R","B",null,"M","M","$","T","M","R","E","M","T","?","R","E","$","M","R","B",null],"character_chosen":"THE_SILENT","items_purchased":["Footwork","Blur","Backflip","Noxious Fumes+1"],"campfire_rested":7,"item_purchase_floors":[4,4,7,21],"current_hp_per_floor":[70,70,70,70,70,54,54,46,46,46,7,28,24,21,42,42,70,60,60,60,60,41,41,33,33,33,33,27,17,38,38,59,59,70,27,27,27,27,27,48,48,48,48,48,69,14,14,4,25,25],"gold":101,"neow_bonus":"THREE_ENEMY_KILL","is_prod":false,"is_daily":false,"chose_seed":false,"campfire_upgraded":3,"win_rate":0,"timestamp":1551498933,"path_taken":["M","?","M","$","?","E","$","E","T","M","E","R","M","M","R","BOSS","M","?","?","$","M","R","E","R","T","R","?","M","R","$","R","BOSS","M","M","$","?","M","R","E","M","T","?","R","E","$","?","R","BOSS"],"build_version":"2019-01-23","purchased_purges":4,"victory":true,"max_hp_per_floor":[70,70,70,70,70,70,70,70,70,70,70,70,70,70,70,70,70,70,70,70,70,70,70,70,70,70,70,70,70,70,70,70,70,70,70,70,70,70,70,70,70,70,70,70,70,70,70,70,70,70],"card_choices":[{"not_picked":["Heel Hook","Bouncing Flask"],"picked":"Acrobatics","floor":1.0},{"not_picked":["Dodge and Roll","Dagger Throw"],"picked":"Dash","floor":3.0},{"not_picked":["Heel Hook","Slice","Accuracy"],"picked":"SKIP","floor":5.0},{"not_picked":["Prepared","Infinite Blades"],"picked":"Blur","floor":6.0},{"not_picked":["Expertise","Setup"],"picked":"Concentrate","floor":8.0},{"not_picked":["Skewer","Dagger Throw"],"picked":"Tactician","floor":10.0},{"not_picked":["Infinite Blades","Distraction"],"picked":"Calculated Gamble","floor":11.0},{"not_picked":["Prepared","Reflex"],"picked":"Bouncing Flask","floor":13.0},{"not_picked":["Eviscerate","All Out Attack"],"picked":"Cloak And Dagger","floor":14.0},{"not_picked":["Phantasmal Killer","Grand Finale"],"picked":"Burst","floor":16.0},{"not_picked":["Outmaneuver","Dodge and Roll"],"picked":"Backflip+1","floor":18.0},{"not_picked":["Flying Knee","Underhanded Strike"],"picked":"Deadly Poison","floor":22.0},{"not_picked":["Dodge and Roll","Eviscerate","Blur"],"picked":"SKIP","floor":24.0},{"not_picked":["Endless Agony","Setup+1"],"picked":"Catalyst+1","floor":28.0},{"not_picked":["Deadly Poison+1","Accuracy+1","Acrobatics"],"picked":"SKIP","floor":29.0},{"not_picked":["Bane","Flying Knee","PiercingWail"],"picked":"SKIP","floor":35.0},{"not_picked":["Blur","Dagger Spray","Sucker Punch"],"picked":"SKIP","floor":36.0},{"not_picked":["Infinite Blades+1","Poisoned Stab"],"picked":"Well Laid Plans+1","floor":39.0},{"not_picked":["Deadly Poison+1","Noxious Fumes+1","Tactician+1"],"picked":"SKIP","floor":41.0},{"not_picked":["Quick Slash","Expertise","Finisher+1"],"picked":"SKIP","floor":42.0},{"not_picked":["Backflip","Reflex","Flying Knee"],"picked":"SKIP","floor":42.0},{"not_picked":["Masterful Stab+1","Dodge and Roll+1"],"picked":"Adrenaline","floor":46},{"not_picked":["Infinite Blades+1","Flying Knee","Crippling Poison+1"],"picked":"SKIP","floor":48},{"not_picked":["Deflect","Bane","Blade Dance"],"picked":"SKIP","floor":48}],"player_experience":127490,"relics_obtained":[{"floor":6.0,"key":"Pocketwatch"},{"floor":8.0,"key":"Happy Flower"},{"floor":9.0,"key":"Ornamental Fan"},{"floor":11.0,"key":"Frozen Egg 2"},{"floor":24.0,"key":"Mercury Hourglass"},{"floor":26.0,"key":"Calipers"},{"floor":38.0,"key":"Du-Vu Doll"},{"floor":41.0,"key":"Prayer Wheel"},{"floor":43.0,"key":"Sundial"},{"floor":46,"key":"Ancient Tea Set"}],"event_choices":[{"cards_removed":["Strike_G"],"damage_healed":0.0,"max_hp_gain":0.0,"max_hp_loss":0.0,"gold_gain":0.0,"event_name":"Bonfire Elementals","player_choice":"Offered Basic","floor":2.0,"gold_loss":0.0,"damage_taken":0.0},{"cards_removed":["Strike_G"],"damage_healed":0.0,"max_hp_gain":0.0,"max_hp_loss":0.0,"gold_gain":0.0,"event_name":"Back to Basics","player_choice":"Elegance","floor":19.0,"gold_loss":0.0,"damage_taken":0.0},{"cards_removed":["Backstab"],"damage_healed":0.0,"max_hp_gain":0.0,"max_hp_loss":0.0,"gold_gain":0.0,"event_name":"Designer","player_choice":"Upgrade and Remove","floor":20.0,"gold_loss":90.0,"damage_taken":0.0,"cards_upgraded":["Blur"]},{"damage_healed":0.0,"max_hp_gain":0.0,"max_hp_loss":0.0,"gold_gain":0.0,"event_name":"The Woman in Blue","player_choice":"Bought 1 Potion","floor":44.0,"gold_loss":0.0,"damage_taken":0.0}],"is_beta":false,"boss_relics":[{"not_picked":["Cursed Key","WristBlade"],"picked":"Astrolabe"},{"not_picked":["HoveringKite","Black Star"],"picked":"Fusion Hammer"}],"items_purged_floors":[21,31,37,47],"is_endless":false,"potions_floor_spawned":[1,8,10,11,13,24,29,33,35,41,46],"ascension_level":1}