{"gold_per_floor":[112,77,77,87,99,127,146,146,146,146,146,160,180,199,199,323,323,337,337,337,337,337,337,84,97,97,110,110,110,126,167,167,291,354,374,374,394,79,79,114,14,29,52,66,87,87,36,36,36,36,36,36,36,71,71],"floor_reached":55,"playtime":2686,"items_purged":["Strike_R","Strike_R"],"score":767,"play_id":"e9c5ed23-7879-4cda-8825-d60372f0d368","local_time":"20190128163119","is_ascension_mode":false,"campfire_choices":[{"floor":10.0,"key":"RECALL"},{"data":"Demon Form","floor":15.0,"key":"SMITH"},{"data":"Ghostly","floor":23.0,"key":"SMITH"},{"data":"Ghostly","floor":28.0,"key":"SMITH"},{"data":"Ghostly","floor":32.0,"key":"SMITH"},{"data":"Dual Wield","floor":46.0,"key":"SMITH"},{"data":"Ghostly","floor":49.0,"key":"SMITH"},{"data":"Ghostly","floor":52.0,"key":"SMITH"}],"neow_cost":"NONE","seed_source_timestamp":0,"circlet_count":0,"master_deck":["Strike_R","Strike_R","Defend_R","Defend_R+1","Defend_R","Defend_R","Bash","Spot Weakness","Iron Wave","Whirlwind","Demon Form+1","Exhume","Ghostly+1","Ghostly+1","Ghostly+1","Ghostly+1","Ghostly+1","Heavy Blade","Exhume","Heavy Blade+1","Madness","Dual Wield+1"],"special_seed":0,"relics":["Burning Blood","NeowsBlessing","Matryoshka","Bottled Tornado","Anchor","Meat on the Bone","Golden Idol","Velvet Choker","Dream Catcher","Gremlin Horn","Pantograph","Boot","Tiny House","Bottled Lightning","GremlinMask","Pear","Bag of Preparation","Charon\u0027s Ashes"],"potions_floor_usage":[],"damage_taken":[{"damage":0.0,"enemies":"Small Slimes","floor":1.0,"turns":1.0},{"damage":0.0,"enemies":"Cultist","floor":4.0,"turns":1.0},{"damage":0.0,"enemies":"Jaw Worm","floor":5.0,"turns":1.0},{"damage":39.0,"enemies":"3 Sentries","floor":6.0,"turns":9.0},{"damage":19.0,"enemies":"Large Slime","floor":7.0,"turns":6.0},{"damage":0.0,"enemies":"3 Louse","floor":12.0,"turns":3.0},{"damage":0.0,"enemies":"Blue Slaver","floor":13.0,"turns":4.0},{"damage":0.0,"enemies":"Lots of Slimes","floor":14.0,"turns":3.0},{"damage":36.0,"enemies":"Slime Boss","floor":16.0,"turns":6.0},{"damage":19.0,"enemies":"Spheric Guardian","floor":18.0,"turns":4.0},{"damage":2.0,"enemies":"2 Thieves","floor":25.0,"turns":3.0},{"damage":2.0,"enemies":"3 Cultists","floor":27.0,"turns":5.0},{"damage":6.0,"enemies":"Centurion and Healer","floor":30.0,"turns":6.0},{"damage":0.0,"enemies":"Gremlin Leader","floor":31.0,"turns":4.0},{"damage":2.0,"enemies":"Collector","floor":33.0,"turns":7.0},{"damage":27.0,"enemies":"3 Shapes","floor":35.0,"turns":3.0},{"damage":2.0,"enemies":"3 Darklings","floor":37.0,"turns":5.0},{"damage":24.0,"enemies":"Reptomancer","floor":40.0,"turns":5.0},{"damage":2.0,"enemies":"Jaw Worm Horde","floor":42.0,"turns":4.0},{"damage":0.0,"enemies":"Transient","floor":44.0,"turns":5.0},{"damage":6.0,"enemies":"Spire Growth","floor":45.0,"turns":6.0},{"damage":31.0,"enemies":"Time Eater","floor":50.0,"turns":9.0},{"damage":49.0,"enemies":"Shield and Spear","floor":54.0,"turns":9.0},{"damage":56,"enemies":"The Heart","floor":55,"turns":11}],"seed_played":"-6818243797470114848","potions_obtained":[{"floor":5.0,"key":"Ancient Potion"},{"floor":7.0,"key":"BloodPotion"},{"floor":12.0,"key":"Weak Potion"},{"floor":13.0,"key":"Explosive Potion"},{"floor":25.0,"key":"AttackPotion"},{"floor":30.0,"key":"Regen Potion"},{"floor":33.0,"key":"Weak Potion"},{"floor":34.0,"key":"Strength Potion"},{"floor":40.0,"key":"Block Potion"},{"floor":45.0,"key":"SneckoOil"}],"is_trial":false,"path_per_floor":["M","$","?","M","M","E","M","T","T","R","?","M","M","M","R","B",null,"M","?","?","T","?","R","$","M","T","M","R","?","M","E","R","B",null,"M","?","M","$","?","E","$","M","T","M","M","R","$","?","R","B",null,"R","$","E","B"],"character_chosen":"IRONCLAD","items_purchased":["Spot Weakness","Gremlin Horn","Bottled Lightning","Strength Potion"],"campfire_rested":0,"item_purchase_floors":[2,24,38,47],"current_hp_per_floor":[80,80,80,80,80,47,34,34,34,34,14,40,58,64,64,46,80,67,40,40,40,35,35,35,39,39,43,43,43,43,45,45,45,50,41,41,45,45,45,49,49,60,60,60,60,60,60,60,60,47,60,60,60,29,0],"gold":71,"neow_bonus":"THREE_ENEMY_KILL","is_prod":false,"is_daily":false,"chose_seed":false,"campfire_upgraded":7,"win_rate":0,"timestamp":1548729079,"path_taken":["M","$","?","M","?","E","M","?","T","R","?","M","?","M","R","BOSS","M","?","?","?","?","R","$","M","T","M","R","?","?","E","R","BOSS","M","?","M","$","?","E","$","M","T","M","?","R","$","?","R","BOSS","R","$","E","BOSS"],"build_version":"2019-01-23","purchased_purges":2,"victory":false,"max_hp_per_floor":[80,80,80,80,80,80,80,80,80,80,80,80,80,80,80,80,80,80,40,40,40,45,45,45,45,45,45,45,45,45,45,45,45,50,50,50,50,50,50,60,60,60,60,60,60,60,60,60,60,60,60,60,60,60,60],"card_choices":[{"not_picked":["Perfected Strike","Seeing Red"],"picked":"Whirlwind","floor":1.0},{"not_picked":["Entrench","Sword Boomerang","Carnage"],"picked":"SKIP","floor":4.0},{"not_picked":["Warcry","Sentinel","Bloodletting"],"picked":"SKIP","floor":5.0},{"not_picked":["Anger","Clothesline"],"picked":"Whirlwind","floor":6.0},{"not_picked":["Shrug It Off","Perfected Strike"],"picked":"Demon Form","floor":7.0},{"not_picked":["Pummel","Intimidate","Iron Wave"],"picked":"SKIP","floor":12.0},{"not_picked":["Warcry","Rage","Clothesline"],"picked":"SKIP","floor":13.0},{"not_picked":["Anger","Shrug It Off","Intimidate"],"picked":"SKIP","floor":14.0},{"not_picked":["Barricade","Impervious"],"picked":"Exhume","floor":16.0},{"not_picked":["Armaments","Dual Wield","Anger+1"],"picked":"SKIP","floor":18.0},{"not_picked":["Headbutt","Flame Barrier+1","Blood for Blood"],"picked":"SKIP","floor":25.0},{"not_picked":["Warcry","Heavy Blade","Disarm"],"picked":"SKIP","floor":27.0},{"not_picked":["Pommel Strike+1","Berserk","Headbutt"],"picked":"SKIP","floor":30.0},{"not_picked":["Corruption","Shrug It Off+1","Seeing Red"],"picked":"SKIP","floor":31.0},{"not_picked":["Bludgeon","Immolate"],"picked":"Exhume","floor":33.0},{"not_picked":["Second Wind+1","Warcry+1"],"picked":"Heavy Blade+1","floor":34.0},{"not_picked":["Anger+1","Iron Wave+1","Clash+1"],"picked":"SKIP","floor":35.0},{"not_picked":["Swift Strike","Impatience"],"picked":"Madness","floor":36.0},{"not_picked":["Warcry+1","Pummel+1"],"picked":"Dual Wield","floor":37.0},{"not_picked":["Pommel Strike","Rupture","Brutality"],"picked":"SKIP","floor":40.0},{"not_picked":["Dual Wield","Armaments+1","Metallicize"],"picked":"SKIP","floor":42.0},{"not_picked":["Shrug It Off+1","Warcry","Hemokinesis+1"],"picked":"SKIP","floor":44.0},{"not_picked":["Clothesline","Cleave+1","Battle Trance"],"picked":"SKIP","floor":45.0},{"not_picked":["Corruption+1","Flex+1","Body Slam+1"],"picked":"SKIP","floor":54.0}],"player_experience":388621,"relics_obtained":[{"floor":6.0,"key":"Matryoshka"},{"floor":8.0,"key":"Bottled Tornado"},{"floor":9.0,"key":"Anchor"},{"floor":9.0,"key":"Meat on the Bone"},{"floor":21.0,"key":"Dream Catcher"},{"floor":26.0,"key":"Pantograph"},{"floor":31.0,"key":"Boot"},{"floor":40.0,"key":"Pear"},{"floor":43.0,"key":"Bag of Preparation"},{"floor":54.0,"key":"Charon\u0027s Ashes"}],"event_choices":[{"cards_removed":["Whirlwind"],"damage_healed":0.0,"max_hp_gain":0.0,"max_hp_loss":0.0,"gold_gain":0.0,"event_name":"NoteForYourself","player_choice":"Took Card","floor":3.0,"gold_loss":0.0,"damage_taken":0.0,"cards_obtained":["Iron Wave"]},{"damage_healed":0.0,"max_hp_gain":0.0,"max_hp_loss":0.0,"gold_gain":0.0,"event_name":"Golden Idol","player_choice":"Take Damage","floor":11.0,"gold_loss":0.0,"damage_taken":20.0,"relics_obtained":["Golden Idol"]},{"damage_healed":0.0,"max_hp_gain":0.0,"max_hp_loss":40.0,"gold_gain":0.0,"event_name":"Ghosts","player_choice":"Became a Ghost","floor":19.0,"gold_loss":0.0,"damage_taken":0.0,"cards_obtained":["Ghostly","Ghostly","Ghostly","Ghostly","Ghostly"]},{"damage_healed":0.0,"max_hp_gain":0.0,"max_hp_loss":0.0,"gold_gain":0.0,"event_name":"The Library","player_choice":"Read","floor":20.0,"gold_loss":0.0,"damage_taken":0.0,"cards_obtained":["Heavy Blade"]},{"damage_healed":0.0,"max_hp_gain":5.0,"max_hp_loss":0.0,"gold_gain":0.0,"event_name":"Forgotten Altar","player_choice":"Shed Blood","floor":22.0,"gold_loss":0.0,"damage_taken":10.0},{"cards_removed":["Strike_R"],"damage_healed":0.0,"max_hp_gain":0.0,"max_hp_loss":0.0,"gold_gain":0.0,"event_name":"Purifier","player_choice":"Purged","floor":29.0,"gold_loss":0.0,"damage_taken":0.0},{"damage_healed":0.0,"max_hp_gain":0.0,"max_hp_loss":0.0,"gold_gain":0.0,"event_name":"SensoryStone","player_choice":"Memory 1","floor":36.0,"gold_loss":0.0,"damage_taken":0.0},{"damage_healed":0.0,"max_hp_gain":0.0,"max_hp_loss":0.0,"gold_gain":0.0,"event_name":"FaceTrader","player_choice":"Trade","floor":39.0,"gold_loss":0.0,"damage_taken":0.0,"relics_obtained":["GremlinMask"]},{"damage_healed":0.0,"max_hp_gain":0.0,"max_hp_loss":0.0,"gold_gain":0.0,"event_name":"Mysterious Sphere","player_choice":"Ignored","floor":48.0,"gold_loss":0.0,"damage_taken":0.0}],"is_beta":false,"boss_relics":[{"not_picked":["White Beast Statue","Mark of Pain"],"picked":"Velvet Choker"},{"not_picked":["Runic Cube","Pandora\u0027s Box"],"picked":"Tiny House"}],"items_purged_floors":[38,41],"is_endless":false,"potions_floor_spawned":[5,7,12,13,25,30,33,37,40,45],"killed_by":"The Heart","ascension_level":0}