{"gold_per_floor":[118,43,43,61,61,61,94,94,114,114,145,145,170,181,195,195,195],"floor_reached":17,"playtime":808,"items_purged":["Bash"],"score":225,"play_id":"ff36cc17-201d-4586-821f-a6a139a3256c","local_time":"20190105174926","is_ascension_mode":true,"campfire_choices":[{"data":"True Grit","floor":8,"key":"SMITH"},{"floor":16,"key":"DIG"}],"neow_cost":"NONE","seed_source_timestamp":4708262265387,"circlet_count":0,"master_deck":["AscendersBane","Strike_R","Strike_R+1","Strike_R","Strike_R","Strike_R","Defend_R","Defend_R","Defend_R+1","True Grit+1","Headbutt","Double Tap","Iron Wave","Hemogenesis","ReplayTheSpireMod:Strike From Hell","Reaper"],"relics":["Burning Blood","NeowsBlessing","Letter Opener","Ornamental Fan","Snack Pack","Iron Hammer","Bottled Flame"],"potions_floor_usage":[17],"damage_taken":[{"damage":0,"enemies":"2 Louse","floor":1,"turns":1},{"damage":0,"enemies":"Small Slimes","floor":4,"turns":1},{"damage":0,"enemies":"Lagavulin","floor":7,"turns":2},{"damage":2,"enemies":"Cultist","floor":9,"turns":4},{"damage":32,"enemies":"3 Sentries","floor":11,"turns":13},{"damage":50,"enemies":"Lagavulin","floor":13,"turns":7},{"damage":6,"enemies":"Large Slime","floor":14,"turns":4},{"damage":0,"enemies":"3 Louse","floor":15,"turns":4},{"damage":58,"enemies":"Hexaghost","floor":17,"turns":16}],"seed_played":"-4262751359325131795","potions_obtained":[{"floor":9,"key":"EssenceOfSteel"},{"floor":14,"key":"Swift Potion"}],"is_trial":false,"path_per_floor":["M","$","?","M","?","PTL","E","R","M","T","E","?","E","M","M","R","B"],"character_chosen":"IRONCLAD","items_purchased":[],"campfire_rested":0,"item_purchase_floors":[],"current_hp_per_floor":[78,78,62,68,73,73,79,79,83,83,57,57,25,36,51,51,10],"gold":195,"neow_bonus":"THREE_ENEMY_KILL","is_prod":false,"is_daily":false,"chose_seed":false,"campfire_upgraded":1,"win_rate":0,"timestamp":1546717766,"path_taken":["M","$","?","M","?","PTL","E","R","M","T","E","?","E","?","M","R","BOSS"],"build_version":"2019-01-03v4","purchased_purges":1,"victory":false,"max_hp_per_floor":[80,80,80,80,85,85,85,85,85,85,85,85,85,85,85,85,85],"card_choices":[{"not_picked":["Run Through","Headbutt"],"picked":"True Grit","floor":1},{"not_picked":["True Grit","ReplayTheSpireMod:LeadingStrike"],"picked":"Headbutt","floor":4},{"not_picked":["Uppercut","Warcry"],"picked":"Double Tap","floor":7},{"not_picked":["Warcry","Wild Strike","Sword Boomerang"],"picked":"SKIP","floor":9},{"not_picked":["Warcry","Wild Strike","Sword Boomerang"],"picked":"SKIP","floor":9},{"not_picked":["Perfected Strike","Spot Weakness"],"picked":"Iron Wave","floor":11},{"not_picked":["Heavy Blade","Searing Blow"],"picked":"Hemogenesis","floor":13},{"not_picked":["Wild Strike","Flex"],"picked":"ReplayTheSpireMod:Strike From Hell","floor":14},{"not_picked":["Cleave","Thunderclap"],"picked":"Reaper","floor":15}],"player_experience":672005,"relics_obtained":[{"floor":7,"key":"Letter Opener"},{"floor":10,"key":"Ornamental Fan"},{"floor":11,"key":"Snack Pack"},{"floor":13,"key":"Iron Hammer"},{"floor":16,"key":"Bottled Flame"}],"event_choices":[{"damage_healed":0,"gold_gain":0,"player_choice":"Entered Light","damage_taken":16,"max_hp_gain":0,"max_hp_loss":0,"event_name":"Shining Light","floor":3,"gold_loss":0,"cards_upgraded":["Defend_R","Strike_R"]},{"damage_healed":0,"gold_gain":0,"player_choice":"Donut","damage_taken":0,"max_hp_gain":5,"max_hp_loss":0,"event_name":"Big Fish","floor":5,"gold_loss":0},{"cards_removed":["Defend_R"],"damage_healed":0,"gold_gain":0,"player_choice":"Offered Basic","damage_taken":0,"max_hp_gain":0,"max_hp_loss":0,"event_name":"Bonfire Elementals","floor":12,"gold_loss":0}],"is_beta":false,"boss_relics":[],"items_purged_floors":[2],"is_endless":false,"potions_floor_spawned":[9,14],"killed_by":"Hexaghost","ascension_level":10}