{"gold_per_floor":[112,37,37,48,61,61,79,104,104,115,115,147,147,47,47,119,119,132,182,137],"floor_reached":20,"playtime":789,"items_purged":["Normality","Strike_R"],"score":328,"play_id":"bf306fc3-31e5-4337-8852-66319cb23902","local_time":"20190311011905","is_ascension_mode":true,"campfire_choices":[{"data":"Dropkick","floor":6,"key":"SMITH"},{"floor":11,"key":"REST"},{"floor":13,"key":"REST"},{"data":"Dual Wield","floor":15,"key":"SMITH"}],"neow_cost":"CURSE","seed_source_timestamp":284659153512500,"circlet_count":0,"master_deck":["AscendersBane","Strike_R","Strike_R","Defend_R","Defend_R","Defend_R","Bash","Dual Wield+1","Wild Strike","Thunderclap","Dropkick+1","Pommel Strike","Cleave","Battle Trance","Shrug It Off","Armaments+1","Double Tap+1"],"relics":["Black Blood","Unceasing Top","Sundial","Toxic Egg 2"],"potions_floor_usage":[],"damage_taken":[{"damage":6,"enemies":"2 Louse","floor":1,"turns":3},{"damage":6,"enemies":"Cultist","floor":4,"turns":3},{"damage":7,"enemies":"Small Slimes","floor":5,"turns":3},{"damage":13,"enemies":"2 Fungi Beasts","floor":7,"turns":3},{"damage":40,"enemies":"3 Sentries","floor":8,"turns":5},{"damage":14,"enemies":"Red Slaver","floor":10,"turns":2},{"damage":36,"enemies":"Lagavulin","floor":12,"turns":5},{"damage":31,"enemies":"Slime Boss","floor":16,"turns":12},{"damage":48,"enemies":"Spheric Guardian","floor":18,"turns":6},{"damage":20,"enemies":"2 Thieves","floor":20,"turns":2}],"seed_played":"6318129659419708586","potions_obtained":[{"floor":1,"key":"LiquidBronze"},{"floor":4,"key":"Energy Potion"},{"floor":5,"key":"Ancient Potion"}],"is_trial":false,"path_per_floor":["M","$","?","M","M","R","M","E","T","M","R","E","R","$","R","B",null,"M","?","M"],"character_chosen":"IRONCLAD","items_purchased":[],"campfire_rested":2,"item_purchase_floors":[],"current_hp_per_floor":[68,68,68,68,67,67,60,26,26,18,40,10,32,32,32,7,58,20,20,0],"gold":137,"neow_bonus":"TRANSFORM_TWO_CARDS","is_prod":false,"is_daily":false,"chose_seed":false,"campfire_upgraded":2,"win_rate":0,"timestamp":1552281545,"path_taken":["M","$","?","M","M","R","M","E","T","?","R","E","R","$","R","BOSS","M","?","M"],"build_version":"2019-02-06","purchased_purges":2,"victory":false,"max_hp_per_floor":[75,75,75,75,75,75,75,75,75,75,75,75,75,75,75,75,75,75,75,75],"card_choices":[{"not_picked":["Havoc","Anger"],"picked":"Thunderclap","floor":1},{"not_picked":["Ghostly Armor","Brutality"],"picked":"Dropkick","floor":4},{"not_picked":["Anger","Perfected Strike"],"picked":"Pommel Strike","floor":5},{"not_picked":["Anger","Clash"],"picked":"Cleave","floor":7},{"not_picked":["Perfected Strike","Combust"],"picked":"Battle Trance","floor":8},{"not_picked":["Rage","Flex"],"picked":"Shrug It Off","floor":10},{"not_picked":["Entrench","Anger"],"picked":"Armaments","floor":12},{"not_picked":["Exhume+1","Bludgeon"],"picked":"Double Tap+1","floor":16},{"not_picked":["Warcry+1","Whirlwind","Sentinel+1"],"picked":"SKIP","floor":18}],"player_experience":634745,"relics_obtained":[{"floor":8,"key":"Unceasing Top"},{"floor":9,"key":"Sundial"},{"floor":12,"key":"Toxic Egg 2"}],"event_choices":[{"cards_removed":["Strike_R"],"damage_healed":0,"gold_gain":0,"player_choice":"Purged","damage_taken":0,"max_hp_gain":0,"max_hp_loss":0,"event_name":"Purifier","floor":3,"gold_loss":0},{"damage_healed":0,"gold_gain":50,"player_choice":"Stole From Cult","damage_taken":0,"max_hp_gain":0,"max_hp_loss":0,"event_name":"Nest","floor":19,"gold_loss":0}],"is_beta":true,"boss_relics":[{"not_picked":["Ectoplasm","Calling Bell"],"picked":"Black Blood"}],"items_purged_floors":[2,14],"is_endless":false,"potions_floor_spawned":[1,4,5,8],"killed_by":"2 Thieves","ascension_level":16}