{"gold_per_floor":[99,99,99,99,99,99,99,99,99,99,58,58,58,58,58,58,58,58,58,0,0,0,0,0,0,0,0,0,0,0,0,0,0,0,0,0,0,0,0,0,0,0,0,0,0],"floor_reached":45,"playtime":2244,"items_purged":[],"score":462,"play_id":"8dfeb6ca-5786-4605-8071-ea2e8c32fac7","local_time":"20190304145816","is_ascension_mode":false,"campfire_choices":[{"floor":7,"key":"REST"},{"floor":10,"key":"REST"},{"data":"Bash","floor":15,"key":"SMITH"},{"data":"Shockwave","floor":23,"key":"SMITH"},{"floor":27,"key":"REST"},{"floor":32,"key":"REST"},{"floor":40,"key":"REST"},{"data":"Trip","floor":42,"key":"SMITH"},{"data":"Trip","floor":44,"key":"SMITH"}],"neow_cost":"NONE","seed_source_timestamp":1450886458943262,"circlet_count":0,"master_deck":["Strike_R+1","Strike_R+1","Defend_R+1","Defend_R+1","Defend_R+1","Bash+1","Headbutt","Battle Trance+1","Rampage","Flex","True Grit","Dropkick","Headbutt","True Grit","Feed","Iron Wave+1","Shockwave+1","Seeing Red","Havoc+1","Warcry","Impervious","Armaments+1","Double Tap","Parasite","Pommel Strike","Trip+1","Trip+1","Deep Breath"],"relics":["Ectoplasm","Unceasing Top","The Courier","Runic Cube","Centennial Puzzle","Nunchaku","Empty Cage","StoneCalendar","Happy Flower"],"potions_floor_usage":[29,30,37,38],"damage_taken":[{"damage":2,"enemies":"2 Louse","floor":1,"turns":3},{"damage":1,"enemies":"Cultist","floor":3,"turns":3},{"damage":16,"enemies":"Gremlin Nob","floor":6,"turns":3},{"damage":8,"enemies":"Small Slimes","floor":8,"turns":3},{"damage":8,"enemies":"2 Fungi Beasts","floor":12,"turns":3},{"damage":0,"enemies":"Exordium Thugs","floor":13,"turns":3},{"damage":0,"enemies":"Large Slime","floor":14,"turns":5},{"damage":47,"enemies":"Hexaghost","floor":16,"turns":6},{"damage":5,"enemies":"Chosen","floor":18,"turns":3},{"damage":6,"enemies":"3 Byrds","floor":21,"turns":6},{"damage":3,"enemies":"Cultist and Chosen","floor":22,"turns":6},{"damage":27,"enemies":"Book of Stabbing","floor":24,"turns":4},{"damage":26,"enemies":"Snake Plant","floor":25,"turns":4},{"damage":21,"enemies":"Sentry and Sphere","floor":28,"turns":6},{"damage":4,"enemies":"3 Cultists","floor":30,"turns":4},{"damage":4,"enemies":"Shelled Parasite and Fungi","floor":31,"turns":3},{"damage":51,"enemies":"Champ","floor":33,"turns":11},{"damage":23,"enemies":"3 Shapes","floor":35,"turns":5},{"damage":9,"enemies":"Mind Bloom Boss Battle","floor":36,"turns":6},{"damage":13,"enemies":"3 Darklings","floor":37,"turns":7},{"damage":0,"enemies":"Writhing Mass","floor":38,"turns":7},{"damage":94,"enemies":"Nemesis","floor":45,"turns":8}],"seed_played":"-5579345463462060829","potions_obtained":[{"floor":6,"key":"Strength Potion"},{"floor":13,"key":"GamblersBrew"},{"floor":16,"key":"Energy Potion"},{"floor":24,"key":"PowerPotion"},{"floor":29,"key":"Fruit Juice"},{"floor":29,"key":"SkillPotion"},{"floor":29,"key":"EssenceOfSteel"},{"floor":31,"key":"Strength Potion"},{"floor":35,"key":"Swift Potion"},{"floor":36,"key":"BloodPotion"},{"floor":38,"key":"Fire Potion"}],"is_trial":false,"path_per_floor":["M","?","M","?","?","E","R","M","T","R","$","M","M","M","R","B",null,"M","?","?","M","M","R","E","M","T","R","M","?","M","M","R","B",null,"M","?","M","M","?","R","$","R","T","R","E"],"character_chosen":"IRONCLAD","items_purchased":["True Grit"],"campfire_rested":5,"item_purchase_floors":[11],"current_hp_per_floor":[78,78,77,61,61,45,69,61,61,80,80,72,72,72,72,25,80,78,78,78,75,75,75,51,25,25,52,34,39,35,31,61,10,100,80,71,68,72,62,94,94,94,94,94,0],"gold":0,"neow_bonus":"BOSS_RELIC","is_prod":false,"is_daily":false,"chose_seed":false,"campfire_upgraded":4,"win_rate":0,"timestamp":1551689896,"path_taken":["M","?","?","?","?","E","R","M","T","R","$","M","?","M","R","BOSS","M","?","?","M","M","R","E","M","T","R","M","?","?","M","R","BOSS","M","?","M","M","?","R","?","R","T","R","E"],"build_version":"2019-01-23","purchased_purges":0,"victory":false,"max_hp_per_floor":[80,80,80,80,80,80,80,80,80,80,80,80,80,80,80,80,80,83,83,83,86,89,89,92,92,92,92,95,100,100,100,100,100,100,103,103,103,107,107,107,107,107,107,107,107],"card_choices":[{"not_picked":["Sword Boomerang","Sever Soul"],"picked":"Headbutt","floor":1},{"not_picked":["Carnage","Inflame"],"picked":"Battle Trance","floor":3},{"not_picked":["Heavy Blade","Corruption"],"picked":"Rampage","floor":6},{"not_picked":["Iron Wave","Anger"],"picked":"Flex","floor":8},{"not_picked":["Power Through","Body Slam"],"picked":"Dropkick","floor":12},{"not_picked":["Thunderclap","Sword Boomerang"],"picked":"Headbutt","floor":13},{"not_picked":["Impervious","Body Slam"],"picked":"True Grit","floor":14},{"not_picked":["Barricade","Juggernaut"],"picked":"Feed","floor":16},{"not_picked":["Combust","Body Slam"],"picked":"Iron Wave+1","floor":18},{"not_picked":["Heavy Blade+1","Power Through+1","Body Slam+1"],"picked":"SKIP","floor":21},{"not_picked":["Twin Strike","Blood for Blood"],"picked":"Shockwave","floor":22},{"not_picked":["Sentinel","Pummel","Anger+1"],"picked":"SKIP","floor":24},{"not_picked":["Shrug It Off","Wild Strike"],"picked":"Seeing Red","floor":25},{"not_picked":["Dual Wield","Heavy Blade","Hemokinesis"],"picked":"SKIP","floor":28},{"not_picked":["Entrench","Fiend Fire"],"picked":"Havoc+1","floor":30},{"not_picked":["Metallicize","Rupture+1"],"picked":"Warcry","floor":31},{"not_picked":["Double Tap","Immolate"],"picked":"Impervious","floor":33},{"not_picked":["Bloodletting+1","True Grit"],"picked":"Armaments+1","floor":35},{"not_picked":["Cleave+1","Sever Soul+1"],"picked":"Double Tap","floor":37},{"not_picked":["Anger","Heavy Blade+1"],"picked":"Pommel Strike","floor":38},{"not_picked":["Dark Shackles","Chrysalis"],"picked":"Trip","floor":39},{"not_picked":["Sadistic Nature","Flash of Steel"],"picked":"Trip","floor":39},{"not_picked":["Dark Shackles","Discovery"],"picked":"Deep Breath","floor":39}],"player_experience":938303,"relics_obtained":[{"floor":6,"key":"Unceasing Top"},{"floor":9,"key":"The Courier"},{"floor":24,"key":"Centennial Puzzle"},{"floor":26,"key":"Nunchaku"},{"floor":36,"key":"StoneCalendar"},{"floor":43,"key":"Happy Flower"}],"event_choices":[{"cards_removed":["Defend_R"],"damage_healed":0,"gold_gain":0,"player_choice":"Offered Basic","damage_taken":0,"max_hp_gain":0,"max_hp_loss":0,"event_name":"Bonfire Elementals","floor":2,"gold_loss":0},{"damage_healed":0,"gold_gain":0,"player_choice":"Entered Light","damage_taken":16,"max_hp_gain":0,"max_hp_loss":0,"event_name":"Shining Light","floor":4,"gold_loss":0,"cards_upgraded":["Strike_R","Battle Trance"]},{"cards_removed":["Strike_R"],"damage_healed":0,"gold_gain":0,"player_choice":"Purged","damage_taken":0,"max_hp_gain":0,"max_hp_loss":0,"event_name":"Purifier","floor":5,"gold_loss":0},{"damage_healed":0,"gold_gain":0,"player_choice":"Simplicity","damage_taken":0,"max_hp_gain":0,"max_hp_loss":0,"event_name":"Back to Basics","floor":19,"gold_loss":0,"cards_upgraded":["Strike_R","Strike_R","Strike_R","Defend_R","Defend_R","Defend_R"]},{"damage_healed":0,"gold_gain":0,"player_choice":"Paid Fearfully","damage_taken":0,"max_hp_gain":0,"max_hp_loss":0,"event_name":"Masked Bandits","floor":20,"gold_loss":58},{"damage_healed":0,"gold_gain":0,"player_choice":"Got Potions","damage_taken":0,"max_hp_gain":0,"max_hp_loss":0,"event_name":"Lab","floor":29,"gold_loss":0},{"damage_healed":0,"gold_gain":0,"player_choice":"Fight","damage_taken":0,"max_hp_gain":0,"max_hp_loss":0,"event_name":"MindBloom","floor":36,"gold_loss":0},{"damage_healed":0,"gold_gain":0,"player_choice":"Memory 3","damage_taken":10,"max_hp_gain":0,"max_hp_loss":0,"event_name":"SensoryStone","floor":39,"gold_loss":0}],"is_beta":false,"boss_relics":[{"not_picked":["Runic Pyramid","Cursed Key"],"picked":"Runic Cube"},{"not_picked":["Lizard Tail","Philosopher\u0027s Stone"],"picked":"Empty Cage"}],"items_purged_floors":[],"is_endless":false,"potions_floor_spawned":[6,13,16,24,25,28,31,35,36,38],"killed_by":"Nemesis","ascension_level":0}