{"gold_per_floor":[114,114,129,152,169,202,152,183,207,223,223,223,254,274,274,377,377,417,357,42,79,4,4,4,4,4,187,305,305,435,623,623,1549,1549,1691,1702,1702,858,1230,1785,1785,1027,1108,1167,1167,1796,2441,1223,1223,1823,1823,1823,798,1010,1604],"floor_reached":56,"playtime":7687,"items_purged":["UpSweep","MasterSpark+1","Defend_MRS","NonDirectionalLaser+1"],"score":1643,"play_id":"633c8654-ca1f-492e-9d02-b6e431e170f4","local_time":"20190111221103","is_ascension_mode":true,"campfire_choices":[{"data":"OortCloud","floor":11,"key":"SMITH"},{"data":"MilkyWay","floor":15,"key":"SMITH"},{"data":"AbsoluteMagnitude","floor":23,"key":"SMITH"},{"data":"DeepEcoloBomb","floor":25,"key":"SMITH"},{"data":"Robbery","floor":29,"key":"SMITH"},{"floor":32,"key":"RECALL"},{"data":"UltimateShortwave","floor":41,"key":"SMITH"},{"data":"OortCloud","floor":49,"key":"SMITH"},{"data":"AsteroidBelt","floor":52,"key":"SMITH"}],"neow_cost":"NONE","seed_source_timestamp":3135109306342,"circlet_count":0,"master_deck":["Defend_MRS","DeepEcoloBomb+1","SprinkleStarSeal","OortCloud+1","MilkyWay+1","AbsoluteMagnitude+1","MillisecondPulsars+1","EarthLightRay+1","WitchOfGreed+1","AsteroidBelt+1","Robbery+1","AsteroidBelt+1","GalacticHalo+1","UltimateShortwave+1","ChargingUp","AsteroidBelt+1","PowerUp","EnergyFlow+1","EnergyRecoil+1","MilkyWay+1","Pot Of Greed+1","Pot Of Greed+1","GalacticHalo+1","OortCloud+1","Pot Of Greed+1","Finesse+1","Master of Strategy+1","Finesse+1","Thinking Ahead+1","AsteroidBelt+1"],"relics":["MiniHakkero","Blood Vial","Pantograph","Bird Faced Urn","Bronze Scales","Thread and Needle","Astrolabe","Incense Burner","HandmadeGrimoire","RampagingMagicTools","Omamori","SimpleLauncher","Question Card","Bottled Tornado","ReplayTheSpireMod:Lightbulb","Mango","ReplayFunnel","Toxic Egg 2","Strange Spoon","Pondfish Scales","Grinning Jar","Sling","Iron Hammer","Bottled Flame","HandDrill","Happy Flower","Pet Ghost","Du-Vu Doll"],"potions_floor_usage":[6,13,14,14,16,28,33,35,44,44,50,55,55,55],"damage_taken":[{"damage":6,"enemies":"2 Louse","floor":1,"turns":2},{"damage":2,"enemies":"Jaw Worm","floor":3,"turns":3},{"damage":0,"enemies":"Small Slimes","floor":5,"turns":3},{"damage":17,"enemies":"Gremlin Nob","floor":6,"turns":4},{"damage":2,"enemies":"Lagavulin","floor":8,"turns":10},{"damage":0,"enemies":"3 Louse","floor":10,"turns":2},{"damage":5,"enemies":"Gremlin Nob","floor":13,"turns":3},{"damage":0,"enemies":"Exordium Thugs","floor":14,"turns":2},{"damage":15,"enemies":"The Guardian","floor":16,"turns":7},{"damage":10,"enemies":"Spheric Guardian","floor":18,"turns":5},{"damage":2,"enemies":"3 Byrds","floor":21,"turns":4},{"damage":7,"enemies":"Centurion and Healer","floor":27,"turns":8},{"damage":0,"enemies":"Cultist and Chosen","floor":28,"turns":9},{"damage":0,"enemies":"Snake Plant","floor":30,"turns":6},{"damage":4,"enemies":"Centurion and Healer","floor":31,"turns":8},{"damage":0,"enemies":"Champ","floor":33,"turns":11},{"damage":0,"enemies":"3 Darklings","floor":35,"turns":6},{"damage":1,"enemies":"Orb Walker","floor":36,"turns":2},{"damage":0,"enemies":"Spire Growth","floor":39,"turns":4},{"damage":0,"enemies":"R_Hoarder","floor":40,"turns":7},{"damage":44,"enemies":"Reptomancer","floor":44,"turns":4},{"damage":0,"enemies":"Maw","floor":46,"turns":6},{"damage":0,"enemies":"R_Hoarder","floor":47,"turns":5},{"damage":6,"enemies":"Awakened One","floor":50,"turns":8},{"damage":0,"enemies":"Shield and Spear","floor":54,"turns":5},{"damage":17,"enemies":"The Heart","floor":55,"turns":7}],"seed_played":"-227547267049051047","potions_obtained":[{"floor":5,"key":"Poison Potion"},{"floor":10,"key":"AttackPotion"},{"floor":13,"key":"EntropicBrew"},{"floor":16,"key":"Swift Potion"},{"floor":18,"key":"Explosive Potion"},{"floor":18,"key":"Strength Potion"},{"floor":21,"key":"AttackPotion"},{"floor":27,"key":"Ancient Potion"},{"floor":28,"key":"SmokeBomb"},{"floor":31,"key":"PowerPotion"},{"floor":33,"key":"SkillPotion"},{"floor":35,"key":"EssenceOfSteel"},{"floor":39,"key":"Languid Potion"},{"floor":44,"key":"SteroidPotion"},{"floor":46,"key":"Ancient Potion"},{"floor":47,"key":"SpeedPotion"}],"is_trial":false,"path_per_floor":["M","?","M","T","M","E","?","E","T","M","R","?","E","M","R","B",null,"M","?","$","M","?","R","?","R","T","M","M","R","M","M","R","B",null,"M","M","?","$","M","E","R","$","T","E","?","M","E","$","R","B",null,"R","$","E","B",null],"character_chosen":"MARISA","items_purchased":["Incense Burner","SimpleLauncher","Question Card","Bottled Tornado","AsteroidBelt","ReplayFunnel","Toxic Egg 2","Strange Spoon","EnergyRecoil+1","Sling","Iron Hammer","OortCloud","Finesse+1","Master of Strategy+1","Milkshake","Bottled Flame","HandDrill","Happy Flower","Pet Ghost","Finesse+1","Thinking Ahead+1","AsteroidBelt+1","Strength Potion"],"campfire_rested":0,"item_purchase_floors":[20,38,38,38,38,42,42,42,42,48,48,48,48,48,48,48,53,53,53,53,53,53,53],"current_hp_per_floor":[69,69,67,67,69,54,54,54,54,56,56,56,55,59,59,60,75,65,65,65,75,75,75,75,75,75,69,75,75,75,71,71,75,75,75,75,75,75,75,89,89,89,89,55,55,77,89,89,89,89,89,89,89,89,75],"gold":1604,"neow_bonus":"UPGRADE_CARD","is_prod":false,"is_daily":false,"chose_seed":false,"campfire_upgraded":8,"win_rate":0,"timestamp":1547251863,"path_taken":["M","?","M","?","M","E","?","E","T","M","R","?","E","?","R","BOSS","M","?","$","M","?","R","?","R","T","?","M","R","M","M","R","BOSS","M","M","?","$","M","E","R","?","T","E","?","M","E","$","R","BOSS","R","$","E","BOSS"],"build_version":"2019-01-10","purchased_purges":4,"victory":true,"max_hp_per_floor":[75,75,75,75,75,75,75,75,75,75,75,75,75,75,75,75,75,75,75,75,75,75,75,75,75,75,75,75,75,75,75,75,75,75,75,75,75,75,75,89,89,89,89,89,89,89,89,89,89,89,89,89,89,89,89],"card_choices":[{"not_picked":["IllusionStar","6A"],"picked":"DeepEcoloBomb","floor":1},{"not_picked":["SporeBomb","WitchOfGreed"],"picked":"SprinkleStarSeal","floor":3},{"not_picked":["BlazeAway","DarkMatter","MysteriousBeam"],"picked":"SKIP","floor":5},{"not_picked":["SatelliteIllusion","PowerUp"],"picked":"OortCloud","floor":6},{"not_picked":["WitchLeyline","LuminesStrike","DoubleSpark"],"picked":"SKIP","floor":8},{"not_picked":["Occultation","GrandCross"],"picked":"SporeBomb","floor":10},{"not_picked":["FairyDestructionRay","WitchOfGreed"],"picked":"MilkyWay","floor":13},{"not_picked":["SporeBomb","WitchLeyline"],"picked":"AbsoluteMagnitude","floor":14},{"not_picked":["ManaRampage","CollectingQuirk"],"picked":"MillisecondPulsars","floor":16},{"not_picked":["ChargingUp","UnstableBomb"],"picked":"AsteroidBelt+1","floor":18},{"not_picked":["RefractionSpark","BlazeAway"],"picked":"Robbery","floor":21},{"not_picked":["DoubleSpark","NonDirectionalLaser+1"],"picked":"AsteroidBelt+1","floor":27},{"not_picked":["MysteriousBeam","WitchLeyline"],"picked":"GalacticHalo+1","floor":28},{"not_picked":["Orbital+1","BlazingStar","6A"],"picked":"SKIP","floor":30},{"not_picked":["UnstableBomb","D6C","DragonMeteor"],"picked":"SKIP","floor":31},{"not_picked":["TreasureHunter","MillisecondPulsars"],"picked":"UltimateShortwave","floor":33},{"not_picked":["LuminesStrike","MeteoricShower+1"],"picked":"ChargingUp","floor":35},{"not_picked":["FairyDestructionRay","DeepEcoloBomb+1","WitchLeyline"],"picked":"SKIP","floor":36},{"not_picked":["DeepEcoloBomb+1","6A","IllusionStar"],"picked":"PowerUp","floor":39},{"not_picked":["GrandCross","SporeBomb","MagicAbsorber"],"picked":"EnergyFlow+1","floor":40},{"not_picked":["GasGiant+1","D6C","Orbital+1","6A"],"picked":"SKIP","floor":44},{"not_picked":["ShootingEcho","SprinkleStarSeal+1","MeteoricShower+1"],"picked":"MilkyWay+1","floor":46},{"not_picked":["CollectingQuirk","OrrerysSun+1","DeepEcoloBomb+1"],"picked":"GalacticHalo+1","floor":47},{"not_picked":["RefractionSpark+1","ShootingEcho+1","MoraleDepletion+1","EventHorizon"],"picked":"SKIP","floor":54}],"player_experience":733097,"relics_obtained":[{"floor":4,"key":"Blood Vial"},{"floor":6,"key":"Pantograph"},{"floor":8,"key":"Bird Faced Urn"},{"floor":9,"key":"Bronze Scales"},{"floor":13,"key":"Thread and Needle"},{"floor":26,"key":"HandmadeGrimoire"},{"floor":40,"key":"ReplayTheSpireMod:Lightbulb"},{"floor":40,"key":"Mango"},{"floor":44,"key":"Pondfish Scales"},{"floor":47,"key":"Grinning Jar"},{"floor":54,"key":"Du-Vu Doll"}],"event_choices":[{"cards_removed":["Strike_MRS"],"damage_healed":0,"gold_gain":0,"player_choice":"Card Removal","damage_taken":0,"max_hp_gain":0,"max_hp_loss":0,"event_name":"The Cleric","floor":7,"gold_loss":50},{"cards_removed":["Strike_MRS"],"damage_healed":0,"gold_gain":0,"player_choice":"Offered Basic","damage_taken":0,"max_hp_gain":0,"max_hp_loss":0,"event_name":"Bonfire Elementals","floor":12,"gold_loss":0},{"cards_removed":["BigCrunch"],"damage_healed":0,"gold_gain":0,"player_choice":"Gave Gold","damage_taken":0,"max_hp_gain":0,"max_hp_loss":0,"event_name":"Beggar","floor":22,"gold_loss":75},{"damage_healed":0,"gold_gain":0,"player_choice":"Forge","damage_taken":0,"max_hp_gain":0,"max_hp_loss":0,"event_name":"Accursed Blacksmith","floor":24,"gold_loss":0,"cards_upgraded":["MillisecondPulsars"]},{"damage_healed":0,"gold_gain":0,"player_choice":"Gave Potion","damage_taken":0,"relics_obtained":["Omamori"],"max_hp_gain":0,"max_hp_loss":0,"event_name":"WeMeetAgain","floor":37,"gold_loss":0},{"cards_removed":["SporeBomb"],"damage_healed":0,"gold_gain":0,"player_choice":"Removed Skill","damage_taken":0,"max_hp_gain":0,"max_hp_loss":0,"event_name":"Falling","floor":45,"gold_loss":0}],"is_beta":false,"boss_relics":[{"not_picked":["Pandora\u0027s Box","Ectoplasm"],"picked":"Astrolabe"},{"not_picked":["Eternal Feather","Lizard Tail"],"picked":"RampagingMagicTools"}],"items_purged_floors":[38,42,48,53],"is_endless":false,"potions_floor_spawned":[5,10,13,16,18,21,27,47],"ascension_level":2}