{"gold_per_floor":[115,190,190,202,215,246,246,263,263,296,296,308,319,338,338,439,439,451,98,109,35,35,35,61,72,72,72,107,120,137,163,163,262,262,274,274,289,303,303,332,181,181,181,181,215,215,215,241,241,241],"floor_reached":51,"playtime":2720,"items_purged":[],"score":897,"play_id":"8bb0a8bd-5581-4661-9276-65f1cac79af3","local_time":"20190129171907","is_ascension_mode":true,"campfire_choices":[{"data":"Uppercut","floor":7.0,"key":"SMITH"},{"data":"True Grit","floor":11.0,"key":"SMITH"},{"data":"Armaments","floor":15.0,"key":"SMITH"},{"data":"Warcry","floor":23.0,"key":"SMITH"},{"floor":27.0,"key":"REST"},{"data":"Exhume","floor":32.0,"key":"SMITH"},{"data":"Feel No Pain","floor":42,"key":"SMITH"},{"data":"Juggernaut","floor":49,"key":"SMITH"}],"neow_cost":"NONE","seed_source_timestamp":454620865719126,"circlet_count":0,"master_deck":["Strike_R","Strike_R","Strike_R","Strike_R","Defend_R","Defend_R","Defend_R","Defend_R","Bash","Uppercut+1","Bloodletting+1","Clothesline","Immolate","True Grit+1","Armaments+1","Barricade","Shockwave+1","Feel No Pain+1","Havoc","Warcry+1","Disarm+1","Corruption","True Grit","Pommel Strike+1","Shrug It Off","Exhume+1","Dark Embrace","Shrug It Off+1","Madness","Madness","Panache","Armaments+1","Doubt","Disarm+1","Juggernaut+1"],"special_seed":0,"relics":["Burning Blood","NeowsBlessing","Dream Catcher","Bag of Marbles","Darkstone Periapt","Snecko Eye","Medical Kit","War Paint","Paper Frog","Smiling Mask","Peace Pipe","Mark of Pain","Art of War","Bronze Scales","Kunai","Charon\u0027s Ashes","Bag of Preparation"],"potions_floor_usage":[40,46,50,50,50],"damage_taken":[{"damage":0.0,"enemies":"Small Slimes","floor":1.0,"turns":1.0},{"damage":0.0,"enemies":"Jaw Worm","floor":4.0,"turns":1.0},{"damage":0.0,"enemies":"Cultist","floor":5.0,"turns":1.0},{"damage":22.0,"enemies":"Gremlin Nob","floor":6.0,"turns":5.0},{"damage":14.0,"enemies":"3 Louse","floor":8.0,"turns":3.0},{"damage":13.0,"enemies":"3 Sentries","floor":10.0,"turns":4.0},{"damage":5.0,"enemies":"Looter","floor":12.0,"turns":3.0},{"damage":9.0,"enemies":"Large Slime","floor":13.0,"turns":4.0},{"damage":0.0,"enemies":"3 Louse","floor":14.0,"turns":1.0},{"damage":49.0,"enemies":"Hexaghost","floor":16.0,"turns":13.0},{"damage":0.0,"enemies":"Spheric Guardian","floor":18.0,"turns":2.0},{"damage":10.0,"enemies":"Shell Parasite","floor":20.0,"turns":5.0},{"damage":13.0,"enemies":"Slavers","floor":24.0,"turns":5.0},{"damage":14.0,"enemies":"Shelled Parasite and Fungi","floor":25.0,"turns":6.0},{"damage":3.0,"enemies":"Book of Stabbing","floor":28.0,"turns":5.0},{"damage":6.0,"enemies":"Chosen and Byrds","floor":29.0,"turns":4.0},{"damage":1.0,"enemies":"3 Cultists","floor":30.0,"turns":3.0},{"damage":0.0,"enemies":"Gremlin Leader","floor":31.0,"turns":5.0},{"damage":44.0,"enemies":"Champ","floor":33.0,"turns":12.0},{"damage":4.0,"enemies":"Orb Walker","floor":35.0,"turns":4.0},{"damage":20,"enemies":"3 Darklings","floor":37,"turns":4},{"damage":0,"enemies":"Maw","floor":38,"turns":6},{"damage":24,"enemies":"Giant Head","floor":40,"turns":9},{"damage":35,"enemies":"Nemesis","floor":45,"turns":11},{"damage":0,"enemies":"Jaw Worm Horde","floor":46,"turns":2},{"damage":2,"enemies":"Giant Head","floor":48,"turns":7},{"damage":20,"enemies":"Donu and Deca","floor":50,"turns":7}],"seed_played":"3291815913957955422","potions_obtained":[{"floor":5.0,"key":"Strength Potion"},{"floor":8.0,"key":"Strength Potion"},{"floor":12.0,"key":"Weak Potion"},{"floor":13.0,"key":"Strength Potion"},{"floor":25.0,"key":"Explosive Potion"},{"floor":31.0,"key":"Dexterity Potion"},{"floor":33.0,"key":"Ancient Potion"},{"floor":40,"key":"SmokeBomb"},{"floor":48,"key":"LiquidBronze"}],"is_trial":false,"path_per_floor":["M","?","?","M","M","E","R","M","T","E","R","M","M","M","R","B",null,"M","$","M","$","?","R","E","M","T","R","E","M","M","E","R","B",null,"M","?","M","M","?","E","$","R","T","?","E","M","?","E","R","B",null],"character_chosen":"IRONCLAD","items_purchased":["Feel No Pain","Havoc","Warcry","Medical Kit","Corruption","Bronze Scales"],"campfire_rested":1,"item_purchase_floors":[19,19,19,19,21,41],"current_hp_per_floor":[80,69,69,75,80,64,64,56,56,49,49,50,47,53,53,10,80,80,80,76,76,61,61,54,46,46,71,74,74,79,85,85,47,85,85,74,60,66,66,48,48,48,48,91,62,68,68,72,72,58],"gold":241,"neow_bonus":"THREE_ENEMY_KILL","is_prod":false,"is_daily":false,"chose_seed":false,"campfire_upgraded":7,"win_rate":0,"timestamp":1548803947,"path_taken":["M","?","?","?","M","E","R","M","T","E","R","M","M","M","R","BOSS","M","$","M","$","?","R","E","M","T","R","E","M","M","E","R","BOSS","M","?","M","M","?","E","$","R","T","?","E","M","?","E","R","BOSS"],"build_version":"2019-01-23","purchased_purges":0,"victory":true,"max_hp_per_floor":[80,80,80,80,80,80,80,80,80,80,80,80,80,80,80,80,80,80,80,80,80,85,85,85,85,85,85,85,85,85,85,85,85,85,85,85,85,85,85,85,85,85,85,91,91,91,91,91,91,91],"card_choices":[{"not_picked":["Perfected Strike","Power Through"],"picked":"Uppercut","floor":1.0},{"not_picked":["Warcry","Thunderclap"],"picked":"Clothesline","floor":4.0},{"not_picked":["Dark Embrace","Anger","Warcry"],"picked":"SKIP","floor":5.0},{"not_picked":["Reaper","Flex"],"picked":"Immolate","floor":6.0},{"not_picked":["Body Slam","Wild Strike","Rampage"],"picked":"SKIP","floor":8.0},{"not_picked":["Pummel","Shockwave"],"picked":"True Grit","floor":10.0},{"not_picked":["Heavy Blade","Warcry","Pommel Strike"],"picked":"SKIP","floor":12.0},{"not_picked":["Uppercut","Rampage","Havoc"],"picked":"SKIP","floor":13.0},{"not_picked":["Feel No Pain","Reckless Charge"],"picked":"Armaments","floor":14.0},{"not_picked":["Limit Break","Demon Form"],"picked":"Barricade","floor":16.0},{"not_picked":["Headbutt","True Grit"],"picked":"Shockwave+1","floor":18.0},{"not_picked":["Perfected Strike","Thunderclap"],"picked":"Disarm","floor":20.0},{"not_picked":["Carnage+1","Twin Strike","Warcry"],"picked":"SKIP","floor":24.0},{"not_picked":["Armaments","Twin Strike","Cleave+1"],"picked":"SKIP","floor":25.0},{"not_picked":["Thunderclap+1","Sever Soul"],"picked":"True Grit","floor":28.0},{"not_picked":["Shockwave","Wild Strike+1"],"picked":"Pommel Strike+1","floor":29.0},{"not_picked":["Bloodletting","Heavy Blade"],"picked":"Shrug It Off","floor":30.0},{"not_picked":["Hemokinesis+1","Wild Strike"],"picked":"Exhume","floor":31.0},{"not_picked":["Brutality","Impervious"],"picked":"Dark Embrace","floor":33.0},{"not_picked":["Fire Breathing","Thunderclap+1"],"picked":"Shrug It Off+1","floor":35.0},{"not_picked":["Anger","Iron Wave","Clash+1"],"picked":"SKIP","floor":37},{"not_picked":["Wild Strike+1","Twin Strike","Rupture+1"],"picked":"SKIP","floor":38},{"not_picked":["The Bomb","Chrysalis"],"picked":"Panache","floor":39},{"not_picked":["Iron Wave+1","Clothesline+1"],"picked":"Armaments+1","floor":40},{"not_picked":["Inflame+1","Battle Trance"],"picked":"Disarm+1","floor":45},{"not_picked":["Headbutt+1","Impervious"],"picked":"Juggernaut","floor":48}],"player_experience":236661,"relics_obtained":[{"floor":6.0,"key":"Dream Catcher"},{"floor":9.0,"key":"Bag of Marbles"},{"floor":10.0,"key":"Darkstone Periapt"},{"floor":24.0,"key":"War Paint"},{"floor":26.0,"key":"Paper Frog"},{"floor":28.0,"key":"Smiling Mask"},{"floor":31.0,"key":"Peace Pipe"},{"floor":40,"key":"Art of War"},{"floor":43,"key":"Kunai"},{"floor":45,"key":"Charon\u0027s Ashes"},{"floor":48,"key":"Bag of Preparation"}],"event_choices":[{"damage_healed":0.0,"max_hp_gain":0.0,"max_hp_loss":0.0,"gold_gain":75.0,"event_name":"World of Goop","player_choice":"Gather Gold","floor":2.0,"gold_loss":0.0,"damage_taken":11.0},{"damage_healed":0.0,"max_hp_gain":0.0,"max_hp_loss":0.0,"gold_gain":0.0,"cards_transformed":["Strike_R"],"event_name":"Transmorgrifier","player_choice":"Transformed","floor":3.0,"gold_loss":0.0,"damage_taken":0.0,"cards_obtained":["Bloodletting"]},{"damage_healed":0.0,"max_hp_gain":5.0,"max_hp_loss":0.0,"gold_gain":0.0,"event_name":"Forgotten Altar","player_choice":"Shed Blood","floor":22.0,"gold_loss":0.0,"damage_taken":20.0},{"damage_healed":0.0,"max_hp_gain":0.0,"max_hp_loss":0.0,"gold_gain":0.0,"event_name":"Winding Halls","player_choice":"Embrace Madness","floor":36.0,"gold_loss":0.0,"damage_taken":11.0,"cards_obtained":["Madness","Madness"]},{"damage_healed":0,"gold_gain":0,"player_choice":"Memory 1","damage_taken":0,"max_hp_gain":0,"max_hp_loss":0,"event_name":"SensoryStone","floor":39,"gold_loss":0},{"damage_healed":37,"gold_gain":0,"player_choice":"Heal","damage_taken":0,"max_hp_gain":0,"max_hp_loss":0,"event_name":"MindBloom","floor":44,"gold_loss":0,"cards_obtained":["Doubt"]},{"damage_healed":0,"gold_gain":0,"player_choice":"Ignored","damage_taken":0,"max_hp_gain":0,"max_hp_loss":0,"event_name":"Mysterious Sphere","floor":47,"gold_loss":0}],"is_beta":false,"boss_relics":[{"not_picked":["Runic Pyramid","Busted Crown"],"picked":"Snecko Eye"},{"not_picked":["Cursed Key","Fusion Hammer"],"picked":"Mark of Pain"}],"items_purged_floors":[],"is_endless":false,"potions_floor_spawned":[5,8,12,13,14,25,28,31,33,35,40,46,48],"ascension_level":1}