{"gold_per_floor":[118,129,54,71,71,146,146,146,221,246,196,96,109,128,128,254,254,273,188,38,0,0,0,99,99,122,122,122,143,143,167,167,290,290,304,154,172,195,215,215,231,231,231,231,331,355,369,389,389,389],"floor_reached":51,"playtime":3502,"items_purged":["Strike_B","Strike_B","Strike_B","Defend_B"],"score":664,"play_id":"f17cb51e-f9d6-440d-8afd-4860a1ffd39c","local_time":"20190308050314","is_ascension_mode":false,"campfire_choices":[{"data":"Zap","floor":7,"key":"SMITH"},{"data":"Hologram","floor":15,"key":"SMITH"},{"data":"Redo","floor":23,"key":"SMITH"},{"data":"Dualcast","floor":25,"key":"SMITH"},{"data":"Coolheaded","floor":27,"key":"SMITH"},{"floor":32,"key":"REST"},{"floor":40,"key":"REST"},{"floor":42,"key":"REST"},{"data":"Loop","floor":44,"key":"SMITH"},{"floor":49,"key":"REST"}],"neow_cost":"NONE","seed_source_timestamp":0,"circlet_count":0,"master_deck":["Defend_B","Defend_B","Defend_B","Zap+1","Dualcast+1","Leap","Coolheaded+1","Hologram+1","Ball Lightning","Thunder Strike","Redo+1","Necronomicurse","Cold Snap+1","Aggregate","Consume","Fission","Conserve Battery+1","Blizzard","Loop+1","Doubt","Parasite","Leap+1"],"special_seed":0,"relics":["Cracked Core","Bag of Preparation","Golden Idol","Centennial Puzzle","Cables","Inserter","Anchor","Necronomicon","Dream Catcher","Cursed Key","Ornamental Fan"],"potions_floor_usage":[16,16,33,35,47,48],"damage_taken":[{"damage":1,"enemies":"Cultist","floor":1,"turns":3},{"damage":0,"enemies":"Small Slimes","floor":2,"turns":2},{"damage":2,"enemies":"2 Louse","floor":4,"turns":3},{"damage":2,"enemies":"Exordium Wildlife","floor":10,"turns":4},{"damage":0,"enemies":"Blue Slaver","floor":13,"turns":4},{"damage":0,"enemies":"Large Slime","floor":14,"turns":4},{"damage":27,"enemies":"Slime Boss","floor":16,"turns":11},{"damage":23,"enemies":"3 Byrds","floor":18,"turns":4},{"damage":3,"enemies":"2 Thieves","floor":29,"turns":4},{"damage":4,"enemies":"Snake Plant","floor":31,"turns":3},{"damage":9,"enemies":"Champ","floor":33,"turns":13},{"damage":30,"enemies":"3 Shapes","floor":35,"turns":4},{"damage":0,"enemies":"3 Darklings","floor":37,"turns":5},{"damage":7,"enemies":"Maw","floor":38,"turns":8},{"damage":21,"enemies":"4 Shapes","floor":39,"turns":8},{"damage":16,"enemies":"Transient","floor":41,"turns":5},{"damage":1,"enemies":"Writhing Mass","floor":46,"turns":10},{"damage":16,"enemies":"Spire Growth","floor":47,"turns":8},{"damage":24,"enemies":"Sphere and 2 Shapes","floor":48,"turns":6},{"damage":5,"enemies":"Time Eater","floor":50,"turns":19}],"seed_played":"1950017974183871991","potions_obtained":[{"floor":4,"key":"Fire Potion"},{"floor":13,"key":"Regen Potion"},{"floor":16,"key":"Weak Potion"},{"floor":29,"key":"Block Potion"},{"floor":33,"key":"FearPotion"},{"floor":39,"key":"SkillPotion"},{"floor":41,"key":"Dexterity Potion"},{"floor":47,"key":"Swift Potion"},{"floor":48,"key":"Swift Potion"}],"is_trial":false,"path_per_floor":["M","M","$","M","?","?","R","?","T","M","?","$","M","M","R","B",null,"M","?","$","?","?","R","?","R","T","R","?","M","$","M","R","B",null,"M","$","M","M","M","R","M","R","T","R","?","M","M","M","R","B",null],"character_chosen":"DEFECT","items_purchased":["Redo"],"campfire_rested":4,"item_purchase_floors":[20],"current_hp_per_floor":[74,74,74,72,54,43,43,36,36,34,34,34,34,34,34,22,75,52,52,52,52,36,36,36,36,36,36,36,33,33,29,51,42,75,45,45,45,38,17,39,23,45,45,45,45,44,28,4,26,21],"gold":389,"neow_bonus":"RANDOM_COMMON_RELIC","is_prod":false,"is_daily":false,"chose_seed":false,"campfire_upgraded":6,"win_rate":0,"timestamp":1552017794,"path_taken":["M","M","?","M","?","?","R","?","T","?","?","$","M","M","R","BOSS","M","?","$","?","?","R","?","R","T","R","?","?","?","M","R","BOSS","M","?","M","M","M","R","M","R","T","R","?","M","M","?","R","BOSS"],"build_version":"2019-01-23","purchased_purges":4,"victory":true,"max_hp_per_floor":[75,75,75,75,75,75,75,75,75,75,75,75,75,75,75,75,75,75,75,75,75,75,75,75,75,75,75,75,75,75,75,75,75,75,75,75,75,75,75,75,75,75,75,75,75,75,75,75,75,75],"card_choices":[{"not_picked":["Sweeping Beam","Fusion"],"picked":"Leap","floor":1},{"not_picked":["Beam Cell","Static Discharge","Melter"],"picked":"SKIP","floor":2},{"not_picked":["Beam Cell","Redo"],"picked":"Coolheaded","floor":4},{"not_picked":["Compile Driver","Sweeping Beam"],"picked":"Hologram","floor":10},{"not_picked":["Chaos","Turbo"],"picked":"Ball Lightning","floor":13},{"not_picked":["Turbo","Streamline","Reprogram"],"picked":"SKIP","floor":14},{"not_picked":["Seek","Rainbow"],"picked":"Thunder Strike","floor":16},{"not_picked":["Beam Cell","Streamline","Storm"],"picked":"SKIP","floor":18},{"not_picked":["Steam","Compile Driver"],"picked":"Cold Snap+1","floor":29},{"not_picked":["White Noise","Turbo+1"],"picked":"Aggregate","floor":31},{"not_picked":["Go for the Eyes","Darkness"],"picked":"Consume","floor":32},{"not_picked":["Creative AI","Reboot"],"picked":"Fission","floor":33},{"not_picked":["Coolheaded","Sweeping Beam"],"picked":"Conserve Battery+1","floor":35},{"not_picked":["Sweeping Beam","Sunder+1"],"picked":"Blizzard","floor":37},{"not_picked":["Coolheaded+1","Auto Shields+1","Reprogram+1"],"picked":"SKIP","floor":38},{"not_picked":["Steam+1","Coolheaded","White Noise+1"],"picked":"SKIP","floor":39},{"not_picked":["Melter","Doom and Gloom","Heatsinks"],"picked":"SKIP","floor":41},{"not_picked":["Sweeping Beam+1","Compile Driver+1"],"picked":"Loop","floor":42},{"not_picked":["Force Field","Melter","Stack+1"],"picked":"SKIP","floor":46},{"not_picked":["Compile Driver+1","Stack","Sweeping Beam"],"picked":"SKIP","floor":47},{"not_picked":["Reprogram+1","Amplify","Chaos"],"picked":"SKIP","floor":48},{"not_picked":["Cold Snap","Beam Cell+1"],"picked":"Leap+1","floor":49}],"player_experience":114679,"relics_obtained":[{"floor":9,"key":"Cables"},{"floor":22,"key":"Necronomicon"},{"floor":26,"key":"Dream Catcher"},{"floor":43,"key":"Ornamental Fan"}],"event_choices":[{"damage_healed":0,"gold_gain":0,"player_choice":"Take Damage","damage_taken":18,"relics_obtained":["Golden Idol"],"max_hp_gain":0,"max_hp_loss":0,"event_name":"Golden Idol","floor":5,"gold_loss":0},{"damage_healed":0,"gold_gain":75,"player_choice":"Gather Gold","damage_taken":11,"max_hp_gain":0,"max_hp_loss":0,"event_name":"World of Goop","floor":6,"gold_loss":0},{"damage_healed":0,"gold_gain":0,"player_choice":"Success","damage_taken":7,"relics_obtained":["Centennial Puzzle"],"max_hp_gain":0,"max_hp_loss":0,"event_name":"Scrap Ooze","floor":8,"gold_loss":0},{"cards_removed":["Strike_B"],"damage_healed":0,"gold_gain":0,"player_choice":"Card Removal","damage_taken":0,"max_hp_gain":0,"max_hp_loss":0,"event_name":"The Cleric","floor":11,"gold_loss":50},{"damage_healed":0,"gold_gain":0,"player_choice":"Obtained Relic","damage_taken":0,"relics_obtained":["Anchor"],"max_hp_gain":0,"max_hp_loss":0,"event_name":"Addict","floor":19,"gold_loss":85},{"damage_healed":0,"gold_gain":0,"player_choice":"Paid Fearfully","damage_taken":0,"max_hp_gain":0,"max_hp_loss":0,"event_name":"Masked Bandits","floor":21,"gold_loss":38},{"damage_healed":0,"gold_gain":0,"player_choice":"Obtained Book","damage_taken":16,"max_hp_gain":0,"max_hp_loss":0,"event_name":"Cursed Tome","floor":22,"gold_loss":0},{"damage_healed":0,"gold_gain":99,"player_choice":"Stole From Cult","damage_taken":0,"max_hp_gain":0,"max_hp_loss":0,"event_name":"Nest","floor":24,"gold_loss":0},{"damage_healed":0,"gold_gain":0,"player_choice":"Ignored","damage_taken":0,"max_hp_gain":0,"max_hp_loss":0,"event_name":"The Mausoleum","floor":28,"gold_loss":0},{"damage_healed":0,"gold_gain":100,"player_choice":"Pray","damage_taken":0,"max_hp_gain":0,"max_hp_loss":0,"event_name":"Golden Shrine","floor":45,"gold_loss":0}],"is_beta":false,"boss_relics":[{"not_picked":["Busted Crown","Snecko Eye"],"picked":"Inserter"},{"not_picked":["Lizard Tail","Velvet Choker"],"picked":"Cursed Key"}],"items_purged_floors":[3,12,20,36],"is_endless":false,"potions_floor_spawned":[4,13,16,29,33,39,41,47,48],"ascension_level":0}