{"gold_per_floor":[114,114,64,79,94,94,124,124,124,124,124,139,169,244,244,344,344,359,374,449,464,479,509,509,524,524,524,554,479,494,594,594,694,694,709,709,724,739,739,739,739,739,789,804,804],"floor_reached":45,"playtime":3969,"items_purged":[],"score":488,"play_id":"58bd719c-0237-48a5-b976-b5de2b5f45fc","local_time":"20190305043536","daily_mods":["Chimera","Hoarder","Terminal"],"is_ascension_mode":false,"campfire_choices":[{"data":"Zap","floor":6,"key":"SMITH"},{"data":"Headbutt","floor":8,"key":"SMITH"},{"data":"Armaments","floor":11,"key":"SMITH"},{"data":"Shrug It Off","floor":15,"key":"SMITH"},{"data":"Iron Wave","floor":24,"key":"SMITH"},{"data":"Flex","floor":27,"key":"SMITH"},{"floor":32,"key":"REST"},{"data":"Seeing Red","floor":40,"key":"SMITH"},{"data":"Seeing Red","floor":42,"key":"SMITH"}],"neow_cost":"","seed_source_timestamp":24558465735798,"circlet_count":0,"master_deck":["Bash","Survivor","Zap+1","Strike_R","Defend_R","Defend_B","Twin Strike+1","Twin Strike","Twin Strike","Armaments+1","Armaments","Armaments","Headbutt+1","Headbutt+1","Shrug It Off+1","Shrug It Off","Shrug It Off","Impervious","Impervious","Spot Weakness+1","Spot Weakness+1","Spot Weakness+1","Iron Wave+1","Iron Wave","Iron Wave","Heavy Blade","Heavy Blade","Heavy Blade","Flex+1","Flex","Flex","Thunderclap+1","Thunderclap+1","Thunderclap+1","Seeing Red+1","Seeing Red+1","Seeing Red","Intimidate+1","Intimidate+1","Intimidate+1","Rage+1","Rage+1","Rage+1"],"special_seed":17960,"relics":["Burning Blood","Omamori","Whetstone","Magic Flower","Orichalcum","Empty Cage","Juzu Bracelet","Question Card","Bronze Scales","Runic Pyramid","Vajra"],"potions_floor_usage":[7,16,16,23,28],"damage_taken":[{"damage":0,"enemies":"Small Slimes","floor":1,"turns":3},{"damage":5,"enemies":"2 Louse","floor":4,"turns":3},{"damage":0,"enemies":"Cultist","floor":5,"turns":2},{"damage":9,"enemies":"Gremlin Nob","floor":7,"turns":4},{"damage":0,"enemies":"Large Slime","floor":12,"turns":5},{"damage":8,"enemies":"Lagavulin","floor":13,"turns":5},{"damage":10,"enemies":"Slime Boss","floor":16,"turns":10},{"damage":0,"enemies":"3 Byrds","floor":18,"turns":8},{"damage":10,"enemies":"2 Thieves","floor":19,"turns":5},{"damage":10,"enemies":"Chosen and Byrds","floor":21,"turns":8},{"damage":9,"enemies":"Centurion and Healer","floor":22,"turns":6},{"damage":19,"enemies":"Book of Stabbing","floor":23,"turns":6},{"damage":9,"enemies":"Shelled Parasite and Fungi","floor":25,"turns":6},{"damage":41,"enemies":"Gremlin Leader","floor":28,"turns":7},{"damage":0,"enemies":"Chosen and Byrds","floor":30,"turns":5},{"damage":27,"enemies":"Automaton","floor":33,"turns":10},{"damage":3,"enemies":"Orb Walker","floor":35,"turns":3},{"damage":8,"enemies":"3 Shapes","floor":37,"turns":4},{"damage":0,"enemies":"Sphere and 2 Shapes","floor":38,"turns":6},{"damage":23,"enemies":"Writhing Mass","floor":44,"turns":5},{"damage":20,"enemies":"Spire Growth","floor":45,"turns":3}],"seed_played":"-7796585460280550823","potions_obtained":[{"floor":1,"key":"Block Potion"},{"floor":7,"key":"LiquidBronze"},{"floor":12,"key":"Strength Potion"},{"floor":16,"key":"Regen Potion"},{"floor":21,"key":"SpeedPotion"},{"floor":30,"key":"SmokeBomb"},{"floor":33,"key":"EssenceOfSteel"},{"floor":37,"key":"LiquidBronze"},{"floor":38,"key":"Regen Potion"},{"floor":44,"key":"FearPotion"}],"is_trial":false,"path_per_floor":["M","?","?","M","M","R","E","R","T","?","R","M","E","?","R","B",null,"M","M","?","M","M","E","R","M","T","R","E","?","M","?","R","B",null,"M","?","M","M","?","R","?","R","T","M","M"],"character_chosen":"IRONCLAD","items_purchased":[],"campfire_rested":1,"item_purchase_floors":[],"current_hp_per_floor":[78,77,76,75,74,73,70,70,70,63,63,67,66,55,55,54,62,61,60,54,53,53,43,43,43,43,43,30,30,39,39,47,29,45,44,43,42,41,38,37,36,35,34,20,0],"gold":804,"neow_bonus":"","is_prod":false,"is_daily":true,"chose_seed":false,"campfire_upgraded":8,"win_rate":0,"timestamp":1551756936,"path_taken":["M","?","?","M","M","R","E","R","T","?","R","M","E","?","R","BOSS","M","M","?","M","?","E","R","M","T","R","E","?","M","?","R","BOSS","M","?","M","M","?","R","?","R","T","M","M"],"build_version":"2019-01-23","purchased_purges":0,"victory":false,"max_hp_per_floor":[78,77,76,75,74,73,72,71,70,69,68,67,66,65,64,63,62,61,60,59,58,57,56,55,54,53,52,51,50,49,48,47,46,45,44,43,42,41,38,37,36,35,34,33,33],"card_choices":[{"not_picked":["Pummel","Heavy Blade","Clothesline"],"picked":"SKIP","floor":1},{"not_picked":["Ghostly Armor","Rupture"],"picked":"Twin Strike","floor":4},{"not_picked":["Pommel Strike","Anger"],"picked":"Armaments","floor":5},{"not_picked":["Entrench","Second Wind"],"picked":"Headbutt","floor":7},{"not_picked":["True Grit","Pummel","Ghostly Armor"],"picked":"SKIP","floor":12},{"not_picked":["Blood for Blood","True Grit"],"picked":"Shrug It Off","floor":13},{"not_picked":["Exhume","Fiend Fire"],"picked":"Impervious","floor":16},{"not_picked":["Clothesline","Blood for Blood","Sword Boomerang"],"picked":"SKIP","floor":18},{"not_picked":["Clothesline","Metallicize"],"picked":"Spot Weakness+1","floor":19},{"not_picked":["Flex","Heavy Blade"],"picked":"Iron Wave","floor":21},{"not_picked":["Ghostly Armor","Pommel Strike"],"picked":"Heavy Blade","floor":22},{"not_picked":["Heavy Blade+1","Shockwave+1","Reaper"],"picked":"SKIP","floor":23},{"not_picked":["Armaments","Sever Soul"],"picked":"Flex","floor":25},{"not_picked":["Combust","Sentinel+1","True Grit"],"picked":"Thunderclap+1","floor":28},{"not_picked":["Warcry+1","Twin Strike+1","Pommel Strike","Havoc+1"],"picked":"SKIP","floor":30},{"not_picked":["Sword Boomerang","Perfected Strike+1","Pommel Strike"],"picked":"Seeing Red","floor":35},{"not_picked":["Reckless Charge","Flex","True Grit"],"picked":"Intimidate+1","floor":37},{"not_picked":["True Grit","Clothesline","Power Through+1","Headbutt+1"],"picked":"SKIP","floor":38},{"not_picked":["Clothesline","Cleave+1","Havoc"],"picked":"Rage+1","floor":44}],"player_experience":40681,"relics_obtained":[{"floor":7,"key":"Omamori"},{"floor":9,"key":"Whetstone"},{"floor":13,"key":"Orichalcum"},{"floor":23,"key":"Juzu Bracelet"},{"floor":26,"key":"Question Card"},{"floor":28,"key":"Bronze Scales"},{"floor":43,"key":"Vajra"}],"event_choices":[{"damage_healed":0,"gold_gain":0,"player_choice":"Ignored","damage_taken":0,"max_hp_gain":0,"max_hp_loss":0,"event_name":"Liars Game","floor":2,"gold_loss":0},{"cards_removed":["Defend_G"],"damage_healed":0,"gold_gain":0,"player_choice":"Card Removal","damage_taken":0,"max_hp_gain":0,"max_hp_loss":0,"event_name":"The Cleric","floor":3,"gold_loss":50},{"damage_healed":0,"gold_gain":0,"player_choice":"Success","damage_taken":7,"relics_obtained":["Magic Flower"],"max_hp_gain":0,"max_hp_loss":0,"event_name":"Scrap Ooze","floor":10,"gold_loss":0},{"damage_healed":0,"gold_gain":75,"player_choice":"Gather Gold","damage_taken":11,"max_hp_gain":0,"max_hp_loss":0,"event_name":"World of Goop","floor":14,"gold_loss":0},{"damage_healed":0,"gold_gain":75,"player_choice":"Touch","damage_taken":6,"max_hp_gain":0,"max_hp_loss":0,"event_name":"FaceTrader","floor":20,"gold_loss":0},{"cards_removed":["Strike_B"],"damage_healed":0,"gold_gain":0,"player_choice":"Gave Gold","damage_taken":0,"max_hp_gain":0,"max_hp_loss":0,"event_name":"Beggar","floor":29,"gold_loss":75},{"damage_healed":0,"gold_gain":100,"player_choice":"Pray","damage_taken":0,"max_hp_gain":0,"max_hp_loss":0,"event_name":"Golden Shrine","floor":31,"gold_loss":0},{"damage_healed":0,"gold_gain":0,"player_choice":"Memory 1","damage_taken":0,"max_hp_gain":0,"max_hp_loss":0,"event_name":"SensoryStone","floor":36,"gold_loss":0},{"damage_healed":0,"gold_gain":0,"player_choice":"Max HP","damage_taken":0,"max_hp_gain":0,"max_hp_loss":2,"event_name":"Winding Halls","floor":39,"gold_loss":0},{"cards_removed":["Headbutt"],"damage_healed":0,"gold_gain":0,"player_choice":"Removed Attack","damage_taken":0,"max_hp_gain":0,"max_hp_loss":0,"event_name":"Falling","floor":41,"gold_loss":0}],"is_beta":false,"boss_relics":[{"not_picked":["Mark of Pain","Coffee Dripper"],"picked":"Empty Cage"},{"not_picked":["Snecko Eye","Calling Bell"],"picked":"Runic Pyramid"}],"items_purged_floors":[],"is_endless":false,"potions_floor_spawned":[1,7,12,16,21,30,33,37,38,44],"killed_by":"Spire Growth","ascension_level":0}