{"gold_per_floor":[119,69,99,113,113,113,123,133,157,82,93,93,67,96,96,193,193,176,76,276,128,128,128,143,155,179,192,42,62,62,80,80,180,230,247,247,257,82,99,99,99,118,118,118,137,137],"floor_reached":46,"playtime":3904,"items_purged":["Strike_B","Strike_B","Strike_B","Defend_B","Defend_B"],"score":510,"play_id":"67e80e91-def9-4e5e-8f1b-b64d952c24dc","local_time":"20190307225156","is_ascension_mode":true,"campfire_choices":[{"data":"Dualcast","floor":6,"key":"SMITH"},{"data":"White Noise","floor":15,"key":"SMITH"},{"data":"Scrape","floor":23,"key":"SMITH"},{"data":"Echo Form","floor":32,"key":"SMITH"},{"data":"Electrodynamics","floor":40,"key":"SMITH"},{"data":"Reboot","floor":44,"key":"SMITH"}],"neow_cost":"NONE","seed_source_timestamp":284446965609444,"circlet_count":0,"master_deck":["Defend_B","Zap+1","Dualcast+1","Cold Snap","Leap","Gash","White Noise+1","Rebound","Rebound","Reboot+1","Echo Form+1","Self Repair","Gash","Scrape+1","Glacier","Conserve Battery+1","Leap","Conserve Battery+1","Chill+1","Electrodynamics+1","Fusion+1","Conserve Battery+1","Conserve Battery","Reboot","Gash"],"relics":["Cracked Core","Tiny Chest","Bag of Marbles","Eternal Feather","DataDisk","Tiny House","Frozen Egg 2"],"potions_floor_usage":[14,16,16,25,33,33,42],"damage_taken":[{"damage":4,"enemies":"Small Slimes","floor":1,"turns":3},{"damage":2,"enemies":"Jaw Worm","floor":4,"turns":2},{"damage":0,"enemies":"Cultist","floor":7,"turns":3},{"damage":7,"enemies":"3 Louse","floor":8,"turns":3},{"damage":8,"enemies":"Exordium Thugs","floor":11,"turns":6},{"damage":4,"enemies":"3 Sentries","floor":14,"turns":5},{"damage":6,"enemies":"Hexaghost","floor":16,"turns":9},{"damage":39,"enemies":"2 Thieves","floor":18,"turns":4},{"damage":12,"enemies":"Shell Parasite","floor":24,"turns":2},{"damage":15,"enemies":"Snecko","floor":25,"turns":7},{"damage":7,"enemies":"Sentry and Sphere","floor":27,"turns":6},{"damage":0,"enemies":"Cultist and Chosen","floor":29,"turns":4},{"damage":0,"enemies":"3 Cultists","floor":31,"turns":8},{"damage":6,"enemies":"Champ","floor":33,"turns":10},{"damage":35,"enemies":"3 Shapes","floor":35,"turns":3},{"damage":1,"enemies":"3 Darklings","floor":37,"turns":3},{"damage":0,"enemies":"4 Shapes","floor":39,"turns":5},{"damage":37,"enemies":"Transient","floor":42,"turns":5},{"damage":0,"enemies":"3 Darklings","floor":45,"turns":3},{"damage":64,"enemies":"Giant Head","floor":46,"turns":8}],"seed_played":"8248535987159836156","potions_obtained":[{"floor":8,"key":"Block Potion"},{"floor":11,"key":"AttackPotion"},{"floor":14,"key":"PowerPotion"},{"floor":18,"key":"Energy Potion"},{"floor":27,"key":"AttackPotion"},{"floor":29,"key":"SkillPotion"},{"floor":34,"key":"FairyPotion"},{"floor":35,"key":"Swift Potion"},{"floor":45,"key":"FearPotion"}],"is_trial":false,"path_per_floor":["M","?","?","M","?","R","M","M","T","$","M","$","$","E","R","B",null,"M","$","?","$","?","R","M","M","T","M","$","M","?","M","R","B",null,"M","?","M","$","M","R","$","M","T","R","M","E"],"character_chosen":"DEFECT","items_purchased":["Rebound","Gash"],"campfire_rested":0,"item_purchase_floors":[13,21],"current_hp_per_floor":[71,71,68,66,66,66,66,59,59,59,51,51,51,47,47,41,75,36,36,36,36,36,45,40,39,39,39,39,46,46,53,65,66,80,45,45,51,51,58,70,70,33,33,48,48,0],"gold":137,"neow_bonus":"UPGRADE_CARD","is_prod":false,"is_daily":false,"chose_seed":false,"campfire_upgraded":6,"win_rate":0,"timestamp":1552020716,"path_taken":["M","?","?","?","?","R","M","M","T","$","M","?","$","E","R","BOSS","M","$","?","?","?","R","M","M","T","?","$","M","?","M","R","BOSS","M","?","?","$","M","R","$","?","T","R","M","E"],"build_version":"2019-01-23","purchased_purges":5,"victory":false,"max_hp_per_floor":[75,75,75,75,75,75,75,75,75,75,75,75,75,75,75,75,75,75,75,75,75,75,75,75,75,75,75,75,75,75,75,75,75,80,80,80,80,80,80,80,80,80,80,80,80,80],"card_choices":[{"not_picked":["Sweeping Beam","Undo"],"picked":"Cold Snap","floor":1},{"not_picked":["Hologram","Beam Cell"],"picked":"Leap","floor":4},{"not_picked":["Beam Cell","Steam"],"picked":"Gash","floor":7},{"not_picked":["Cold Snap","Blizzard"],"picked":"White Noise","floor":8},{"not_picked":["Auto Shields","Compile Driver"],"picked":"Rebound","floor":11},{"not_picked":["Recycle","Ball Lightning"],"picked":"Reboot","floor":14},{"not_picked":["Meteor Strike","Electrodynamics"],"picked":"Echo Form","floor":16},{"not_picked":["Lockon","Recycle"],"picked":"Self Repair","floor":18},{"not_picked":["Rip and Tear+1","Stack+1"],"picked":"Glacier","floor":24},{"not_picked":["Compile Driver","Turbo+1"],"picked":"Conserve Battery","floor":25},{"not_picked":["Hologram","Sweeping Beam"],"picked":"Leap","floor":27},{"not_picked":["Rebound+1","Tempest"],"picked":"Conserve Battery+1","floor":29},{"not_picked":["Cold Snap","Rebound"],"picked":"Chill+1","floor":31},{"not_picked":["Hyperbeam","Biased Cognition"],"picked":"Electrodynamics","floor":33},{"not_picked":["Cold Snap","Coolheaded"],"picked":"Fusion+1","floor":34},{"not_picked":["Genetic Algorithm","Hologram+1"],"picked":"Conserve Battery+1","floor":35},{"not_picked":["Hologram","Chaos","Rebound"],"picked":"SKIP","floor":37},{"not_picked":["Leap","Rebound"],"picked":"Reboot","floor":39},{"not_picked":["BootSequence","Capacitor"],"picked":"Gash","floor":42},{"not_picked":["Aggregate","Darkness+1","Doom and Gloom"],"picked":"SKIP","floor":45}],"player_experience":221540,"relics_obtained":[{"floor":14,"key":"Bag of Marbles"},{"floor":26,"key":"DataDisk"},{"floor":43,"key":"Frozen Egg 2"}],"event_choices":[{"cards_removed":["Strike_B"],"damage_healed":0,"gold_gain":0,"player_choice":"Card Removal","damage_taken":0,"max_hp_gain":0,"max_hp_loss":0,"event_name":"The Cleric","floor":2,"gold_loss":50},{"damage_healed":0,"gold_gain":0,"player_choice":"Success","damage_taken":3,"relics_obtained":["Tiny Chest"],"max_hp_gain":0,"max_hp_loss":0,"event_name":"Scrap Ooze","floor":3,"gold_loss":0},{"damage_healed":0,"gold_gain":0,"player_choice":"Bought 0 Potions","damage_taken":0,"max_hp_gain":0,"max_hp_loss":0,"event_name":"The Woman in Blue","floor":5,"gold_loss":0},{"damage_healed":0,"gold_gain":250,"player_choice":"Bet on Owner","damage_taken":0,"max_hp_gain":0,"max_hp_loss":0,"event_name":"The Joust","floor":20,"gold_loss":50},{"damage_healed":0,"gold_gain":0,"player_choice":"Read","damage_taken":0,"max_hp_gain":0,"max_hp_loss":0,"event_name":"The Library","floor":22,"gold_loss":0,"cards_obtained":["Scrape"]},{"damage_healed":0,"gold_gain":0,"player_choice":"Ignored","damage_taken":0,"max_hp_gain":0,"max_hp_loss":0,"event_name":"Vampires","floor":30,"gold_loss":0},{"damage_healed":0,"gold_gain":0,"cards_transformed":["Defend_B"],"player_choice":"Transformed","damage_taken":0,"max_hp_gain":0,"max_hp_loss":0,"event_name":"Transmorgrifier","floor":36,"gold_loss":0,"cards_obtained":["Conserve Battery"]}],"is_beta":false,"boss_relics":[{"not_picked":["Coffee Dripper","Snecko Eye"],"picked":"Eternal Feather"},{"not_picked":["Velvet Choker","Orrery"],"picked":"Tiny House"}],"items_purged_floors":[10,19,21,28,38],"is_endless":false,"potions_floor_spawned":[8,11,14,18,27,29,35,45],"killed_by":"Giant Head","ascension_level":3}