{"gold_per_floor":[115,115,133,148,164,198,198,217,244,244,275,425,443,471,471,548,548,564,577,331,381,102,136,136,150,150,170,182,196,196,196,196,273,273,288,288,1287,1287,647,680,680,690,717,717,717,745,745,0,0,0],"floor_reached":50,"playtime":2010,"items_purged":["Normality"],"score":1073,"play_id":"63242de2-62e7-4e35-8b60-6ee13f0b4ffd","local_time":"20190301143757","is_ascension_mode":true,"campfire_choices":[{"floor":7,"key":"REST"},{"data":"Armaments","floor":10,"key":"SMITH"},{"floor":15,"key":"REST"},{"floor":24,"key":"REST"},{"floor":30,"key":"REST"},{"floor":32,"key":"REST"},{"data":"Armaments","floor":41,"key":"SMITH"},{"floor":44,"key":"REST"},{"floor":49,"key":"REST"}],"neow_cost":"NONE","seed_source_timestamp":20301702645711,"circlet_count":0,"master_deck":["AscendersBane","Strike_R","Strike_R","Strike_R","Strike_R","Defend_R","Defend_R","Defend_R","Defend_R","Bash","True Grit","Anger","Armaments+1","Entrench","Disarm","Disarm","Heavy Blade","Battle Trance","Armaments+1","Demon Form","Whirlwind","Metallicize","Flame Barrier","Reaper","Exhume","Flame Barrier","Normality","Disarm","Uppercut+1"],"relics":["Burning Blood","Omamori","Vajra","Ancient Tea Set","Orichalcum","Dream Catcher","Odd Mushroom","Sozu","Pen Nib","Pantograph","Singing Bowl","Letter Opener","MutagenicStrength","Snecko Eye","Juzu Bracelet","Boot","MealTicket","Frozen Egg 2","Strawberry","Question Card","Red Mask"],"potions_floor_usage":[6,14,16,50],"damage_taken":[{"damage":6,"enemies":"Cultist","floor":1,"turns":3},{"damage":4,"enemies":"Jaw Worm","floor":3,"turns":5},{"damage":0,"enemies":"2 Louse","floor":4,"turns":2},{"damage":12,"enemies":"2 Fungi Beasts","floor":5,"turns":3},{"damage":31,"enemies":"3 Sentries","floor":6,"turns":10},{"damage":1,"enemies":"Exordium Wildlife","floor":8,"turns":2},{"damage":23,"enemies":"Gremlin Nob","floor":11,"turns":4},{"damage":12,"enemies":"Large Slime","floor":13,"turns":6},{"damage":0,"enemies":"The Mushroom Lair","floor":14,"turns":4},{"damage":21,"enemies":"Hexaghost","floor":16,"turns":9},{"damage":7,"enemies":"Chosen","floor":18,"turns":5},{"damage":20,"enemies":"3 Byrds","floor":19,"turns":7},{"damage":36,"enemies":"Book of Stabbing","floor":23,"turns":7},{"damage":28,"enemies":"Cultist and Chosen","floor":25,"turns":9},{"damage":0,"enemies":"Snake Plant","floor":27,"turns":3},{"damage":9,"enemies":"Snecko","floor":28,"turns":5},{"damage":11,"enemies":"Cultist and Chosen","floor":29,"turns":6},{"damage":75,"enemies":"Automaton","floor":33,"turns":9},{"damage":0,"enemies":"3 Shapes","floor":35,"turns":1},{"damage":59,"enemies":"Reptomancer","floor":40,"turns":8},{"damage":10,"enemies":"Orb Walker","floor":42,"turns":4},{"damage":68,"enemies":"Giant Head","floor":46,"turns":9},{"damage":104,"enemies":"Donu and Deca","floor":50,"turns":7}],"seed_played":"6405743075629926309","potions_obtained":[{"floor":4,"key":"Swift Potion"},{"floor":8,"key":"FearPotion"},{"floor":11,"key":"GamblersBrew"},{"floor":13,"key":"Strength Potion"},{"floor":16,"key":"AttackPotion"}],"is_trial":false,"path_per_floor":["M","?","M","M","M","E","R","M","T","R","E","?","M","?","R","B",null,"M","M","$","?","$","E","R","M","T","M","M","M","R","?","R","B",null,"M","?","?","?","$","E","R","M","T","R","?","E","?","?","R","B"],"character_chosen":"IRONCLAD","items_purchased":["Whirlwind","Pen Nib","Pantograph","Juzu Bracelet","Boot","MealTicket"],"campfire_rested":7,"item_purchase_floors":[20,20,22,39,39,39],"current_hp_per_floor":[68,68,70,75,69,44,66,71,71,71,54,54,48,54,75,60,71,70,56,56,56,56,28,51,31,31,39,36,33,57,57,83,38,73,79,81,81,81,81,76,76,72,79,98,98,65,65,65,94,0],"gold":0,"neow_bonus":"RANDOM_COMMON_RELIC","is_prod":false,"is_daily":false,"chose_seed":false,"campfire_upgraded":2,"win_rate":0,"timestamp":1551487077,"path_taken":["M","?","M","M","M","E","R","M","T","R","E","?","M","?","R","BOSS","M","M","$","?","$","E","R","M","T","M","M","M","R","?","R","BOSS","M","?","?","?","$","E","R","M","T","R","?","E","?","?","R","BOSS"],"build_version":"2019-01-23","purchased_purges":1,"victory":false,"max_hp_per_floor":[75,75,75,75,75,75,75,75,75,75,75,75,75,75,75,75,75,75,75,75,75,75,77,77,79,79,81,81,83,83,83,85,85,85,85,87,87,87,87,89,89,89,96,98,98,98,93,93,95,95],"card_choices":[{"not_picked":["Headbutt","Blood for Blood"],"picked":"True Grit","floor":1},{"not_picked":["Headbutt","Searing Blow","Dual Wield"],"picked":"SKIP","floor":3},{"not_picked":["Hemokinesis","Thunderclap"],"picked":"Anger","floor":4},{"not_picked":["Intimidate","Sword Boomerang"],"picked":"Armaments","floor":5},{"not_picked":["Armaments","Bludgeon"],"picked":"Entrench","floor":6},{"not_picked":["Anger","Heavy Blade"],"picked":"Disarm","floor":8},{"not_picked":["Hemokinesis","Shrug It Off"],"picked":"Disarm","floor":11},{"not_picked":["Entrench","Second Wind"],"picked":"Heavy Blade","floor":13},{"not_picked":["Headbutt","Clash"],"picked":"Battle Trance","floor":14},{"not_picked":["Dropkick","Rupture"],"picked":"Armaments","floor":15},{"not_picked":["Juggernaut","Barricade"],"picked":"Demon Form","floor":16},{"not_picked":["Perfected Strike","Thunderclap","Havoc"],"picked":"SKIP","floor":18},{"not_picked":["Twin Strike","Thunderclap+1","Iron Wave"],"picked":"SKIP","floor":19},{"not_picked":["Body Slam","Pummel","Juggernaut"],"picked":"Singing Bowl","floor":23},{"not_picked":["Cleave+1","Clothesline+1"],"picked":"Metallicize","floor":24},{"not_picked":["Body Slam","Heavy Blade","Wild Strike"],"picked":"Singing Bowl","floor":25},{"not_picked":["Thunderclap","Clash","Pommel Strike"],"picked":"Singing Bowl","floor":27},{"not_picked":["True Grit","Bloodletting"],"picked":"Flame Barrier","floor":28},{"not_picked":["Body Slam","Headbutt","Carnage"],"picked":"Singing Bowl","floor":29},{"not_picked":["Rage","Burning Pact"],"picked":"Reaper","floor":30},{"not_picked":["Clash","Pommel Strike","Cleave"],"picked":"Singing Bowl","floor":32},{"not_picked":["Bludgeon","Feed"],"picked":"Exhume","floor":33},{"not_picked":["Intimidate","Havoc+1"],"picked":"Flame Barrier","floor":35},{"not_picked":["Secret Technique","Trip","Forethought"],"picked":"Singing Bowl","floor":36},{"not_picked":["Flex","Pommel Strike","Wild Strike"],"picked":"Singing Bowl","floor":40},{"not_picked":["Whirlwind","Sword Boomerang+1"],"picked":"Disarm","floor":42},{"not_picked":["Perfected Strike","Rage","Inflame+1"],"picked":"Singing Bowl","floor":44},{"not_picked":["Seeing Red","Dual Wield"],"picked":"Uppercut+1","floor":46},{"not_picked":["Carnage","Flex","Anger+1","Burning Pact+1"],"picked":"Singing Bowl","floor":49}],"player_experience":487847,"relics_obtained":[{"floor":6,"key":"Ancient Tea Set"},{"floor":9,"key":"Orichalcum"},{"floor":11,"key":"Dream Catcher"},{"floor":14,"key":"Odd Mushroom"},{"floor":23,"key":"Singing Bowl"},{"floor":26,"key":"Letter Opener"},{"floor":40,"key":"Frozen Egg 2"},{"floor":43,"key":"Strawberry"},{"floor":46,"key":"Question Card"}],"event_choices":[{"damage_healed":0,"gold_gain":0,"player_choice":"Box","damage_taken":0,"relics_obtained":["Vajra"],"max_hp_gain":0,"max_hp_loss":0,"event_name":"Big Fish","floor":2,"gold_loss":0,"cards_obtained":["Regret"]},{"damage_healed":0,"gold_gain":150,"player_choice":"AGREE","damage_taken":0,"max_hp_gain":0,"max_hp_loss":0,"event_name":"Liars Game","floor":12,"gold_loss":0,"cards_obtained":["Doubt"]},{"damage_healed":0,"gold_gain":0,"player_choice":"Fought Mushrooms","damage_taken":0,"max_hp_gain":0,"max_hp_loss":0,"event_name":"Mushrooms","floor":14,"gold_loss":0},{"damage_healed":0,"gold_gain":50,"player_choice":"Stole From Cult","damage_taken":0,"max_hp_gain":0,"max_hp_loss":0,"event_name":"Nest","floor":21,"gold_loss":0},{"damage_healed":0,"gold_gain":0,"player_choice":"Inject Mutagens","damage_taken":0,"relics_obtained":["MutagenicStrength"],"max_hp_gain":0,"max_hp_loss":0,"event_name":"Drug Dealer","floor":31,"gold_loss":0},{"damage_healed":0,"gold_gain":0,"player_choice":"Memory 1","damage_taken":0,"max_hp_gain":0,"max_hp_loss":0,"event_name":"SensoryStone","floor":36,"gold_loss":0},{"damage_healed":0,"gold_gain":999,"player_choice":"Gold","damage_taken":0,"max_hp_gain":0,"max_hp_loss":0,"event_name":"MindBloom","floor":37,"gold_loss":0,"cards_obtained":["Normality","Normality"]},{"cards_removed":["Strike_R"],"damage_healed":0,"gold_gain":0,"player_choice":"Removed Attack","damage_taken":0,"max_hp_gain":0,"max_hp_loss":0,"event_name":"Falling","floor":38,"gold_loss":0},{"damage_healed":0,"gold_gain":0,"player_choice":"Ignored","damage_taken":0,"max_hp_gain":0,"max_hp_loss":0,"event_name":"Mysterious Sphere","floor":45,"gold_loss":0},{"damage_healed":0,"gold_gain":0,"player_choice":"Max HP","damage_taken":0,"max_hp_gain":0,"max_hp_loss":5,"event_name":"Winding Halls","floor":47,"gold_loss":0},{"damage_healed":0,"gold_gain":0,"player_choice":"Paid","damage_taken":0,"relics_obtained":["Red Mask"],"max_hp_gain":0,"max_hp_loss":0,"event_name":"Tomb of Lord Red Mask","floor":48,"gold_loss":745}],"is_beta":false,"boss_relics":[{"not_picked":["Busted Crown","Coffee Dripper"],"picked":"Sozu"},{"not_picked":["Runic Pyramid","Mark of Pain"],"picked":"Snecko Eye"}],"items_purged_floors":[39],"is_endless":false,"potions_floor_spawned":[4,8,11,13,16,19,25,27,33,40,46],"killed_by":"Donu and Deca","ascension_level":17}