{"gold_per_floor":[115,30,47,58,72,100,100,127,127,147,177,188,188,219,219,315,315,329,11,22,33,132,160,160,194,194,194,194,207,236,336,336,437,437,455,555,79,99,199,226,243,243],"floor_reached":42,"playtime":2824,"items_purged":["Strike_G","Strike_G"],"score":723,"play_id":"7577229e-d743-4673-8d0d-06d30941417d","local_time":"20190309233101","is_ascension_mode":true,"campfire_choices":[{"data":"Neutralize","floor":7,"key":"SMITH"},{"data":"Noxious Fumes","floor":13,"key":"SMITH"},{"floor":15,"key":"REST"},{"data":"Dodge and Roll","floor":24,"key":"SMITH"},{"data":"Poisoned Stab","floor":28,"key":"SMITH"},{"floor":32,"key":"REST"}],"neow_cost":"NONE","seed_source_timestamp":17323216903684,"circlet_count":0,"master_deck":["Defend_G","Defend_G","Defend_G","Defend_G","Defend_G","Strike_G","Strike_G","Strike_G","Survivor","Neutralize+1","Noxious Fumes+1","Good Instincts","Dagger Throw","Poisoned Stab+1","Flying Knee","Die Die Die","Dodge and Roll+1","Deflect","Prepared","Footwork+1","Tools of the Trade+1","Backflip","Dramatic Entrance+1","Deadly Poison","Footwork+1","Footwork+1","Parasite","Writhe","Predator+1","Blur","Catalyst+1","Bouncing Flask+1","Dodge and Roll+1","Finesse+1","Well Laid Plans+1"],"relics":["Ring of the Snake","Orichalcum","The Courier","Art of War","Frozen Egg 2","Ginger","Oddly Smooth Stone","Cursed Key","Molten Egg 2","Meat on the Bone","Vajra","Blue Candle","Mummified Hand","Boot","Nunchaku","Toxic Egg 2","Eternal Feather","Dead Branch","Shuriken","Happy Flower","Smiling Mask"],"potions_floor_usage":[5,14],"damage_taken":[{"damage":1,"enemies":"2 Louse","floor":1,"turns":3},{"damage":0,"enemies":"Small Slimes","floor":3,"turns":5},{"damage":0,"enemies":"Cultist","floor":4,"turns":4},{"damage":3,"enemies":"Gremlin Gang","floor":5,"turns":5},{"damage":22,"enemies":"Lagavulin","floor":6,"turns":8},{"damage":9,"enemies":"Gremlin Nob","floor":8,"turns":4},{"damage":0,"enemies":"Lots of Slimes","floor":10,"turns":2},{"damage":6,"enemies":"Lagavulin","floor":11,"turns":6},{"damage":2,"enemies":"Blue Slaver","floor":12,"turns":3},{"damage":8,"enemies":"Gremlin Nob","floor":14,"turns":3},{"damage":1,"enemies":"Hexaghost","floor":16,"turns":11},{"damage":4,"enemies":"Chosen","floor":18,"turns":5},{"damage":4,"enemies":"3 Byrds","floor":20,"turns":7},{"damage":20,"enemies":"Shelled Parasite and Fungi","floor":21,"turns":7},{"damage":6,"enemies":"Book of Stabbing","floor":23,"turns":7},{"damage":23,"enemies":"Slavers","floor":25,"turns":6},{"damage":10,"enemies":"Snake Plant","floor":29,"turns":4},{"damage":1,"enemies":"Gremlin Leader","floor":30,"turns":6},{"damage":15,"enemies":"Colosseum Slavers","floor":31,"turns":5},{"damage":9,"enemies":"Colosseum Nobs","floor":31,"turns":5},{"damage":2,"enemies":"Automaton","floor":33,"turns":9},{"damage":10,"enemies":"Orb Walker","floor":35,"turns":4},{"damage":10,"enemies":"Mind Bloom Boss Battle","floor":36,"turns":7},{"damage":33,"enemies":"3 Darklings","floor":38,"turns":4},{"damage":0,"enemies":"Giant Head","floor":40,"turns":8},{"damage":3,"enemies":"4 Shapes","floor":41,"turns":4},{"damage":45,"enemies":"Reptomancer","floor":42,"turns":2}],"seed_played":"4543579497723595308","potions_obtained":[{"floor":1,"key":"Energy Potion"},{"floor":3,"key":"Poison Potion"},{"floor":11,"key":"Fire Potion"},{"floor":12,"key":"Ancient Potion"},{"floor":16,"key":"Ancient Potion"},{"floor":18,"key":"Dexterity Potion"},{"floor":25,"key":"FearPotion"},{"floor":38,"key":"GhostInAJar"}],"is_trial":false,"path_per_floor":["M","$","M","M","M","E","R","E","T","M","E","M","R","E","R","B",null,"M","$","M","M","?","E","R","E","T","?","R","M","E","?","R","B",null,"M","?","$","M","?","E","M","E"],"character_chosen":"THE_SILENT","items_purchased":["Good Instincts","Molten Egg 2","Dramatic Entrance+1","Shuriken","Happy Flower","Finesse+1"],"campfire_rested":2,"item_purchase_floors":[2,19,19,37,37,37],"current_hp_per_floor":[69,69,69,69,66,44,44,35,35,35,29,27,27,19,40,39,70,66,66,62,42,42,36,36,25,25,25,25,27,38,38,59,57,70,60,50,50,29,29,41,38,0],"gold":243,"neow_bonus":"RANDOM_COMMON_RELIC","is_prod":false,"is_daily":false,"chose_seed":false,"campfire_upgraded":4,"win_rate":0,"timestamp":1552170661,"path_taken":["M","$","M","M","M","E","R","E","T","M","E","M","R","E","R","BOSS","M","$","M","M","?","E","R","E","T","?","R","M","E","?","R","BOSS","M","?","$","M","?","E","?","E"],"build_version":"2019-01-23","purchased_purges":2,"victory":false,"max_hp_per_floor":[70,70,70,70,70,70,70,70,70,70,70,70,70,70,70,70,70,70,70,70,70,70,70,70,70,70,70,70,70,70,70,70,70,70,70,70,70,70,70,70,70,70],"card_choices":[{"not_picked":["Blade Dance","Bane"],"picked":"Noxious Fumes","floor":1},{"not_picked":["Outmaneuver","Setup"],"picked":"Dagger Throw","floor":3},{"not_picked":["Masterful Stab","Quick Slash"],"picked":"Poisoned Stab","floor":4},{"not_picked":["All Out Attack","Slice"],"picked":"Flying Knee","floor":5},{"not_picked":["Underhanded Strike","Poisoned Stab"],"picked":"Die Die Die","floor":6},{"not_picked":["Unload","Setup","Expertise"],"picked":"SKIP","floor":8},{"not_picked":["Poisoned Stab","Quick Slash"],"picked":"Dodge and Roll","floor":10},{"not_picked":["Underhanded Strike","Skewer"],"picked":"Deflect","floor":11},{"not_picked":["Expertise","Quick Slash"],"picked":"Prepared","floor":12},{"not_picked":["Distraction","Quick Slash"],"picked":"Footwork+1","floor":14},{"not_picked":["Storm of Steel","Venomology"],"picked":"Tools of the Trade+1","floor":16},{"not_picked":["Riddle With Holes","Outmaneuver"],"picked":"Backflip","floor":18},{"not_picked":["Sucker Punch+1","Prepared"],"picked":"Deadly Poison","floor":20},{"not_picked":["Dash+1","Bullet Time"],"picked":"Footwork+1","floor":21},{"not_picked":["Concentrate","Terror"],"picked":"Footwork+1","floor":23},{"not_picked":["Bane+1","Dodge and Roll","Deadly Poison"],"picked":"SKIP","floor":25},{"not_picked":["Finisher+1","Infinite Blades+1"],"picked":"Predator+1","floor":29},{"not_picked":["Sucker Punch+1","Accuracy+1"],"picked":"Blur","floor":30},{"not_picked":["Flechettes+1","Dagger Spray+1"],"picked":"Catalyst+1","floor":31},{"not_picked":["Eviscerate+1","Quick Slash+1"],"picked":"Bouncing Flask+1","floor":35},{"not_picked":["PiercingWail+1","Cloak And Dagger+1"],"picked":"Dodge and Roll+1","floor":36},{"not_picked":["Choke+1","Dagger Throw+1","Slice+1"],"picked":"SKIP","floor":38},{"not_picked":["Accuracy+1","Quick Slash+1","Phantasmal Killer+1"],"picked":"SKIP","floor":40},{"not_picked":["Prepared+1","Dagger Spray+1"],"picked":"Well Laid Plans+1","floor":41}],"player_experience":135594,"relics_obtained":[{"floor":6,"key":"The Courier"},{"floor":8,"key":"Art of War"},{"floor":9,"key":"Frozen Egg 2"},{"floor":11,"key":"Ginger"},{"floor":14,"key":"Oddly Smooth Stone"},{"floor":23,"key":"Meat on the Bone"},{"floor":25,"key":"Vajra"},{"floor":26,"key":"Blue Candle"},{"floor":30,"key":"Boot"},{"floor":31,"key":"Nunchaku"},{"floor":31,"key":"Toxic Egg 2"},{"floor":36,"key":"Dead Branch"},{"floor":40,"key":"Smiling Mask"}],"event_choices":[{"damage_healed":0,"gold_gain":99,"player_choice":"Stole From Cult","damage_taken":0,"max_hp_gain":0,"max_hp_loss":0,"event_name":"Nest","floor":22,"gold_loss":0},{"damage_healed":0,"gold_gain":0,"player_choice":"Opened","damage_taken":0,"relics_obtained":["Mummified Hand"],"max_hp_gain":0,"max_hp_loss":0,"event_name":"The Mausoleum","floor":27,"gold_loss":0,"cards_obtained":["Writhe"]},{"damage_healed":0,"gold_gain":0,"player_choice":"Fight","damage_taken":0,"max_hp_gain":0,"max_hp_loss":0,"event_name":"Colosseum","floor":31,"gold_loss":0},{"damage_healed":0,"gold_gain":0,"player_choice":"Fought Nobs","damage_taken":0,"max_hp_gain":0,"max_hp_loss":0,"event_name":"Colosseum","floor":31,"gold_loss":0},{"damage_healed":0,"gold_gain":0,"player_choice":"Fight","damage_taken":0,"max_hp_gain":0,"max_hp_loss":0,"event_name":"MindBloom","floor":36,"gold_loss":0},{"damage_healed":0,"gold_gain":100,"player_choice":"Pray","damage_taken":0,"max_hp_gain":0,"max_hp_loss":0,"event_name":"Golden Shrine","floor":39,"gold_loss":0}],"is_beta":false,"boss_relics":[{"not_picked":["Calling Bell","Runic Dome"],"picked":"Cursed Key"},{"not_picked":["Snecko Eye","Astrolabe"],"picked":"Eternal Feather"}],"items_purged_floors":[19,37],"is_endless":false,"potions_floor_spawned":[1,3,11,12,16,18,25,29,30,38,40],"killed_by":"Reptomancer","ascension_level":1}