{"gold_per_floor":[116,134,148,33,33,66,66,66,66,95,107,130,42,76,76,172,172,187,197,48,48,58,58,58],"floor_reached":24,"playtime":1129,"items_purged":["Shame","Strike_G","Strike_G"],"score":260,"play_id":"a4dd6555-1542-4ba5-9702-b60254176971","local_time":"20190311001655","is_ascension_mode":true,"campfire_choices":[{"data":"Noxious Fumes","floor":7,"key":"SMITH"},{"data":"Bouncing Flask","floor":11,"key":"SMITH"},{"floor":15,"key":"REST"},{"data":"Caltrops","floor":23,"key":"SMITH"}],"neow_cost":"CURSE","seed_source_timestamp":108174165550090,"circlet_count":0,"master_deck":["Defend_G","Defend_G","Defend_G","Defend_G","Defend_G","Strike_G","Strike_G","Strike_G","Survivor","Neutralize+1","Backflip","Cloak And Dagger","Bouncing Flask+1","Noxious Fumes+1","Deadly Poison","Corpse Explosion","Blur","Caltrops+1","Dodge and Roll","Necronomicurse"],"relics":["Ring of the Snake","Pear","Pantograph","MawBank","Shuriken","Eternal Feather","Necronomicon"],"potions_floor_usage":[14,24],"damage_taken":[{"damage":10,"enemies":"Small Slimes","floor":1,"turns":5},{"damage":1,"enemies":"2 Louse","floor":2,"turns":4},{"damage":1,"enemies":"Cultist","floor":3,"turns":4},{"damage":25,"enemies":"Gremlin Nob","floor":6,"turns":5},{"damage":34,"enemies":"3 Sentries","floor":10,"turns":7},{"damage":1,"enemies":"Red Slaver","floor":12,"turns":4},{"damage":15,"enemies":"Lagavulin","floor":14,"turns":5},{"damage":14,"enemies":"Slime Boss","floor":16,"turns":10},{"damage":15,"enemies":"3 Byrds","floor":18,"turns":4},{"damage":2,"enemies":"Shell Parasite","floor":19,"turns":6},{"damage":32,"enemies":"Snecko","floor":22,"turns":6},{"damage":50,"enemies":"Book of Stabbing","floor":24,"turns":8}],"seed_played":"3279914038500765207","potions_obtained":[{"floor":1,"key":"AttackPotion"},{"floor":6,"key":"GamblersBrew"},{"floor":14,"key":"Ancient Potion"}],"is_trial":false,"path_per_floor":["M","M","M","$","?","E","R","?","T","E","R","M","$","E","R","B",null,"M","M","$","?","M","R","E"],"character_chosen":"THE_SILENT","items_purchased":["Noxious Fumes","Dodge and Roll"],"campfire_rested":1,"item_purchase_floors":[4,20],"current_hp_per_floor":[74,73,72,72,72,57,57,57,57,23,23,22,22,7,35,46,94,79,77,77,61,29,41,0],"gold":58,"neow_bonus":"TWENTY_PERCENT_HP_BONUS","is_prod":false,"is_daily":false,"chose_seed":false,"campfire_upgraded":3,"win_rate":0,"timestamp":1552259815,"path_taken":["M","M","M","$","?","E","R","?","T","E","R","?","?","E","R","BOSS","M","M","$","?","M","R","E"],"build_version":"2019-01-23","purchased_purges":3,"victory":false,"max_hp_per_floor":[84,84,84,84,84,94,94,94,94,94,94,94,94,94,94,94,94,94,94,94,94,94,94,94],"card_choices":[{"not_picked":["Well Laid Plans","Outmaneuver"],"picked":"Backflip","floor":1},{"not_picked":["Skewer","Dagger Throw"],"picked":"Cloak And Dagger","floor":2},{"not_picked":["Expertise","Prepared"],"picked":"Bouncing Flask","floor":3},{"not_picked":["Escape Plan","Bouncing Flask"],"picked":"Deadly Poison","floor":6},{"not_picked":["Deadly Poison","Quick Slash","Bane"],"picked":"SKIP","floor":10},{"not_picked":["Endless Agony","Poisoned Stab","Outmaneuver"],"picked":"SKIP","floor":12},{"not_picked":["All Out Attack","Riddle With Holes","Calculated Gamble"],"picked":"SKIP","floor":14},{"not_picked":["Envenom","Phantasmal Killer"],"picked":"Corpse Explosion","floor":16},{"not_picked":["Underhanded Strike","Crippling Poison"],"picked":"Blur","floor":18},{"not_picked":["Quick Slash+1","Masterful Stab"],"picked":"Caltrops","floor":19},{"not_picked":["Prepared","Acrobatics","Setup"],"picked":"SKIP","floor":22}],"player_experience":160744,"relics_obtained":[{"floor":6,"key":"Pear"},{"floor":9,"key":"Pantograph"},{"floor":10,"key":"MawBank"},{"floor":14,"key":"Shuriken"},{"floor":21,"key":"Necronomicon"}],"event_choices":[{"damage_healed":0,"gold_gain":0,"player_choice":"Grow","damage_taken":0,"max_hp_gain":0,"max_hp_loss":0,"event_name":"Living Wall","floor":5,"gold_loss":0,"cards_upgraded":["Neutralize"]},{"damage_healed":0,"gold_gain":0,"player_choice":"Bought 0 Potions","damage_taken":0,"max_hp_gain":0,"max_hp_loss":0,"event_name":"The Woman in Blue","floor":8,"gold_loss":0},{"damage_healed":0,"gold_gain":0,"player_choice":"Obtained Book","damage_taken":16,"max_hp_gain":0,"max_hp_loss":0,"event_name":"Cursed Tome","floor":21,"gold_loss":0}],"is_beta":false,"boss_relics":[{"not_picked":["Snecko Eye","Ectoplasm"],"picked":"Eternal Feather"}],"items_purged_floors":[4,13,20],"is_endless":false,"potions_floor_spawned":[1,6,14],"killed_by":"Book of Stabbing","ascension_level":2}