{"gold_per_floor":[111,111,111,131,131,158,158,186,186,186,197,40,40,59,59,131,131,143,160,160,160,177,177,31,31,31,48,48,81,91,107,107,179,179,192,592,592,603,614,614,629,646,715,715,726,726,742,216,216,216],"floor_reached":51,"playtime":4832,"items_purged":["Strike_B","Defend_B"],"score":1137,"play_id":"b7632afd-e692-4fed-ae73-b523dcf5fa93","local_time":"20190306163244","is_ascension_mode":true,"campfire_choices":[{"floor":7,"key":"REST"},{"floor":10,"key":"REST"},{"data":"Zap","floor":15,"key":"SMITH"},{"data":"Ghostly","floor":23,"key":"SMITH"},{"data":"Hyperbeam","floor":25,"key":"SMITH"},{"data":"Ghostly","floor":32,"key":"SMITH"},{"data":"Ghostly","floor":40,"key":"SMITH"},{"data":"Ghostly","floor":46,"key":"SMITH"},{"data":"Recycle","floor":49,"key":"SMITH"}],"neow_cost":"NONE","seed_source_timestamp":1626751062116839,"circlet_count":0,"master_deck":["AscendersBane","Zap+1","Dualcast","Chill","Undo","Go for the Eyes+1","Scrape","Sweeping Beam","FTL+1","Parasite","Self Repair","Machine Learning","Glacier+1","Coolheaded+1","Ghostly+1","Ghostly+1","Ghostly","Ghostly+1","Ghostly+1","Consume","Electrodynamics","Skim","Hyperbeam+1","FTL","Stack","Echo Form","Seek+1","Electrodynamics+1","Tempest+1","Ghostly+1","Reboot","Beam Cell","Recycle+1"],"relics":["Cracked Core","Bronze Scales","Dodecahedron","Nunchaku","Boot","Sundial","Eternal Feather","Art of War","Omamori","Astrolabe","Old Coin","Question Card","Frozen Egg 2","Oddly Smooth Stone","Whetstone"],"potions_floor_usage":[14,16,29,29,33,39,39,50,50],"damage_taken":[{"damage":0,"enemies":"Small Slimes","floor":1,"turns":2},{"damage":2,"enemies":"Jaw Worm","floor":4,"turns":2},{"damage":21,"enemies":"Lagavulin","floor":6,"turns":10},{"damage":18,"enemies":"3 Sentries","floor":8,"turns":10},{"damage":0,"enemies":"2 Louse","floor":11,"turns":3},{"damage":18,"enemies":"Large Slime","floor":14,"turns":5},{"damage":13,"enemies":"Slime Boss","floor":16,"turns":8},{"damage":22,"enemies":"Shell Parasite","floor":18,"turns":6},{"damage":16,"enemies":"Spheric Guardian","floor":19,"turns":6},{"damage":7,"enemies":"Cultist and Chosen","floor":22,"turns":7},{"damage":0,"enemies":"Centurion and Healer","floor":27,"turns":6},{"damage":0,"enemies":"Book of Stabbing","floor":29,"turns":7},{"damage":0,"enemies":"Snecko","floor":30,"turns":6},{"damage":0,"enemies":"Sentry and Sphere","floor":31,"turns":7},{"damage":24,"enemies":"Automaton","floor":33,"turns":15},{"damage":3,"enemies":"3 Shapes","floor":35,"turns":2},{"damage":3,"enemies":"Mind Bloom Boss Battle","floor":36,"turns":9},{"damage":8,"enemies":"Orb Walker","floor":38,"turns":4},{"damage":9,"enemies":"Spire Growth","floor":39,"turns":6},{"damage":1,"enemies":"3 Darklings","floor":41,"turns":4},{"damage":0,"enemies":"Sphere and 2 Shapes","floor":42,"turns":5},{"damage":6,"enemies":"Spire Growth","floor":45,"turns":6},{"damage":5,"enemies":"Jaw Worm Horde","floor":47,"turns":3},{"damage":23,"enemies":"Awakened One","floor":50,"turns":22}],"seed_played":"7237307009472197326","potions_obtained":[{"floor":6,"key":"Weak Potion"},{"floor":14,"key":"PowerPotion"},{"floor":18,"key":"LiquidBronze"},{"floor":19,"key":"GamblersBrew"},{"floor":29,"key":"Strength Potion"},{"floor":33,"key":"FearPotion"},{"floor":36,"key":"AttackPotion"},{"floor":41,"key":"Regen Potion"},{"floor":42,"key":"Block Potion"}],"is_trial":false,"path_per_floor":["M","?","?","M","?","E","R","E","T","R","M","$","?","M","R","B",null,"M","M","?","?","M","R","$","R","T","M","$","E","M","M","R","B",null,"M","?","?","M","M","R","M","M","T","T","M","R","M","$","R","B",null],"character_chosen":"DEFECT","items_purchased":["FTL","Hyperbeam","Oddly Smooth Stone","Whetstone","Beam Cell","Dexterity Potion","Recycle"],"campfire_rested":2,"item_purchase_floors":[12,24,48,48,48,48,48],"current_hp_per_floor":[64,57,71,69,62,41,62,44,44,65,65,65,71,53,53,47,65,50,41,35,35,35,35,35,35,35,35,35,35,35,35,35,18,31,28,32,32,24,15,33,35,35,35,35,29,35,30,30,35,30],"gold":216,"neow_bonus":"RANDOM_COMMON_RELIC","is_prod":false,"is_daily":false,"chose_seed":false,"campfire_upgraded":7,"win_rate":0,"timestamp":1551868364,"path_taken":["M","?","?","M","?","E","R","E","T","R","M","$","?","M","R","BOSS","M","M","?","?","M","R","?","R","T","M","$","E","?","M","R","BOSS","M","?","?","M","M","R","?","M","T","?","?","R","M","$","R","BOSS"],"build_version":"2019-01-23","purchased_purges":2,"victory":true,"max_hp_per_floor":[71,71,71,71,71,71,71,71,71,71,71,71,71,71,71,71,71,71,71,35,35,35,35,35,35,35,35,35,35,35,35,35,35,35,35,35,35,35,35,35,35,35,35,35,35,35,35,35,35,35],"card_choices":[{"not_picked":["Redo","Streamline"],"picked":"Chill","floor":1},{"not_picked":["Cold Snap","Barrage"],"picked":"Undo","floor":4},{"not_picked":["Double Energy","Rebound"],"picked":"Go for the Eyes","floor":6},{"not_picked":["Rip and Tear","Heatsinks"],"picked":"Scrape","floor":8},{"not_picked":["BootSequence","Recycle"],"picked":"Sweeping Beam","floor":11},{"not_picked":["Compile Driver","Streamline"],"picked":"Self Repair","floor":14},{"not_picked":["Multi-Cast","Electrodynamics"],"picked":"Machine Learning","floor":16},{"not_picked":["Cold Snap","Go for the Eyes"],"picked":"Glacier+1","floor":18},{"not_picked":["Rebound","Fusion"],"picked":"Coolheaded+1","floor":19},{"not_picked":["Steam Power","Stack"],"picked":"Skim","floor":22},{"not_picked":["Fusion","Skim","Conserve Battery"],"picked":"SKIP","floor":27},{"not_picked":["Fusion","Skim","Conserve Battery"],"picked":"SKIP","floor":27},{"not_picked":["Turbo","Chaos","Beam Cell"],"picked":"SKIP","floor":29},{"not_picked":["Cold Snap+1","Rainbow"],"picked":"FTL","floor":30},{"not_picked":["Streamline","Go for the Eyes"],"picked":"Stack","floor":31},{"not_picked":["Biased Cognition","Amplify"],"picked":"Echo Form","floor":33},{"not_picked":["Conserve Battery","Go for the Eyes","Coolheaded"],"picked":"SKIP","floor":35},{"not_picked":["Lockon+1","Aggregate","Coolheaded"],"picked":"SKIP","floor":38},{"not_picked":["Go for the Eyes","Consume+1","Ball Lightning"],"picked":"SKIP","floor":39},{"not_picked":["Redo","Leap+1","Streamline+1"],"picked":"SKIP","floor":41},{"not_picked":["Streamline+1","Redo"],"picked":"Reboot","floor":42},{"not_picked":["Rebound","Conserve Battery","Coolheaded","Go for the Eyes+1"],"picked":"SKIP","floor":45},{"not_picked":["Heatsinks+1","Fusion","Ball Lightning","Stack+1"],"picked":"SKIP","floor":47}],"player_experience":954594,"relics_obtained":[{"floor":6,"key":"Nunchaku"},{"floor":8,"key":"Boot"},{"floor":9,"key":"Sundial"},{"floor":26,"key":"Art of War"},{"floor":29,"key":"Omamori"},{"floor":36,"key":"Old Coin"},{"floor":43,"key":"Question Card"},{"floor":44,"key":"Frozen Egg 2"}],"event_choices":[{"damage_healed":0,"gold_gain":0,"player_choice":"Success","damage_taken":7,"relics_obtained":["Dodecahedron"],"max_hp_gain":0,"max_hp_loss":0,"event_name":"Scrap Ooze","floor":2,"gold_loss":0},{"damage_healed":23,"gold_gain":0,"player_choice":"Banana","damage_taken":0,"max_hp_gain":0,"max_hp_loss":0,"event_name":"Big Fish","floor":3,"gold_loss":0},{"cards_removed":["Strike_B"],"damage_healed":0,"gold_gain":0,"player_choice":"Card Removal","damage_taken":7,"max_hp_gain":0,"max_hp_loss":0,"event_name":"Golden Wing","floor":5,"gold_loss":0},{"damage_healed":17,"gold_gain":0,"player_choice":"Healed and dodged fight","damage_taken":0,"max_hp_gain":0,"max_hp_loss":0,"event_name":"Mushrooms","floor":13,"gold_loss":0,"cards_obtained":["Parasite"]},{"damage_healed":0,"gold_gain":0,"player_choice":"Became a Ghost","damage_taken":0,"max_hp_gain":0,"max_hp_loss":36,"event_name":"Ghosts","floor":20,"gold_loss":0,"cards_obtained":["Ghostly","Ghostly","Ghostly","Ghostly","Ghostly"]},{"damage_healed":0,"gold_gain":0,"cards_transformed":["Strike_B","Strike_B"],"player_choice":"Became Test Subject","damage_taken":0,"max_hp_gain":0,"max_hp_loss":0,"event_name":"Drug Dealer","floor":21,"gold_loss":0,"cards_obtained":["Consume","Electrodynamics"]},{"damage_healed":0,"gold_gain":0,"player_choice":"Fight","damage_taken":0,"max_hp_gain":0,"max_hp_loss":0,"event_name":"MindBloom","floor":36,"gold_loss":0},{"damage_healed":0,"gold_gain":0,"player_choice":"Copied","damage_taken":0,"max_hp_gain":0,"max_hp_loss":0,"event_name":"Duplicator","floor":37,"gold_loss":0,"cards_obtained":["Ghostly"]}],"is_beta":false,"boss_relics":[{"not_picked":["Velvet Choker","Coffee Dripper"],"picked":"Eternal Feather"},{"not_picked":["Philosopher\u0027s Stone","Runic Dome"],"picked":"Astrolabe"}],"items_purged_floors":[12,48],"is_endless":false,"potions_floor_spawned":[6,14,18,19,29,33,36,41,42],"ascension_level":14}