{"gold_per_floor":[113,128,128,141,152,186,186,196,196,196,16,47,122,139,139,239,239,259,3,22,22,37,63,75,87,99,125,137,199,222,244,256,365,377,403,415,427,72,72,72,3,3,29,39,39,51,63,75,75,75],"floor_reached":51,"playtime":2137,"items_purged":["Strike_G"],"score":729,"play_id":"7920223a-3f4a-471d-b055-bac8a27947bb","local_time":"20190308143315","is_ascension_mode":false,"campfire_choices":[{"data":"Neutralize","floor":7,"key":"SMITH"},{"data":"Dash","floor":10,"key":"SMITH"},{"floor":15,"key":"REST"},{"data":"A Thousand Cuts","floor":24,"key":"SMITH"},{"data":"Cloak And Dagger","floor":25,"key":"SMITH"},{"data":"Infinite Blades","floor":28,"key":"SMITH"},{"floor":32,"key":"REST"},{"data":"Cloak And Dagger","floor":40,"key":"SMITH"},{"data":"Accuracy","floor":42,"key":"SMITH"},{"data":"Noxious Fumes","floor":45,"key":"SMITH"},{"floor":49,"key":"REST"}],"neow_cost":"NONE","seed_source_timestamp":160484827501791,"circlet_count":0,"master_deck":["Defend_G","Defend_G","Defend_G","Defend_G","Defend_G","Strike_G","Strike_G+1","Strike_G","Strike_G","Survivor","Neutralize+1","Deadly Poison","PiercingWail+1","Dash+1","Infinite Blades+1","Skewer","Cloak And Dagger+1","A Thousand Cuts+1","Dagger Spray","Blade Dance+1","Crippling Poison","Backstab","Die Die Die","Slice+1","Madness","Madness","Swift Strike","Infinite Blades","Cloak And Dagger+1","Accuracy+1","Noxious Fumes+1","Blade Dance+1","Blade Dance+1","Blade Dance+1"],"relics":["Ring of the Snake","Darkstone Periapt","Letter Opener","Anchor","Pen Nib","Sozu","Kunai","WingedGreaves","MawBank","Regal Pillow","WristBlade","Happy Flower","Dream Catcher"],"potions_floor_usage":[6,12],"damage_taken":[{"damage":0,"enemies":"Jaw Worm","floor":1,"turns":5},{"damage":0,"enemies":"Small Slimes","floor":2,"turns":4},{"damage":4,"enemies":"2 Louse","floor":4,"turns":3},{"damage":8,"enemies":"Exordium Thugs","floor":5,"turns":7},{"damage":19,"enemies":"3 Sentries","floor":6,"turns":14},{"damage":0,"enemies":"3 Louse","floor":8,"turns":4},{"damage":13,"enemies":"Lagavulin","floor":12,"turns":7},{"damage":1,"enemies":"Looter","floor":14,"turns":3},{"damage":33,"enemies":"Slime Boss","floor":16,"turns":13},{"damage":3,"enemies":"Shell Parasite","floor":18,"turns":5},{"damage":4,"enemies":"3 Byrds","floor":20,"turns":4},{"damage":0,"enemies":"3 Cultists","floor":22,"turns":5},{"damage":0,"enemies":"Gremlin Leader","floor":23,"turns":7},{"damage":0,"enemies":"Centurion and Healer","floor":27,"turns":7},{"damage":16,"enemies":"Sentry and Sphere","floor":30,"turns":6},{"damage":8,"enemies":"Shelled Parasite and Fungi","floor":31,"turns":5},{"damage":39,"enemies":"Collector","floor":33,"turns":8},{"damage":1,"enemies":"Orb Walker","floor":35,"turns":3},{"damage":7,"enemies":"3 Darklings","floor":44,"turns":5},{"damage":0,"enemies":"Transient","floor":46,"turns":5},{"damage":17,"enemies":"Jaw Worm Horde","floor":47,"turns":3},{"damage":0,"enemies":"4 Shapes","floor":48,"turns":3},{"damage":76,"enemies":"Donu and Deca","floor":50,"turns":8}],"seed_played":"8423110955318543210","potions_obtained":[{"floor":1,"key":"Poison Potion"},{"floor":6,"key":"SmokeBomb"},{"floor":8,"key":"Regen Potion"}],"is_trial":false,"path_per_floor":["M","M","?","M","M","E","R","M","T","R","$","E","?","M","R","B",null,"M","$","M","?","M","E","R","R","T","M","R","?","M","M","R","B",null,"M","?","?","$","?","R","$","R","T","M","R","M","M","M","R","B",null],"character_chosen":"THE_SILENT","items_purchased":["Anchor","Cloak And Dagger","Kunai","Happy Flower","Infinite Blades","Cloak And Dagger","Accuracy"],"campfire_rested":3,"item_purchase_floors":[11,11,19,38,38,38,41],"current_hp_per_floor":[77,77,62,58,50,31,31,31,31,31,31,33,22,21,44,11,77,74,74,70,70,70,70,70,70,70,70,70,70,54,46,77,38,77,76,66,66,66,66,66,66,66,66,59,59,59,42,42,77,1],"gold":75,"neow_bonus":"TEN_PERCENT_HP_BONUS","is_prod":false,"is_daily":false,"chose_seed":false,"campfire_upgraded":8,"win_rate":0,"timestamp":1552051995,"path_taken":["M","M","?","M","M","E","R","M","T","R","$","E","?","M","R","BOSS","M","$","M","?","M","E","R","R","T","M","R","?","M","M","R","BOSS","M","?","?","$","?","R","$","R","T","M","R","?","M","M","R","BOSS"],"build_version":"2019-01-23","purchased_purges":1,"victory":true,"max_hp_per_floor":[77,77,77,77,77,77,77,77,77,77,77,77,77,77,77,77,77,77,77,77,77,77,77,77,77,77,77,77,77,77,77,77,77,77,77,77,77,77,77,77,77,77,77,77,77,77,77,77,77,77],"card_choices":[{"not_picked":["Slice","Underhanded Strike"],"picked":"Deadly Poison","floor":1},{"not_picked":["Masterful Stab","Dodge and Roll"],"picked":"PiercingWail","floor":2},{"not_picked":["Outmaneuver","Flying Knee"],"picked":"Dash","floor":4},{"not_picked":["Acrobatics","Tactician","Underhanded Strike"],"picked":"SKIP","floor":5},{"not_picked":["Dodge and Roll","Acrobatics"],"picked":"Infinite Blades","floor":6},{"not_picked":["Eviscerate","Underhanded Strike"],"picked":"Skewer","floor":8},{"not_picked":["Setup","Riddle With Holes","Bouncing Flask"],"picked":"SKIP","floor":12},{"not_picked":["Terror","Bane","Prepared"],"picked":"SKIP","floor":14},{"not_picked":["Bullet Time","Glass Knife"],"picked":"A Thousand Cuts","floor":16},{"not_picked":["Calculated Gamble","Outmaneuver+1"],"picked":"Dagger Spray","floor":18},{"not_picked":["Outmaneuver","Dagger Throw","Setup"],"picked":"SKIP","floor":20},{"not_picked":["Dagger Spray+1","Masterful Stab+1","Outmaneuver"],"picked":"SKIP","floor":22},{"not_picked":["Dagger Spray","Poisoned Stab","Bane"],"picked":"SKIP","floor":23},{"not_picked":["Sucker Punch","Outmaneuver"],"picked":"Blade Dance+1","floor":27},{"not_picked":["Deflect","Corpse Explosion"],"picked":"Crippling Poison","floor":30},{"not_picked":["Blur+1","Quick Slash"],"picked":"Backstab","floor":31},{"not_picked":["Doppelganger","Phantasmal Killer"],"picked":"Die Die Die","floor":33},{"not_picked":["Slice+1","Eviscerate+1","Bane"],"picked":"SKIP","floor":35},{"not_picked":["Eviscerate+1","Bane"],"picked":"Slice+1","floor":35},{"not_picked":["Transmutation","Deep Breath"],"picked":"Swift Strike","floor":37},{"not_picked":["Prepared+1","Outmaneuver"],"picked":"Noxious Fumes","floor":44},{"not_picked":["Slice","Footwork+1"],"picked":"Blade Dance+1","floor":46},{"not_picked":["Cloak And Dagger","Dagger Throw+1","Dodge and Roll+1"],"picked":"SKIP","floor":47},{"not_picked":["Slice","Dagger Throw"],"picked":"Blade Dance+1","floor":48},{"not_picked":["Dagger Throw+1","Slice"],"picked":"Blade Dance+1","floor":49}],"player_experience":937596,"relics_obtained":[{"floor":6,"key":"Darkstone Periapt"},{"floor":9,"key":"Letter Opener"},{"floor":12,"key":"Pen Nib"},{"floor":23,"key":"MawBank"},{"floor":26,"key":"Regal Pillow"},{"floor":43,"key":"Dream Catcher"}],"event_choices":[{"damage_healed":0,"gold_gain":0,"player_choice":"Entered Light","damage_taken":15,"max_hp_gain":0,"max_hp_loss":0,"event_name":"Shining Light","floor":3,"gold_loss":0,"cards_upgraded":["PiercingWail","Strike_G"]},{"damage_healed":0,"gold_gain":75,"player_choice":"Gather Gold","damage_taken":11,"max_hp_gain":0,"max_hp_loss":0,"event_name":"World of Goop","floor":13,"gold_loss":0},{"damage_healed":0,"gold_gain":0,"player_choice":"Opened","damage_taken":0,"relics_obtained":["WingedGreaves"],"max_hp_gain":0,"max_hp_loss":0,"event_name":"The Mausoleum","floor":21,"gold_loss":0},{"damage_healed":0,"gold_gain":100,"player_choice":"Bet on Murderer","damage_taken":0,"max_hp_gain":0,"max_hp_loss":0,"event_name":"The Joust","floor":29,"gold_loss":50},{"damage_healed":0,"gold_gain":0,"player_choice":"Embrace Madness","damage_taken":10,"max_hp_gain":0,"max_hp_loss":0,"event_name":"Winding Halls","floor":36,"gold_loss":0,"cards_obtained":["Madness","Madness"]},{"damage_healed":0,"gold_gain":0,"player_choice":"Memory 1","damage_taken":0,"max_hp_gain":0,"max_hp_loss":0,"event_name":"SensoryStone","floor":37,"gold_loss":0},{"damage_healed":0,"gold_gain":0,"player_choice":"Bought 0 Potions","damage_taken":0,"max_hp_gain":0,"max_hp_loss":0,"event_name":"The Woman in Blue","floor":39,"gold_loss":0}],"is_beta":false,"boss_relics":[{"not_picked":["White Beast Statue","Orrery"],"picked":"Sozu"},{"not_picked":["Busted Crown","Tiny House"],"picked":"WristBlade"}],"items_purged_floors":[38],"is_endless":false,"potions_floor_spawned":[1,6,8,18,23,31,33,44,48],"ascension_level":0}