{"gold_per_floor":[115,132,132,144,144,179,191,236,248,275,321,333,362,58,58,58],"floor_reached":16,"playtime":1538,"items_purged":["Defend_B"],"score":167,"play_id":"410868eb-0478-4c14-939e-522c067bad59","local_time":"20190308172746","is_ascension_mode":true,"campfire_choices":[{"floor":7,"key":"REST"},{"floor":12,"key":"REST"},{"floor":15,"key":"REST"}],"neow_cost":"NONE","seed_source_timestamp":353763184598772,"circlet_count":0,"master_deck":["Strike_B","Strike_B","Strike_B","Strike_B","Defend_B","Defend_B","Defend_B","Zap","Dualcast","Coolheaded","Multi-Cast","Conserve Battery","Core Surge","Defragment","BootSequence","Leap","Conserve Battery"],"relics":["Cracked Core","NeowsBlessing","NlothsMask","MawBank","Gambling Chip","Mercury Hourglass","Toxic Egg 2"],"potions_floor_usage":[6,6,11,11,13,16],"damage_taken":[{"damage":0,"enemies":"Jaw Worm","floor":1,"turns":1},{"damage":0,"enemies":"Cultist","floor":2,"turns":1},{"damage":0,"enemies":"Small Slimes","floor":4,"turns":1},{"damage":36,"enemies":"Lagavulin","floor":6,"turns":10},{"damage":54,"enemies":"3 Sentries","floor":8,"turns":14},{"damage":2,"enemies":"Red Slaver","floor":10,"turns":4},{"damage":0,"enemies":"Lagavulin","floor":11,"turns":7},{"damage":0,"enemies":"Large Slime","floor":13,"turns":5},{"damage":58,"enemies":"Hexaghost","floor":16,"turns":16}],"seed_played":"-7215549126838055394","potions_obtained":[{"floor":5,"key":"GamblersBrew"},{"floor":5,"key":"Explosive Potion"},{"floor":5,"key":"Block Potion"},{"floor":8,"key":"Poison Potion"},{"floor":10,"key":"SpeedPotion"},{"floor":11,"key":"Energy Potion"},{"floor":13,"key":"Regen Potion"}],"is_trial":false,"path_per_floor":["M","M","?","M","?","E","R","E","T","M","E","R","M","$","R","B"],"character_chosen":"DEFECT","items_purchased":["Toxic Egg 2"],"campfire_rested":3,"item_purchase_floors":[14],"current_hp_per_floor":[75,75,75,75,75,39,61,7,7,5,5,27,27,27,49,0],"gold":58,"neow_bonus":"THREE_ENEMY_KILL","is_prod":false,"is_daily":false,"chose_seed":false,"campfire_upgraded":0,"win_rate":0,"timestamp":1552087666,"path_taken":["M","M","?","?","?","E","R","E","T","M","E","R","?","$","R","BOSS"],"build_version":"2019-01-23","purchased_purges":1,"victory":false,"max_hp_per_floor":[75,75,75,75,75,75,75,75,75,75,75,75,75,75,75,75],"card_choices":[{"not_picked":["Barrage","Sweeping Beam"],"picked":"Coolheaded","floor":1},{"not_picked":["Turbo","Genetic Algorithm"],"picked":"Multi-Cast","floor":2},{"not_picked":["Loop","Storm"],"picked":"Conserve Battery","floor":4},{"not_picked":["BootSequence","Go for the Eyes"],"picked":"Core Surge","floor":6},{"not_picked":["Sunder","Thunder Strike"],"picked":"Defragment","floor":8},{"not_picked":["Turbo","Loop"],"picked":"BootSequence","floor":10},{"not_picked":["BootSequence","Coolheaded"],"picked":"Leap","floor":11},{"not_picked":["Coolheaded","Beam Cell"],"picked":"Conserve Battery","floor":13}],"player_experience":227467,"relics_obtained":[{"floor":6,"key":"MawBank"},{"floor":8,"key":"Gambling Chip"},{"floor":11,"key":"Mercury Hourglass"}],"event_choices":[{"damage_healed":0,"gold_gain":0,"player_choice":"Trade","damage_taken":0,"relics_obtained":["NlothsMask"],"max_hp_gain":0,"max_hp_loss":0,"event_name":"FaceTrader","floor":3,"gold_loss":0},{"damage_healed":0,"gold_gain":0,"player_choice":"Got Potions","damage_taken":0,"max_hp_gain":0,"max_hp_loss":0,"event_name":"Lab","floor":5,"gold_loss":0}],"is_beta":false,"boss_relics":[],"items_purged_floors":[14],"is_endless":false,"potions_floor_spawned":[8,10,11,13],"killed_by":"Hexaghost","ascension_level":3}