{"gold_per_floor":[119,1,20,95,114,148,160,172,255,267,279,321,343,385,397,409],"floor_reached":16,"playtime":791,"items_purged":[],"score":171,"play_id":"a298f4cb-a7c7-4cf0-b8ee-432e5b426ec3","local_time":"20181231162758","is_ascension_mode":true,"campfire_choices":[{"data":"Flame Barrier","floor":7,"key":"SMITH"},{"floor":10,"key":"REST"},{"floor":15,"key":"REST"}],"neow_cost":"NONE","seed_source_timestamp":4231190531564,"circlet_count":0,"master_deck":["Strike_R+1","Strike_R","Strike_R","Strike_R","Strike_R","Defend_R","Defend_R","Defend_R+1","Defend_R","Flame Barrier+1","Blind","Headbutt","Corruption","Carnage","Iron Wave","Headbutt"],"relics":["Burning Blood","NeowsBlessing","MawBank","Toxic Egg 2","Bronze Scales","Dodecahedron"],"potions_floor_usage":[6,12,14,14],"damage_taken":[{"damage":0,"enemies":"Cultist","floor":1,"turns":1},{"damage":0,"enemies":"Jaw Worm","floor":3,"turns":1},{"damage":0,"enemies":"Small Slimes","floor":5,"turns":1},{"damage":36,"enemies":"3 Sentries","floor":6,"turns":13},{"damage":32,"enemies":"Lagavulin","floor":12,"turns":11},{"damage":0,"enemies":"3 Louse","floor":13,"turns":3},{"damage":3,"enemies":"3 Sentries","floor":14,"turns":8},{"damage":53,"enemies":"Slime Boss","floor":16,"turns":11}],"seed_played":"-2646275903142168288","potions_obtained":[{"floor":1,"key":"FearPotion"},{"floor":5,"key":"FearPotion"},{"floor":12,"key":"Dexterity Potion"},{"floor":13,"key":"GamblersBrew"}],"is_trial":false,"path_per_floor":["M","$","M","?","M","E","R","?","T","R","?","E","M","E","R","B"],"character_chosen":"IRONCLAD","items_purchased":["Flame Barrier","Blind"],"campfire_rested":2,"item_purchase_floors":[2,2],"current_hp_per_floor":[78,78,80,69,75,45,45,29,29,53,46,20,26,29,53,0],"gold":409,"neow_bonus":"THREE_ENEMY_KILL","is_prod":false,"is_daily":false,"chose_seed":false,"campfire_upgraded":1,"win_rate":0,"timestamp":1546280878,"path_taken":["M","$","?","?","M","E","R","?","T","R","?","E","M","E","R","BOSS"],"build_version":"2018-12-20","purchased_purges":0,"victory":false,"max_hp_per_floor":[80,80,80,80,80,80,80,80,80,80,80,80,80,80,80,80],"card_choices":[{"not_picked":["Burning Pact","Rage","Flex"],"picked":"SKIP","floor":1},{"not_picked":["Evolve","Sentinel"],"picked":"Headbutt","floor":3},{"not_picked":["Armaments","Rage"],"picked":"Corruption","floor":5},{"not_picked":["Armaments","Rampage"],"picked":"Carnage","floor":6},{"not_picked":["Rage+1","Rupture","Anger"],"picked":"SKIP","floor":12},{"not_picked":["Anger","Headbutt"],"picked":"Iron Wave","floor":13},{"not_picked":["Heavy Blade","Searing Blow"],"picked":"Headbutt","floor":14}],"player_experience":648947,"relics_obtained":[{"floor":6,"key":"MawBank"},{"floor":9,"key":"Toxic Egg 2"},{"floor":12,"key":"Bronze Scales"},{"floor":14,"key":"Dodecahedron"}],"event_choices":[{"damage_healed":0,"gold_gain":75,"player_choice":"Gather Gold","damage_taken":11,"max_hp_gain":0,"max_hp_loss":0,"event_name":"World of Goop","floor":4,"gold_loss":0},{"damage_healed":0,"gold_gain":0,"player_choice":"Entered Light","damage_taken":16,"max_hp_gain":0,"max_hp_loss":0,"event_name":"Shining Light","floor":8,"gold_loss":0,"cards_upgraded":["Defend_R","Strike_R"]},{"cards_removed":["Bash"],"damage_healed":0,"gold_gain":0,"player_choice":"Card Removal","damage_taken":7,"max_hp_gain":0,"max_hp_loss":0,"event_name":"Golden Wing","floor":11,"gold_loss":0}],"is_beta":false,"boss_relics":[],"items_purged_floors":[],"is_endless":false,"potions_floor_spawned":[1,5,12,13],"killed_by":"Slime Boss","ascension_level":9}