{"gold_per_floor":[115,390,126,142,217,242,242,257,257,282,282,282,326,326],"floor_reached":14,"playtime":383,"items_purged":["Regret"],"score":111,"play_id":"8be5a4fc-5d06-4284-8847-fc895f38fb03","local_time":"20190310024615","is_ascension_mode":true,"campfire_choices":[{"data":"Uppercut","floor":7,"key":"SMITH"}],"neow_cost":"NONE","seed_source_timestamp":31480477043451,"circlet_count":0,"master_deck":["Strike_R","Strike_R","Strike_R","Strike_R","Strike_R","Defend_R","Defend_R","Defend_R","Defend_R","Bash+1","Spot Weakness","Uppercut+1","Anger+1","Flame Barrier","True Grit","Injury","Demon Form"],"relics":["Burning Blood","Vajra","Paper Frog","Matryoshka","Toxic Egg 2","Golden Idol","Meat on the Bone"],"potions_floor_usage":[13,14,14],"damage_taken":[{"damage":6,"enemies":"Cultist","floor":1,"turns":3},{"damage":0,"enemies":"2 Louse","floor":4,"turns":2},{"damage":44,"enemies":"3 Sentries","floor":6,"turns":7},{"damage":1,"enemies":"Jaw Worm","floor":8,"turns":4},{"damage":10,"enemies":"Gremlin Nob","floor":10,"turns":4},{"damage":26,"enemies":"Lagavulin","floor":13,"turns":5},{"damage":12,"enemies":"Large Slime","floor":14,"turns":3}],"seed_played":"4482271238835481881","potions_obtained":[{"floor":4,"key":"BloodPotion"},{"floor":6,"key":"Explosive Potion"},{"floor":8,"key":"GamblersBrew"}],"is_trial":false,"path_per_floor":["M","?","$","M","?","E","R","M","T","E","?","?","E","M"],"character_chosen":"IRONCLAD","items_purchased":["Vajra","Uppercut"],"campfire_rested":0,"item_purchase_floors":[3,3],"current_hp_per_floor":[88,88,88,88,77,39,39,44,44,40,22,22,10,0],"gold":326,"neow_bonus":"TEN_PERCENT_HP_BONUS","is_prod":false,"is_daily":false,"chose_seed":false,"campfire_upgraded":1,"win_rate":0,"timestamp":1552182375,"path_taken":["M","?","$","?","?","E","R","M","T","E","?","?","E","M"],"build_version":"2019-01-23","purchased_purges":1,"victory":false,"max_hp_per_floor":[88,88,88,88,88,88,88,88,88,88,88,88,88,88],"card_choices":[{"not_picked":["Twin Strike","Thunderclap"],"picked":"Spot Weakness","floor":1},{"not_picked":["Sword Boomerang","Heavy Blade"],"picked":"Anger","floor":4},{"not_picked":["Thunderclap","Iron Wave"],"picked":"Flame Barrier","floor":6},{"not_picked":["Clash","Pommel Strike"],"picked":"True Grit","floor":8},{"not_picked":["Fire Breathing","Havoc","Entrench"],"picked":"SKIP","floor":10},{"not_picked":["Power Through+1","Spot Weakness+1"],"picked":"Demon Form","floor":13}],"player_experience":146380,"relics_obtained":[{"floor":6,"key":"Paper Frog"},{"floor":9,"key":"Matryoshka"},{"floor":10,"key":"Toxic Egg 2"},{"floor":13,"key":"Meat on the Bone"}],"event_choices":[{"damage_healed":0,"gold_gain":275,"player_choice":"Desecrate","damage_taken":0,"max_hp_gain":0,"max_hp_loss":0,"event_name":"Golden Shrine","floor":2,"gold_loss":0,"cards_obtained":["Regret"]},{"damage_healed":0,"gold_gain":75,"player_choice":"Gather Gold","damage_taken":11,"max_hp_gain":0,"max_hp_loss":0,"event_name":"World of Goop","floor":5,"gold_loss":0},{"damage_healed":0,"gold_gain":0,"player_choice":"Entered Light","damage_taken":18,"max_hp_gain":0,"max_hp_loss":0,"event_name":"Shining Light","floor":11,"gold_loss":0,"cards_upgraded":["Bash","Anger"]},{"damage_healed":0,"gold_gain":0,"player_choice":"Take Wound","damage_taken":0,"relics_obtained":["Golden Idol"],"max_hp_gain":0,"max_hp_loss":0,"event_name":"Golden Idol","floor":12,"gold_loss":0,"cards_obtained":["Injury"]}],"is_beta":false,"boss_relics":[],"items_purged_floors":[3],"is_endless":false,"potions_floor_spawned":[4,6,8],"killed_by":"Large Slime","ascension_level":1}