{"gold_per_floor":[117,87,99,274,83,83,103,103,103,121,138,138,62,89,89,190,190,206,206,220,143,157,157,39,2,26,40,40],"floor_reached":28,"playtime":2183,"items_purged":["Doubt"],"score":218,"play_id":"391c7bf4-fc24-409b-9677-d76a2341a216","local_time":"20180717183453","is_ascension_mode":false,"campfire_choices":[{"data":"Rampage","floor":6,"key":"SMITH"},{"data":"Rampage","floor":8,"key":"SMITH"},{"data":"Pommel Strike","floor":12,"key":"SMITH"},{"data":"Pommel Strike","floor":15,"key":"SMITH"},{"floor":23,"key":"REST"}],"neow_cost":"","seed_source_timestamp":792979900467,"circlet_count":0,"master_deck":["Strike_R","Strike_R","Strike_R","Strike_R","Strike_R","Defend_R","Defend_R","Defend_R","Defend_R","Bash","Twin Strike","Reckless Charge","Rampage+1","Headbutt","Rampage+1","Pommel Strike+1","Pommel Strike+1","Rage","Sword Boomerang","Offering","Clash","Writhe","Warcry","J.A.X.","Cleave","Rupture","Shrug It Off","Intimidate","Rupture"],"relics":["Burning Blood","Blood Vial","Potion Belt","Philosopher\u0027s Stone","Paper Frog","Bag of Preparation"],"potions_floor_usage":[16,16,16,28],"damage_taken":[{"damage":10,"enemies":"Cultist","floor":1,"turns":4},{"damage":17,"enemies":"Small Slimes","floor":3,"turns":3},{"damage":8,"enemies":"Jaw Worm","floor":7,"turns":3},{"damage":0,"enemies":"Exordium Wildlife","floor":10,"turns":3},{"damage":1,"enemies":"3 Louse","floor":11,"turns":3},{"damage":22,"enemies":"Gremlin Nob","floor":14,"turns":4},{"damage":65,"enemies":"The Guardian","floor":16,"turns":9},{"damage":19,"enemies":"3 Byrds","floor":18,"turns":3},{"damage":28,"enemies":"Shell Parasite","floor":20,"turns":3},{"damage":19,"enemies":"Sentry and Sphere","floor":22,"turns":3},{"damage":33,"enemies":"Snecko","floor":27,"turns":5},{"damage":51,"enemies":"Gremlin Leader","floor":28,"turns":4}],"seed_played":"7186551076814880540","potions_obtained":[{"floor":1,"key":"Fire Potion"},{"floor":2,"key":"SneckoOil"},{"floor":2,"key":"Strength Potion"},{"floor":10,"key":"EssenceOfSteel"},{"floor":22,"key":"Regen Potion"}],"is_trial":false,"path_per_floor":["M","?","M","?","$","R","M","R","T","M","M","R","$","E","R","B",null,"M","?","M","?","M","R","$","$","T","M"],"character_chosen":"IRONCLAD","items_purchased":["Rampage","Headbutt","Rage","Rupture","Shrug It Off","Intimidate"],"campfire_rested":1,"item_purchase_floors":[5,5,13,24,24,25],"current_hp_per_floor":[76,76,65,65,65,65,63,63,63,71,78,78,78,64,64,7,80,67,67,47,47,36,60,60,60,60,35,0],"gold":40,"neow_bonus":"","is_prod":false,"is_daily":false,"chose_seed":false,"campfire_upgraded":4,"win_rate":0.0,"timestamp":1531870493,"path_taken":["M","?","M","?","$","R","M","R","T","M","M","R","$","E","R","BOSS","M","?","M","?","M","R","?","$","T","M","E"],"build_version":"2018-07-12","purchased_purges":1,"victory":false,"max_hp_per_floor":[80,80,80,80,80,80,80,80,80,80,80,80,80,80,80,80,80,80,80,80,80,80,80,80,80,80,80,80],"card_choices":[{"not_picked":["Dual Wield","Flex"],"picked":"Twin Strike","floor":1},{"not_picked":["Clothesline","Body Slam"],"picked":"Reckless Charge","floor":3},{"not_picked":["Headbutt","Twin Strike"],"picked":"Rampage","floor":7},{"not_picked":["Armaments","Perfected Strike"],"picked":"Pommel Strike","floor":10},{"not_picked":["Burning Pact","Armaments"],"picked":"Pommel Strike","floor":11},{"not_picked":["Dark Embrace","True Grit"],"picked":"Sword Boomerang","floor":14},{"not_picked":["Demon Form","Juggernaut"],"picked":"Offering","floor":16},{"not_picked":["Sword Boomerang","Anger"],"picked":"Clash","floor":18},{"not_picked":["Perfected Strike","Hemokinesis+1"],"picked":"Warcry","floor":20},{"not_picked":["Brutality","Sword Boomerang"],"picked":"Cleave","floor":22},{"not_picked":["Shockwave","True Grit"],"picked":"Rupture","floor":27}],"player_experience":0,"relics_obtained":[{"floor":9,"key":"Blood Vial"},{"floor":14,"key":"Potion Belt"},{"floor":26,"key":"Bag of Preparation"}],"event_choices":[{"event_name":"The Woman in Blue","player_choice":"Bought 2 Potions","floor":2,"damage_taken":0},{"event_name":"Liars Game","player_choice":"agreed","floor":4,"damage_taken":0},{"event_name":"The Mausoleum","player_choice":"Yes","floor":19,"damage_taken":0},{"event_name":"Drug Dealer","player_choice":"Got JAXXED","floor":21,"damage_taken":0}],"boss_relics":[{"not_picked":["Tiny House","White Beast Statue"],"picked":"Philosopher\u0027s Stone"}],"items_purged_floors":[5],"is_endless":false,"potions_floor_spawned":[1,10,22],"killed_by":"Gremlin Leader","ascension_level":0}