{"gold_per_floor":[111,286,300,300,17,52,52,79,79,79,109,121,150,150,150,245,245,261,249,164,264,264,264,264,264,264,264,276,276,292,322,322,322],"floor_reached":33,"playtime":1489,"items_purged":["Doubt"],"score":330,"play_id":"0ed2966b-05ca-4df8-b6c2-21155a347ea7","local_time":"20190311152205","is_ascension_mode":true,"campfire_choices":[{"data":"Blind","floor":7,"key":"SMITH"},{"data":"Disarm","floor":10,"key":"SMITH"},{"floor":15,"key":"REST"},{"floor":23,"key":"REST"},{"data":"Flame Barrier","floor":25,"key":"SMITH"},{"data":"Uppercut","floor":27,"key":"SMITH"},{"floor":29,"key":"REST"},{"floor":32,"key":"REST"}],"neow_cost":"NONE","seed_source_timestamp":162124621901317,"circlet_count":0,"master_deck":["Strike_R","Strike_R","Strike_R","Strike_R","Strike_R","Defend_R","Defend_R","Defend_R","Defend_R","Bash","Infernal Blade","Disarm+1","Blind+1","Uppercut+1","Headbutt","Berserk+1","Dropkick","Exhume","Feel No Pain","Flame Barrier+1","Blood for Blood+1","Flame Barrier","Exhume"],"relics":["Black Blood","NeowsBlessing","Unceasing Top","Membership Card","Orichalcum","Ice Cream","Sundial","Blue Candle","Self Forming Clay","Question Card","Du-Vu Doll","Darkstone Periapt","Red Skull","Anchor"],"potions_floor_usage":[13,21,21,28,28,30],"damage_taken":[{"damage":0,"enemies":"Jaw Worm","floor":1,"turns":1},{"damage":0,"enemies":"2 Louse","floor":3,"turns":1},{"damage":0,"enemies":"Lagavulin","floor":6,"turns":1},{"damage":20,"enemies":"3 Sentries","floor":8,"turns":9},{"damage":22,"enemies":"Lagavulin","floor":11,"turns":7},{"damage":0,"enemies":"Cultist","floor":12,"turns":3},{"damage":7,"enemies":"3 Sentries","floor":13,"turns":5},{"damage":13,"enemies":"Hexaghost","floor":16,"turns":10},{"damage":17,"enemies":"Spheric Guardian","floor":18,"turns":7},{"damage":20,"enemies":"2 Thieves","floor":19,"turns":4},{"damage":34,"enemies":"Colosseum Slavers","floor":21,"turns":7},{"damage":36,"enemies":"Colosseum Nobs","floor":21,"turns":6},{"damage":15,"enemies":"Snake Plant","floor":28,"turns":3},{"damage":27,"enemies":"3 Cultists","floor":30,"turns":6},{"damage":33,"enemies":"Book of Stabbing","floor":31,"turns":6},{"damage":57,"enemies":"Collector","floor":33,"turns":6}],"seed_played":"-1131725597621156330","potions_obtained":[{"floor":8,"key":"SpeedPotion"},{"floor":11,"key":"Fire Potion"},{"floor":12,"key":"SpeedPotion"},{"floor":21,"key":"Explosive Potion"},{"floor":24,"key":"AttackPotion"},{"floor":24,"key":"Swift Potion"}],"is_trial":false,"path_per_floor":["M","?","M","?","$","E","R","E","T","R","E","M","E","?","R","B",null,"M","M","?","?","?","R","?","R","T","R","M","R","M","E","R","B"],"character_chosen":"IRONCLAD","items_purchased":["Membership Card","Blind"],"campfire_rested":4,"item_purchase_floors":[5,5],"current_hp_per_floor":[80,80,80,73,73,79,79,65,65,65,49,55,54,54,78,71,80,73,63,63,13,13,37,37,37,37,37,32,56,39,16,40,0],"gold":322,"neow_bonus":"THREE_ENEMY_KILL","is_prod":false,"is_daily":false,"chose_seed":false,"campfire_upgraded":4,"win_rate":0,"timestamp":1552314125,"path_taken":["M","?","M","?","$","E","R","E","T","R","E","M","E","?","R","BOSS","M","M","?","?","?","R","?","R","T","R","M","R","M","E","R","BOSS"],"build_version":"2019-01-23","purchased_purges":1,"victory":false,"max_hp_per_floor":[80,80,80,80,80,80,80,80,80,80,80,80,80,80,80,80,80,80,80,80,80,80,80,80,80,80,80,80,80,80,80,80,80],"card_choices":[{"not_picked":["Shrug It Off","True Grit"],"picked":"Infernal Blade","floor":1},{"not_picked":["Body Slam","Shrug It Off"],"picked":"Disarm","floor":3},{"not_picked":["Armaments","Headbutt"],"picked":"Uppercut","floor":6},{"not_picked":["True Grit","Body Slam","Sentinel"],"picked":"SKIP","floor":8},{"not_picked":["Evolve","Pommel Strike"],"picked":"Headbutt","floor":11},{"not_picked":["Body Slam","Uppercut"],"picked":"Berserk","floor":12},{"not_picked":["Entrench","Twin Strike"],"picked":"Dropkick","floor":13},{"not_picked":["Barricade","Double Tap"],"picked":"Exhume","floor":16},{"not_picked":["Sword Boomerang","Anger+1","Havoc"],"picked":"SKIP","floor":18},{"not_picked":["Cleave+1","Armaments"],"picked":"Feel No Pain","floor":19},{"not_picked":["Seeing Red","Rage","Clothesline+1"],"picked":"Flame Barrier","floor":21},{"not_picked":["Inflame","Havoc+1","Infernal Blade+1"],"picked":"Blood for Blood+1","floor":28},{"not_picked":["Sword Boomerang","Clash","Anger"],"picked":"Flame Barrier","floor":30},{"not_picked":["Infernal Blade","Combust","Fire Breathing"],"picked":"Exhume","floor":31}],"player_experience":173226,"relics_obtained":[{"floor":6,"key":"Orichalcum"},{"floor":8,"key":"Ice Cream"},{"floor":9,"key":"Sundial"},{"floor":11,"key":"Blue Candle"},{"floor":13,"key":"Self Forming Clay"},{"floor":21,"key":"Du-Vu Doll"},{"floor":21,"key":"Darkstone Periapt"},{"floor":26,"key":"Red Skull"},{"floor":31,"key":"Anchor"}],"event_choices":[{"damage_healed":0,"gold_gain":175,"player_choice":"AGREE","damage_taken":0,"max_hp_gain":0,"max_hp_loss":0,"event_name":"Liars Game","floor":2,"gold_loss":0,"cards_obtained":["Doubt"]},{"damage_healed":0,"gold_gain":0,"player_choice":"Success","damage_taken":7,"relics_obtained":["Unceasing Top"],"max_hp_gain":0,"max_hp_loss":0,"event_name":"Scrap Ooze","floor":4,"gold_loss":0},{"damage_healed":0,"gold_gain":0,"player_choice":"Upgraded","damage_taken":0,"max_hp_gain":0,"max_hp_loss":0,"event_name":"Upgrade Shrine","floor":14,"gold_loss":0,"cards_upgraded":["Berserk"]},{"damage_healed":0,"gold_gain":0,"player_choice":"Obtained Relic","damage_taken":0,"relics_obtained":["Question Card"],"max_hp_gain":0,"max_hp_loss":0,"event_name":"Addict","floor":20,"gold_loss":85},{"damage_healed":0,"gold_gain":0,"player_choice":"Fight","damage_taken":0,"max_hp_gain":0,"max_hp_loss":0,"event_name":"Colosseum","floor":21,"gold_loss":0},{"damage_healed":0,"gold_gain":0,"player_choice":"Fought Nobs","damage_taken":0,"max_hp_gain":0,"max_hp_loss":0,"event_name":"Colosseum","floor":21,"gold_loss":0},{"damage_healed":0,"gold_gain":0,"player_choice":"Ignored","damage_taken":0,"max_hp_gain":0,"max_hp_loss":0,"event_name":"Cursed Tome","floor":22,"gold_loss":0},{"damage_healed":0,"gold_gain":0,"player_choice":"Got Potions","damage_taken":0,"max_hp_gain":0,"max_hp_loss":0,"event_name":"Lab","floor":24,"gold_loss":0}],"is_beta":false,"boss_relics":[{"not_picked":["Ectoplasm","Coffee Dripper"],"picked":"Black Blood"}],"items_purged_floors":[5],"is_endless":false,"potions_floor_spawned":[8,11,12,21,21],"killed_by":"Collector","ascension_level":1}