{"gold_per_floor":[118,137,12,28,39,39,68,68,122,78,78,90,90,103,103,177,177,191,191,191,191,204,204,204],"floor_reached":24,"playtime":2511,"items_purged":["Strike_G"],"score":467,"play_id":"64e95381-fdb3-4ba0-8988-21e954e2b782","local_time":"20190306111354","is_ascension_mode":true,"campfire_choices":[{"data":"Bane","floor":6,"key":"SMITH"},{"data":"Deadly Poison","floor":8,"key":"SMITH"},{"floor":13,"key":"REST"},{"floor":15,"key":"REST"},{"floor":23,"key":"REST"}],"neow_cost":"NONE","seed_source_timestamp":376116383463509,"circlet_count":0,"master_deck":["AscendersBane","Defend_G","Defend_G","Defend_G","Defend_G","Defend_G","Strike_G","Strike_G","Strike_G","Strike_G","Survivor","Neutralize+1","Sucker Punch","Deadly Poison+1","Bane+1","Crippling Poison","Bane","Dagger Spray","Footwork+1","Deadly Poison","Infinite Blades+1","Corpse Explosion","Footwork+1"],"relics":["Ring of the Snake","Frozen Egg 2","Bag of Marbles","Philosopher\u0027s Stone","NlothsMask"],"potions_floor_usage":[12,16,16,24,24],"damage_taken":[{"damage":9,"enemies":"Cultist","floor":1,"turns":5},{"damage":2,"enemies":"2 Louse","floor":2,"turns":3},{"damage":1,"enemies":"Jaw Worm","floor":4,"turns":3},{"damage":1,"enemies":"3 Louse","floor":5,"turns":3},{"damage":22,"enemies":"Gremlin Nob","floor":7,"turns":4},{"damage":12,"enemies":"Gremlin Gang","floor":12,"turns":5},{"damage":1,"enemies":"2 Fungi Beasts","floor":14,"turns":4},{"damage":0,"enemies":"The Guardian","floor":16,"turns":9},{"damage":0,"enemies":"Chosen","floor":18,"turns":3},{"damage":21,"enemies":"Spheric Guardian","floor":22,"turns":4},{"damage":46,"enemies":"Cultist and Chosen","floor":24,"turns":6}],"seed_played":"1147358376641669239","potions_obtained":[{"floor":7,"key":"Weak Potion"},{"floor":12,"key":"LiquidBronze"},{"floor":14,"key":"Block Potion"},{"floor":16,"key":"SkillPotion"},{"floor":22,"key":"Block Potion"}],"is_trial":false,"path_per_floor":["M","M","$","M","M","R","E","R","T","$","?","M","R","M","R","B",null,"M","?","?","?","M","R","M"],"character_chosen":"THE_SILENT","items_purchased":["Bane","Footwork+1"],"campfire_rested":3,"item_purchase_floors":[3,10],"current_hp_per_floor":[50,48,48,47,46,46,24,24,24,24,15,3,22,21,40,40,60,60,42,42,42,21,42,0],"gold":204,"neow_bonus":"UPGRADE_CARD","is_prod":false,"is_daily":false,"chose_seed":false,"campfire_upgraded":2,"win_rate":0,"timestamp":1551867234,"path_taken":["M","M","$","M","?","R","E","R","T","$","?","M","R","M","R","BOSS","M","?","?","?","M","R","M"],"build_version":"2019-01-23","purchased_purges":1,"victory":false,"max_hp_per_floor":[66,66,66,66,66,66,66,66,66,66,66,66,66,66,66,66,66,66,71,71,71,71,71,71],"card_choices":[{"not_picked":["Quick Slash","Outmaneuver"],"picked":"Sucker Punch","floor":1},{"not_picked":["Expertise","Eviscerate"],"picked":"Deadly Poison","floor":2},{"not_picked":["Tools of the Trade","Flechettes"],"picked":"Crippling Poison","floor":4},{"not_picked":["Poisoned Stab","Prepared"],"picked":"Bane","floor":5},{"not_picked":["Reflex","Predator"],"picked":"Dagger Spray","floor":7},{"not_picked":["Poisoned Stab","Choke"],"picked":"Deadly Poison","floor":12},{"not_picked":["Crippling Poison","Outmaneuver"],"picked":"Infinite Blades+1","floor":14},{"not_picked":["Phantasmal Killer","After Image+1"],"picked":"Corpse Explosion","floor":16},{"not_picked":["Dash","Dodge and Roll","Blade Dance"],"picked":"SKIP","floor":18},{"not_picked":["Setup+1","Dagger Throw"],"picked":"Footwork+1","floor":22}],"player_experience":902654,"relics_obtained":[{"floor":7,"key":"Frozen Egg 2"},{"floor":9,"key":"Bag of Marbles"}],"event_choices":[{"damage_healed":0,"gold_gain":0,"player_choice":"Damaged","damage_taken":9,"max_hp_gain":0,"max_hp_loss":0,"event_name":"Wheel of Change","floor":11,"gold_loss":0},{"damage_healed":0,"gold_gain":0,"player_choice":"Shed Blood","damage_taken":23,"max_hp_gain":5,"max_hp_loss":0,"event_name":"Forgotten Altar","floor":19,"gold_loss":0},{"damage_healed":0,"gold_gain":0,"player_choice":"Ignored","damage_taken":0,"max_hp_gain":0,"max_hp_loss":0,"event_name":"Vampires","floor":20,"gold_loss":0},{"damage_healed":0,"gold_gain":0,"player_choice":"Trade","damage_taken":0,"relics_obtained":["NlothsMask"],"max_hp_gain":0,"max_hp_loss":0,"event_name":"FaceTrader","floor":21,"gold_loss":0}],"is_beta":false,"boss_relics":[{"not_picked":["Ring of the Serpent","Orrery"],"picked":"Philosopher\u0027s Stone"}],"items_purged_floors":[3],"is_endless":false,"potions_floor_spawned":[7,12,14,16,22],"killed_by":"Cultist and Chosen","ascension_level":18}