{"gold_per_floor":[114,114,114,79,79,109,109,139,164,194,209,209,134,164,164,264,264,279,279,156,156,171,171,201,201,201,231,246,276,30,30,30,130,130,145,160,260,275,79,109,109,109,134,146,188,215,227,254,266,278],"floor_reached":51,"playtime":3552,"items_purged":["Beam Cell","Redo","Cold Snap"],"score":935,"play_id":"007d96ea-59f9-4f49-9ad5-fed1883b21ac","local_time":"20190311134224","daily_mods":["Draft","Time Dilation","Elite Swarm"],"is_ascension_mode":false,"campfire_choices":[{"data":"Capacitor","floor":7,"key":"SMITH"},{"data":"Echo Form","floor":12,"key":"SMITH"},{"data":"Machine Learning","floor":15,"key":"SMITH"},{"data":"Storm","floor":23,"key":"SMITH"},{"data":"Hologram","floor":25,"key":"SMITH"},{"floor":32,"key":"REST"},{"data":"Thunder Strike","floor":41,"key":"SMITH"},{"data":"Loop","floor":44,"key":"SMITH"},{"data":"Buffer","floor":47,"key":"SMITH"},{"data":"Creative AI","floor":49,"key":"SMITH"}],"neow_cost":"","seed_source_timestamp":0,"circlet_count":0,"master_deck":["Leap","Compile Driver","Coolheaded","Capacitor+1","Ball Lightning","Conserve Battery","Self Repair","Reinforced Body","Genetic Algorithm","Loop+1","Coolheaded","Echo Form+1","Electrodynamics","Ball Lightning","Machine Learning+1","Meteor Strike","Glacier","Storm+1","Ghostly","Ghostly","Ghostly","Ghostly","Ghostly","Hologram+1","Steam","Gash+1","Thunder Strike+1","Steam","BootSequence","Creative AI+1","Conserve Battery","Capacitor","Rainbow","Turbo","Turbo+1","Heatsinks+1","Auto Shields+1","Panache","Purity","Recycle","Buffer+1","Undo","Defragment+1","Chill+1"],"special_seed":17966,"relics":["Cracked Core","Centennial Puzzle","FossilizedHelix","Ice Cream","Bag of Preparation","Pen Nib","Prayer Wheel","Eternal Feather","Omamori","Darkstone Periapt","Matryoshka","Cables","Nuclear Battery","StoneCalendar","Unceasing Top","MawBank","Potion Belt","DataDisk"],"potions_floor_usage":[8,16,16,24,29,33,40,40,40,45],"damage_taken":[{"damage":0,"enemies":"2 Louse","floor":1,"turns":2},{"damage":23,"enemies":"Gremlin Nob","floor":6,"turns":5},{"damage":0,"enemies":"Lagavulin","floor":8,"turns":6},{"damage":18,"enemies":"Gremlin Nob","floor":10,"turns":4},{"damage":1,"enemies":"Jaw Worm","floor":11,"turns":5},{"damage":14,"enemies":"3 Sentries","floor":14,"turns":4},{"damage":3,"enemies":"The Guardian","floor":16,"turns":6},{"damage":18,"enemies":"Chosen","floor":18,"turns":6},{"damage":0,"enemies":"Shell Parasite","floor":22,"turns":9},{"damage":0,"enemies":"Gremlin Leader","floor":24,"turns":6},{"damage":2,"enemies":"Book of Stabbing","floor":27,"turns":8},{"damage":0,"enemies":"Snake Plant","floor":28,"turns":5},{"damage":29,"enemies":"Gremlin Leader","floor":29,"turns":8},{"damage":3,"enemies":"Collector","floor":33,"turns":10},{"damage":0,"enemies":"3 Darklings","floor":35,"turns":5},{"damage":0,"enemies":"3 Shapes","floor":36,"turns":5},{"damage":0,"enemies":"Mind Bloom Boss Battle","floor":37,"turns":5},{"damage":0,"enemies":"3 Darklings","floor":38,"turns":4},{"damage":18,"enemies":"Giant Head","floor":40,"turns":10},{"damage":0,"enemies":"Nemesis","floor":45,"turns":7},{"damage":0,"enemies":"Spire Growth","floor":46,"turns":5},{"damage":0,"enemies":"Sphere and 2 Shapes","floor":48,"turns":6},{"damage":0,"enemies":"Donu and Deca","floor":50,"turns":7}],"seed_played":"-4617565889114114574","potions_obtained":[{"floor":1,"key":"Energy Potion"},{"floor":6,"key":"PowerPotion"},{"floor":10,"key":"Weak Potion"},{"floor":14,"key":"AttackPotion"},{"floor":18,"key":"Dexterity Potion"},{"floor":27,"key":"Poison Potion"},{"floor":33,"key":"SkillPotion"},{"floor":35,"key":"Dexterity Potion"},{"floor":36,"key":"GamblersBrew"},{"floor":40,"key":"Block Potion"},{"floor":48,"key":"Energy Potion"}],"is_trial":false,"path_per_floor":["M","?","?","?","$","E","R","E","T","E","M","R","$","E","R","B",null,"M","?","$","?","M","R","E","R","T","E","M","E","$","?","R","B",null,"M","M","?","M","$","E","R","?","T","R","E","M","R","M","R","B",null],"character_chosen":"DEFECT","items_purchased":["Hologram","Conserve Battery","Capacitor","Panache"],"campfire_rested":1,"item_purchase_floors":[20,30,30,39],"current_hp_per_floor":[75,68,56,74,74,58,58,65,65,54,60,60,60,53,53,50,75,64,37,37,37,37,37,37,37,37,37,37,15,15,6,35,37,37,37,37,37,37,37,26,37,37,37,37,37,37,37,37,37,37],"gold":290,"neow_bonus":"","is_prod":false,"is_daily":true,"chose_seed":false,"campfire_upgraded":9,"win_rate":0,"timestamp":1552308144,"path_taken":["M","?","?","?","?","E","R","E","T","E","?","R","?","E","R","BOSS","M","?","$","?","M","R","E","R","T","E","M","E","$","?","R","BOSS","M","M","?","M","$","E","R","?","T","R","E","M","R","M","R","BOSS"],"build_version":"2019-01-23","purchased_purges":3,"victory":true,"max_hp_per_floor":[75,75,75,75,75,75,75,75,75,75,75,75,75,75,75,75,75,75,37,37,37,37,37,37,37,37,37,37,37,37,37,37,37,37,37,37,37,37,37,37,37,37,37,37,37,37,37,37,37,37],"card_choices":[{"not_picked":["Storm","Barrage"],"picked":"Beam Cell","floor":0},{"not_picked":["Undo","Force Field"],"picked":"Leap","floor":0},{"not_picked":["Beam Cell","Streamline"],"picked":"Turbo","floor":0},{"not_picked":["Reinforced Body","Steam"],"picked":"Compile Driver","floor":0},{"not_picked":["Stack","Genetic Algorithm"],"picked":"Redo","floor":0},{"not_picked":["Turbo","Storm"],"picked":"Coolheaded","floor":0},{"not_picked":["Beam Cell","Rebound"],"picked":"Capacitor","floor":0},{"not_picked":["Aggregate","Go for the Eyes"],"picked":"Ball Lightning","floor":0},{"not_picked":["Rip and Tear","Melter"],"picked":"Conserve Battery","floor":0},{"not_picked":["Sweeping Beam","Aggregate"],"picked":"Reprogram","floor":0},{"not_picked":["Redo","Doom and Gloom"],"picked":"Self Repair","floor":0},{"not_picked":["Barrage","Sunder"],"picked":"Reinforced Body","floor":0},{"not_picked":["Gash","Sweeping Beam"],"picked":"Genetic Algorithm","floor":0},{"not_picked":["Rebound","Turbo"],"picked":"Loop","floor":0},{"not_picked":["Beam Cell","Reprogram"],"picked":"Cold Snap","floor":0},{"not_picked":["Redo","Cold Snap"],"picked":"Coolheaded","floor":1},{"not_picked":["Fission","Seek","Reboot"],"picked":"SKIP","floor":6},{"not_picked":["Core Surge","Multi-Cast"],"picked":"Echo Form","floor":8},{"not_picked":["All For One","Fission"],"picked":"Electrodynamics","floor":10},{"not_picked":["Streamline","Rebound"],"picked":"Ball Lightning","floor":11},{"not_picked":["Biased Cognition","Reboot"],"picked":"Machine Learning","floor":14},{"not_picked":["Echo Form","Seek"],"picked":"Meteor Strike","floor":16},{"not_picked":["Leap","Ball Lightning"],"picked":"Glacier","floor":18},{"not_picked":["Turbo","Steam"],"picked":"Storm","floor":18},{"not_picked":["Stack","Go for the Eyes"],"picked":"Steam","floor":22},{"not_picked":["Go for the Eyes","Rebound"],"picked":"Gash+1","floor":22},{"not_picked":["Reboot","Biased Cognition"],"picked":"Thunder Strike","floor":24},{"not_picked":["Seek","Amplify","Thunder Strike"],"picked":"SKIP","floor":27},{"not_picked":["Ball Lightning","Rebound"],"picked":"Steam","floor":28},{"not_picked":["Gash+1","Static Discharge"],"picked":"BootSequence","floor":28},{"not_picked":["Multi-Cast","Thunder Strike"],"picked":"Creative AI","floor":29},{"not_picked":["Fission","Meteor Strike"],"picked":"Rainbow","floor":33},{"not_picked":["Compile Driver","Barrage"],"picked":"Turbo","floor":35},{"not_picked":["Rip and Tear","Cold Snap+1"],"picked":"Turbo+1","floor":35},{"not_picked":["Conserve Battery+1","Steam+1","Redo"],"picked":"SKIP","floor":36},{"not_picked":["Ball Lightning","Redo","Beam Cell"],"picked":"SKIP","floor":36},{"not_picked":["Cold Snap","Leap"],"picked":"Heatsinks+1","floor":38},{"not_picked":["Gash","Barrage+1"],"picked":"Auto Shields+1","floor":38},{"not_picked":["Machine Learning","Thunder Strike","Echo Form"],"picked":"SKIP","floor":40},{"not_picked":["Hyperbeam","Fission"],"picked":"Buffer","floor":45},{"not_picked":["Stack","Streamline+1"],"picked":"Undo","floor":46},{"not_picked":["Coolheaded+1","Redo+1","Stack"],"picked":"SKIP","floor":46},{"not_picked":["Beam Cell+1","Rebound"],"picked":"Defragment+1","floor":48},{"not_picked":["Redo+1","Compile Driver"],"picked":"Chill+1","floor":48}],"player_experience":165434,"relics_obtained":[{"floor":6,"key":"FossilizedHelix"},{"floor":8,"key":"Ice Cream"},{"floor":9,"key":"Bag of Preparation"},{"floor":10,"key":"Pen Nib"},{"floor":14,"key":"Prayer Wheel"},{"floor":24,"key":"Omamori"},{"floor":26,"key":"Darkstone Periapt"},{"floor":27,"key":"Matryoshka"},{"floor":29,"key":"Cables"},{"floor":37,"key":"StoneCalendar"},{"floor":40,"key":"Unceasing Top"},{"floor":43,"key":"MawBank"},{"floor":43,"key":"Potion Belt"},{"floor":45,"key":"DataDisk"}],"event_choices":[{"cards_removed":["Turbo"],"damage_healed":0,"gold_gain":0,"player_choice":"Card Removal","damage_taken":7,"max_hp_gain":0,"max_hp_loss":0,"event_name":"Golden Wing","floor":2,"gold_loss":0},{"damage_healed":0,"gold_gain":0,"player_choice":"Success","damage_taken":12,"relics_obtained":["Centennial Puzzle"],"max_hp_gain":0,"max_hp_loss":0,"event_name":"Scrap Ooze","floor":3,"gold_loss":0},{"damage_healed":18,"gold_gain":0,"player_choice":"Healed","damage_taken":0,"max_hp_gain":0,"max_hp_loss":0,"event_name":"The Cleric","floor":4,"gold_loss":35},{"damage_healed":0,"gold_gain":0,"player_choice":"Became a Ghost","damage_taken":0,"max_hp_gain":0,"max_hp_loss":38,"event_name":"Ghosts","floor":19,"gold_loss":0,"cards_obtained":["Ghostly","Ghostly","Ghostly","Ghostly","Ghostly"]},{"cards_removed":["Reprogram"],"damage_healed":0,"gold_gain":0,"player_choice":"Elegance","damage_taken":0,"max_hp_gain":0,"max_hp_loss":0,"event_name":"Back to Basics","floor":21,"gold_loss":0},{"damage_healed":0,"gold_gain":0,"player_choice":"Stopped","damage_taken":9,"max_hp_gain":0,"max_hp_loss":0,"event_name":"Cursed Tome","floor":31,"gold_loss":0},{"damage_healed":0,"gold_gain":0,"player_choice":"Fight","damage_taken":0,"max_hp_gain":0,"max_hp_loss":0,"event_name":"MindBloom","floor":37,"gold_loss":0},{"damage_healed":0,"gold_gain":0,"player_choice":"2 cards matched","damage_taken":0,"max_hp_gain":0,"max_hp_loss":0,"event_name":"Match and Keep!","floor":42,"gold_loss":0,"cards_obtained":["Purity","Recycle"]}],"is_beta":false,"boss_relics":[{"not_picked":["Philosopher\u0027s Stone","Coffee Dripper"],"picked":"Eternal Feather"},{"not_picked":["Lizard Tail","Empty Cage"],"picked":"Nuclear Battery"}],"items_purged_floors":[13,20,30],"is_endless":false,"potions_floor_spawned":[1,6,10,14,18,27,33,35,36,40,48],"ascension_level":0}