{"gold_per_floor":[219,219,231,244,244,269,3,3,30,0],"floor_reached":10,"playtime":322,"items_purged":[],"score":132,"play_id":"d99b7b6c-657e-45fa-90d3-4f6d789eaed3","local_time":"20190131144215","is_ascension_mode":true,"campfire_choices":[{"data":"Go for the Eyes","floor":8,"key":"SMITH"}],"neow_cost":"NONE","seed_source_timestamp":88256366071821,"circlet_count":0,"master_deck":["AscendersBane","Strike_B","Strike_B","Strike_B","Strike_B","Defend_B","Defend_B","Defend_B","Defend_B","Zap","Dualcast+1","Cold Snap","Ball Lightning","Go for the Eyes+1","Regret","FTL"],"special_seed":0,"relics":["Cracked Core","Juzu Bracelet","Blood Vial","Frozen Egg 2","Dream Catcher"],"potions_floor_usage":[],"damage_taken":[{"damage":2.0,"enemies":"2 Louse","floor":1.0,"turns":3.0},{"damage":3,"enemies":"Small Slimes","floor":3,"turns":3},{"damage":0,"enemies":"Cultist","floor":4,"turns":3},{"damage":29,"enemies":"3 Sentries","floor":6,"turns":7},{"damage":39,"enemies":"Exordium Thugs","floor":10,"turns":2}],"seed_played":"-3694712617245173015","potions_obtained":[{"floor":6,"key":"PowerPotion"}],"is_trial":false,"path_per_floor":["M","?","M","M","?","E","$","R","T","M"],"character_chosen":"DEFECT","items_purchased":["Frozen Egg 2"],"campfire_rested":0,"item_purchase_floors":[7],"current_hp_per_floor":[62,62,59,59,59,30,30,30,30,0],"gold":0,"neow_bonus":"HUNDRED_GOLD","is_prod":false,"is_daily":false,"chose_seed":false,"campfire_upgraded":1,"win_rate":0,"timestamp":1548967335,"path_taken":["M","?","M","M","?","E","$","R","T","M"],"build_version":"2019-01-23","purchased_purges":0,"victory":false,"max_hp_per_floor":[71,71,71,71,71,71,71,71,71,71],"card_choices":[{"not_picked":["Beam Cell","Fusion"],"picked":"Cold Snap","floor":1.0},{"not_picked":["Steam","Gash"],"picked":"Ball Lightning","floor":3},{"not_picked":["Barrage","Cold Snap"],"picked":"Go for the Eyes","floor":4},{"not_picked":["Barrage","Hologram"],"picked":"FTL","floor":6}],"player_experience":272114,"relics_obtained":[{"floor":6,"key":"Blood Vial"},{"floor":9,"key":"Dream Catcher"}],"event_choices":[{"damage_healed":0,"gold_gain":0,"player_choice":"Grow","damage_taken":0,"max_hp_gain":0,"max_hp_loss":0,"event_name":"Living Wall","floor":2,"gold_loss":0,"cards_upgraded":["Dualcast"]},{"damage_healed":0,"gold_gain":0,"player_choice":"Box","damage_taken":0,"relics_obtained":["Juzu Bracelet"],"max_hp_gain":0,"max_hp_loss":0,"event_name":"Big Fish","floor":5,"gold_loss":0,"cards_obtained":["Regret"]}],"is_beta":false,"boss_relics":[],"items_purged_floors":[],"is_endless":false,"potions_floor_spawned":[6],"killed_by":"Exordium Thugs","ascension_level":20}