{"gold_per_floor":[118,193,163,7,17,42,42,42,42,42,55,55,65,95,95,200,200,217,234,509,528,95,45,70,70,70,104,123,123],"floor_reached":29,"playtime":1604,"items_purged":["Regret"],"score":312,"play_id":"fb166a5d-85b3-4bf8-949f-2b264fff897e","local_time":"20190123230749","is_ascension_mode":true,"campfire_choices":[{"floor":8,"key":"REST"},{"data":"Deadly Poison","floor":10,"key":"SMITH"},{"floor":15,"key":"REST"},{"floor":25,"key":"REST"}],"neow_cost":"NONE","seed_source_timestamp":399437434886177,"circlet_count":0,"master_deck":["Defend_G","Defend_G","Defend_G","Defend_G","Defend_G","Strike_G","Strike_G","Strike_G","Strike_G","Strike_G","Survivor","Neutralize","Dash","Deadly Poison+1","Acrobatics","Sucker Punch+1","Eviscerate+1","Dark Shackles","Backflip","After Image+1","Tools of the Trade+1","Escape Plan+1","Dodge and Roll+1","Deadly Poison","Well Laid Plans+1","Noxious Fumes+1","Corpse Explosion","Deadly Poison"],"relics":["Ring of the Snake","Art of War","Dead Branch","Molten Egg 2","Frozen Egg 2","Eternal Feather","Mummified Hand","Girya","PreservedInsect","Pear"],"potions_floor_usage":[6,16,16,19,24,24,29],"damage_taken":[{"damage":0,"enemies":"Jaw Worm","floor":1,"turns":3},{"damage":3,"enemies":"Small Slimes","floor":5,"turns":3},{"damage":32,"enemies":"Gremlin Nob","floor":6,"turns":5},{"damage":0,"enemies":"Cultist","floor":11,"turns":4},{"damage":15,"enemies":"Lots of Slimes","floor":13,"turns":4},{"damage":13,"enemies":"Lagavulin","floor":14,"turns":6},{"damage":16,"enemies":"The Guardian","floor":16,"turns":10},{"damage":17,"enemies":"3 Byrds","floor":18,"turns":7},{"damage":8,"enemies":"Spheric Guardian","floor":19,"turns":5},{"damage":16,"enemies":"Centurion and Healer","floor":21,"turns":9},{"damage":18,"enemies":"Slavers","floor":24,"turns":8},{"damage":44,"enemies":"Gremlin Leader","floor":27,"turns":7},{"damage":6,"enemies":"Snake Plant","floor":28,"turns":6},{"damage":10,"enemies":"Chosen and Byrds","floor":29,"turns":5}],"seed_played":"-3613509936292217816","potions_obtained":[{"floor":1,"key":"AttackPotion"},{"floor":3,"key":"PowerPotion"},{"floor":3,"key":"SkillPotion"},{"floor":13,"key":"LiquidBronze"},{"floor":14,"key":"Swift Potion"},{"floor":16,"key":"GamblersBrew"},{"floor":19,"key":"Fire Potion"},{"floor":21,"key":"Ancient Potion"}],"is_trial":false,"path_per_floor":["M","?","?","$","M","E","$","R","T","R","M","?","M","E","R","B",null,"M","M","?","M","$","?","E","R","T","E","M","M"],"character_chosen":"THE_SILENT","items_purchased":["Art of War","Deadly Poison","Mummified Hand","Well Laid Plans+1"],"campfire_rested":3,"item_purchase_floors":[4,22,22,22],"current_hp_per_floor":[70,59,59,59,56,24,24,45,45,45,45,45,30,17,38,22,70,53,45,45,29,29,29,11,47,47,13,7,0],"gold":123,"neow_bonus":"THREE_CARDS","is_prod":false,"is_daily":false,"chose_seed":false,"campfire_upgraded":1,"win_rate":0,"timestamp":1548320869,"path_taken":["M","?","?","$","?","E","?","R","T","R","M","?","?","E","R","BOSS","M","M","?","?","$","?","E","R","T","E","M","M"],"build_version":"2019-01-23","purchased_purges":1,"victory":false,"max_hp_per_floor":[70,70,70,70,70,70,70,70,70,70,70,70,70,70,70,70,70,70,70,70,70,70,70,70,70,70,80,80,80],"card_choices":[{"not_picked":["Blur","All Out Attack"],"picked":"Dash","floor":0},{"not_picked":["Skewer","Prepared"],"picked":"Deadly Poison","floor":1},{"not_picked":["Outmaneuver","Masterful Stab"],"picked":"Acrobatics","floor":5},{"not_picked":["Backstab","Glass Knife","Cloak And Dagger"],"picked":"SKIP","floor":6},{"not_picked":["Dagger Throw+1","Leg Sweep"],"picked":"Sucker Punch+1","floor":11},{"not_picked":["Calculated Gamble","PiercingWail"],"picked":"Backflip","floor":13},{"not_picked":["Accuracy","Finisher+1"],"picked":"After Image","floor":14},{"not_picked":["Malaise","Phantasmal Killer"],"picked":"Tools of the Trade+1","floor":16},{"not_picked":["Dash+1","Accuracy+1"],"picked":"Escape Plan+1","floor":18},{"not_picked":["Outmaneuver","Sucker Punch+1"],"picked":"Dodge and Roll+1","floor":19},{"not_picked":["Slice+1","Concentrate","Sucker Punch+1"],"picked":"SKIP","floor":21},{"not_picked":["Dodge and Roll","Dagger Spray+1"],"picked":"Noxious Fumes+1","floor":24},{"not_picked":["Deflect","Masterful Stab+1"],"picked":"Corpse Explosion","floor":27},{"not_picked":["Sucker Punch+1","Blade Dance"],"picked":"Deadly Poison","floor":28}],"player_experience":347057,"relics_obtained":[{"floor":6,"key":"Dead Branch"},{"floor":9,"key":"Molten Egg 2"},{"floor":14,"key":"Frozen Egg 2"},{"floor":24,"key":"Girya"},{"floor":26,"key":"PreservedInsect"},{"floor":27,"key":"Pear"}],"event_choices":[{"damage_healed":0,"gold_gain":75,"player_choice":"Gather Gold","damage_taken":11,"max_hp_gain":0,"max_hp_loss":0,"event_name":"World of Goop","floor":2,"gold_loss":0},{"damage_healed":0,"gold_gain":0,"player_choice":"Bought 2 Potions","damage_taken":0,"max_hp_gain":0,"max_hp_loss":0,"event_name":"The Woman in Blue","floor":3,"gold_loss":0},{"damage_healed":0,"gold_gain":0,"player_choice":"2 cards matched","damage_taken":0,"max_hp_gain":0,"max_hp_loss":0,"event_name":"Match and Keep!","floor":12,"gold_loss":0,"cards_obtained":["Eviscerate","Dark Shackles"]},{"damage_healed":0,"gold_gain":275,"player_choice":"Desecrate","damage_taken":0,"max_hp_gain":0,"max_hp_loss":0,"event_name":"Golden Shrine","floor":20,"gold_loss":0,"cards_obtained":["Regret"]},{"damage_healed":0,"gold_gain":0,"player_choice":"Bet on Murderer","damage_taken":0,"max_hp_gain":0,"max_hp_loss":0,"event_name":"The Joust","floor":23,"gold_loss":50}],"is_beta":false,"boss_relics":[{"not_picked":["Velvet Choker","Orrery"],"picked":"Eternal Feather"}],"items_purged_floors":[22],"is_endless":false,"potions_floor_spawned":[1,13,14,16,19,21],"killed_by":"Chosen and Byrds","ascension_level":3}