{"gold_per_floor":[115,130,143,163,179,179,31,31,31,47,60,60,72,82,82,180,180,195,195,110,125,10,21,21,0,25,25,45,59,59,74,74,178,178,191,191,191,191],"floor_reached":38,"playtime":3146,"items_purged":["Strike_G"],"score":372,"play_id":"7f18ec98-a1b0-4573-b33b-33ae922a0f34","local_time":"20190305003113","is_ascension_mode":false,"campfire_choices":[{"data":"Noxious Fumes","floor":6,"key":"SMITH"},{"data":"Tools of the Trade","floor":8,"key":"SMITH"},{"data":"Bullet Time","floor":12,"key":"SMITH"},{"floor":15,"key":"REST"},{"floor":24,"key":"REST"},{"floor":30,"key":"REST"},{"floor":32,"key":"REST"}],"neow_cost":"TEN_PERCENT_HP_LOSS","seed_source_timestamp":21362597090552,"circlet_count":0,"master_deck":["Defend_G","Defend_G","Defend_G","Defend_G","Defend_G","Strike_G","Strike_G","Strike_G","Strike_G","Survivor","Tools of the Trade+1","Dodge and Roll","Finisher","Quick Slash","Noxious Fumes+1","Quick Slash","Catalyst","Poisoned Stab","Bullet Time+1","Dodge and Roll","Deadly Poison","Die Die Die","Bane","Sucker Punch","Noxious Fumes","Backstab","Deadly Poison+1","Sucker Punch+1","Envenom","After Image","Deadly Poison"],"relics":["Ring of the Snake","StoneCalendar","Sozu","Pocketwatch","Potion Belt","MutagenicStrength","Runic Pyramid"],"potions_floor_usage":[11,13,33],"damage_taken":[{"damage":0,"enemies":"Cultist","floor":1,"turns":4},{"damage":0,"enemies":"Jaw Worm","floor":2,"turns":7},{"damage":0,"enemies":"2 Louse","floor":3,"turns":3},{"damage":5,"enemies":"Exordium Wildlife","floor":4,"turns":4},{"damage":2,"enemies":"Looter","floor":5,"turns":5},{"damage":9,"enemies":"3 Louse","floor":10,"turns":4},{"damage":11,"enemies":"Exordium Wildlife","floor":11,"turns":5},{"damage":1,"enemies":"2 Fungi Beasts","floor":13,"turns":5},{"damage":13,"enemies":"Exordium Thugs","floor":14,"turns":4},{"damage":29,"enemies":"Slime Boss","floor":16,"turns":7},{"damage":30,"enemies":"Spheric Guardian","floor":18,"turns":4},{"damage":5,"enemies":"Shell Parasite","floor":21,"turns":6},{"damage":14,"enemies":"Centurion and Healer","floor":23,"turns":5},{"damage":12,"enemies":"Snake Plant","floor":28,"turns":3},{"damage":2,"enemies":"3 Cultists","floor":29,"turns":4},{"damage":18,"enemies":"Cultist and Chosen","floor":31,"turns":6},{"damage":47,"enemies":"Automaton","floor":33,"turns":8},{"damage":25,"enemies":"Orb Walker","floor":35,"turns":3},{"damage":58,"enemies":"Donu and Deca","floor":38,"turns":4}],"seed_played":"-1012830306571529927","potions_obtained":[{"floor":3,"key":"FairyPotion"},{"floor":4,"key":"Strength Potion"},{"floor":5,"key":"Block Potion"},{"floor":11,"key":"Strength Potion"},{"floor":16,"key":"GamblersBrew"}],"is_trial":false,"path_per_floor":["M","M","M","M","M","R","$","R","T","M","M","R","M","M","R","B",null,"M","?","?","M","$","M","R","?","T","?","M","M","R","M","R","B",null,"M","?","?","B"],"character_chosen":"THE_SILENT","items_purchased":["Catalyst","Noxious Fumes","Backstab"],"campfire_rested":4,"item_purchase_floors":[7,22,22],"current_hp_per_floor":[63,63,63,58,56,56,56,56,56,47,36,36,35,22,40,11,63,33,22,22,17,17,3,23,23,23,23,11,9,29,11,31,6,68,43,43,43,0],"gold":191,"neow_bonus":"THREE_RARE_CARDS","is_prod":false,"is_daily":false,"chose_seed":false,"campfire_upgraded":3,"win_rate":0.0,"timestamp":1551742273,"path_taken":["M","?","M","?","M","R","$","R","T","M","M","R","M","M","R","BOSS","M","?","?","M","?","M","R","?","T","?","M","M","R","M","R","BOSS","M","?","?","BOSS"],"build_version":"2019-01-23","purchased_purges":1,"victory":false,"max_hp_per_floor":[63,63,63,63,63,63,63,63,63,63,63,63,63,63,63,63,63,63,68,68,68,68,68,68,68,68,68,68,68,68,68,68,68,68,68,68,68,68],"card_choices":[{"not_picked":["Night Terror","Corpse Explosion"],"picked":"Tools of the Trade","floor":0},{"not_picked":["Dagger Throw","PiercingWail"],"picked":"Dodge and Roll","floor":1},{"not_picked":["Acrobatics","Eviscerate"],"picked":"Finisher","floor":2},{"not_picked":["Slice","Underhanded Strike"],"picked":"Quick Slash","floor":3},{"not_picked":["Skewer","Quick Slash"],"picked":"Noxious Fumes","floor":4},{"not_picked":["Underhanded Strike","Flying Knee"],"picked":"Quick Slash","floor":5},{"not_picked":["Prepared","Quick Slash"],"picked":"Poisoned Stab","floor":10},{"not_picked":["Acrobatics","Choke"],"picked":"Bullet Time","floor":11},{"not_picked":["Underhanded Strike","Acrobatics"],"picked":"Dodge and Roll","floor":13},{"not_picked":["Escape Plan","Poisoned Stab"],"picked":"Deadly Poison","floor":14},{"not_picked":["Bullet Time","Malaise"],"picked":"Die Die Die","floor":16},{"not_picked":["Terror+1","Poisoned Stab+1"],"picked":"Bane","floor":18},{"not_picked":["Leg Sweep","Skewer"],"picked":"Sucker Punch","floor":21},{"not_picked":["Slice","Underhanded Strike+1"],"picked":"Deadly Poison+1","floor":23},{"not_picked":["Escape Plan+1","Prepared"],"picked":"Sucker Punch+1","floor":28},{"not_picked":["Expertise","Well Laid Plans"],"picked":"Envenom","floor":29},{"not_picked":["Slice+1","Prepared","Underhanded Strike"],"picked":"SKIP","floor":31},{"not_picked":["Venomology","Glass Knife"],"picked":"After Image","floor":33},{"not_picked":["All Out Attack+1","Flying Knee"],"picked":"Deadly Poison","floor":35}],"player_experience":27146,"relics_obtained":[{"floor":9,"key":"StoneCalendar"},{"floor":26,"key":"Potion Belt"}],"event_choices":[{"damage_healed":0,"gold_gain":0,"player_choice":"Shed Blood","damage_taken":16,"max_hp_gain":5,"max_hp_loss":0,"event_name":"Forgotten Altar","floor":19,"gold_loss":0},{"damage_healed":0,"gold_gain":0,"player_choice":"Obtained Relic","damage_taken":0,"relics_obtained":["Pocketwatch"],"max_hp_gain":0,"max_hp_loss":0,"event_name":"Addict","floor":20,"gold_loss":85},{"damage_healed":0,"gold_gain":0,"player_choice":"Paid Fearfully","damage_taken":0,"max_hp_gain":0,"max_hp_loss":0,"event_name":"Masked Bandits","floor":25,"gold_loss":21},{"damage_healed":0,"gold_gain":0,"player_choice":"Inject Mutagens","damage_taken":0,"relics_obtained":["MutagenicStrength"],"max_hp_gain":0,"max_hp_loss":0,"event_name":"Drug Dealer","floor":27,"gold_loss":0},{"cards_removed":["Neutralize"],"damage_healed":0,"gold_gain":0,"player_choice":"Removed Attack","damage_taken":0,"max_hp_gain":0,"max_hp_loss":0,"event_name":"Falling","floor":36,"gold_loss":0},{"damage_healed":0,"gold_gain":0,"player_choice":"Took Portal","damage_taken":0,"max_hp_gain":0,"max_hp_loss":0,"event_name":"SecretPortal","floor":37,"gold_loss":0}],"is_beta":false,"boss_relics":[{"not_picked":["Calling Bell","Runic Dome"],"picked":"Sozu"},{"not_picked":["HoveringKite","Fusion Hammer"],"picked":"Runic Pyramid"}],"items_purged_floors":[7],"is_endless":false,"potions_floor_spawned":[3,4,5,11,16,21,28],"killed_by":"Donu and Deca","ascension_level":0}