{"gold_per_floor":[115,115,115,125,145,145,172,172,254,280,290,319,101,117,117,117],"floor_reached":16,"playtime":791,"items_purged":["Strike_B"],"score":126,"play_id":"54add5b2-006b-4134-94a1-1ddd86174c01","local_time":"20190310003755","is_ascension_mode":true,"campfire_choices":[{"data":"Zap","floor":6,"key":"SMITH"},{"data":"Dualcast","floor":8,"key":"SMITH"},{"floor":15,"key":"REST"}],"neow_cost":"NONE","seed_source_timestamp":23373646135193,"circlet_count":0,"master_deck":["Strike_B","Strike_B","Strike_B","Defend_B","Defend_B+1","Defend_B","Defend_B","Zap+1","Dualcast+1","Hologram+1","Auto Shields","Coolheaded","Ball Lightning","Blizzard","Leap","Redo","Loop"],"relics":["Cracked Core","Ancient Tea Set","Kunai","Shovel","Strawberry","Oddly Smooth Stone"],"potions_floor_usage":[16,16],"damage_taken":[{"damage":1,"enemies":"2 Louse","floor":1,"turns":2},{"damage":0,"enemies":"Small Slimes","floor":4,"turns":2},{"damage":0,"enemies":"Cultist","floor":5,"turns":4},{"damage":18,"enemies":"3 Sentries","floor":7,"turns":10},{"damage":6,"enemies":"Gremlin Nob","floor":10,"turns":3},{"damage":7,"enemies":"Exordium Thugs","floor":11,"turns":4},{"damage":23,"enemies":"Lagavulin","floor":12,"turns":7},{"damage":1,"enemies":"2 Fungi Beasts","floor":14,"turns":3},{"damage":52,"enemies":"Slime Boss","floor":16,"turns":12}],"seed_played":"3817294424820787087","potions_obtained":[{"floor":1,"key":"EssenceOfSteel"},{"floor":3,"key":"FairyPotion"},{"floor":3,"key":"LiquidBronze"}],"is_trial":false,"path_per_floor":["M","?","?","M","M","R","E","R","T","E","M","E","$","M","R","B"],"character_chosen":"DEFECT","items_purchased":["Oddly Smooth Stone"],"campfire_rested":1,"item_purchase_floors":[13],"current_hp_per_floor":[74,59,59,59,59,59,41,41,41,35,28,12,12,11,35,0],"gold":117,"neow_bonus":"THREE_CARDS","is_prod":false,"is_daily":false,"chose_seed":false,"campfire_upgraded":2,"win_rate":0,"timestamp":1552174675,"path_taken":["M","?","?","M","M","R","E","R","T","E","M","E","$","M","R","BOSS"],"build_version":"2019-01-23","purchased_purges":1,"victory":false,"max_hp_per_floor":[75,75,75,75,75,75,75,75,75,75,75,82,82,82,82,82],"card_choices":[{"not_picked":["Turbo","Compile Driver"],"picked":"Hologram","floor":0},{"not_picked":["Redo","Go for the Eyes"],"picked":"Auto Shields","floor":1},{"not_picked":["Sunder","Go for the Eyes"],"picked":"Coolheaded","floor":4},{"not_picked":["Stack","Barrage"],"picked":"Ball Lightning","floor":5},{"not_picked":["Sweeping Beam","Conserve Battery"],"picked":"Blizzard","floor":7},{"not_picked":["Reinforced Body","Genetic Algorithm"],"picked":"Leap","floor":10},{"not_picked":["Turbo","Sweeping Beam","Rebound"],"picked":"SKIP","floor":11},{"not_picked":["Compile Driver","Static Discharge"],"picked":"Redo","floor":12},{"not_picked":["Consume","Scrape"],"picked":"Loop","floor":14}],"player_experience":141590,"relics_obtained":[{"floor":7,"key":"Ancient Tea Set"},{"floor":9,"key":"Kunai"},{"floor":10,"key":"Shovel"},{"floor":12,"key":"Strawberry"}],"event_choices":[{"damage_healed":0,"gold_gain":0,"player_choice":"Entered Light","damage_taken":15,"max_hp_gain":0,"max_hp_loss":0,"event_name":"Shining Light","floor":2,"gold_loss":0,"cards_upgraded":["Hologram","Defend_B"]},{"damage_healed":0,"gold_gain":0,"player_choice":"Got Potions","damage_taken":0,"max_hp_gain":0,"max_hp_loss":0,"event_name":"Lab","floor":3,"gold_loss":0}],"is_beta":false,"boss_relics":[],"items_purged_floors":[13],"is_endless":false,"potions_floor_spawned":[1,5,7,14],"killed_by":"Slime Boss","ascension_level":1}