{"gold_per_floor":[114,114,114,114,124,150,150,167,167,184,184,204,204,27,27,127,127,142,161,9,9,25,25,37,37,337,337,368,388,388,88,88,187,187,198,22,34,49,61,61,74,93,118,118],"floor_reached":44,"playtime":3604,"items_purged":["Strike_B","Strike_B","Strike_B","Auto Shields"],"score":482,"play_id":"06896174-743d-42ee-9278-2aa6562f957a","local_time":"20190308024550","is_ascension_mode":false,"campfire_choices":[{"data":"Chill","floor":7,"key":"SMITH"},{"data":"White Noise","floor":11,"key":"SMITH"},{"data":"Zap","floor":13,"key":"SMITH"},{"data":"Dualcast","floor":15,"key":"SMITH"},{"data":"FTL","floor":23,"key":"SMITH"},{"data":"Hologram","floor":25,"key":"SMITH"},{"data":"Redo","floor":30,"key":"SMITH"},{"floor":32,"key":"REST"},{"floor":40,"key":"REST"}],"neow_cost":"NONE","seed_source_timestamp":216165557103137,"circlet_count":0,"master_deck":["Zap+1","Dualcast+1","Conserve Battery","Blizzard","Chill+1","White Noise+1","Undo","Gash","FTL+1","Steam","Gash+1","Doom and Gloom","Coolheaded","Gash","Hologram+1","Hologram+1","Redo+1","Beam Cell","Cold Snap+1","BootSequence","Amplify","Leap","Streamline","Chill","Gash","Double Energy","Beam Cell","Redo"],"relics":["Sozu","Cables","Omamori","Snecko Eye","Old Coin","WarpedTongs","Calipers","Pandora\u0027s Box","Whetstone"],"potions_floor_usage":[],"damage_taken":[{"damage":5,"enemies":"Small Slimes","floor":1,"turns":4},{"damage":0,"enemies":"2 Louse","floor":5,"turns":3},{"damage":23,"enemies":"3 Sentries","floor":6,"turns":12},{"damage":0,"enemies":"Cultist","floor":8,"turns":5},{"damage":4,"enemies":"Red Slaver","floor":10,"turns":6},{"damage":0,"enemies":"Blue Slaver","floor":12,"turns":6},{"damage":8,"enemies":"Hexaghost","floor":16,"turns":13},{"damage":9,"enemies":"Spheric Guardian","floor":18,"turns":9},{"damage":0,"enemies":"Shell Parasite","floor":19,"turns":9},{"damage":6,"enemies":"Centurion and Healer","floor":22,"turns":9},{"damage":20,"enemies":"Snake Plant","floor":24,"turns":4},{"damage":39,"enemies":"Slavers","floor":28,"turns":7},{"damage":4,"enemies":"Shelled Parasite and Fungi","floor":29,"turns":5},{"damage":24,"enemies":"Collector","floor":33,"turns":12},{"damage":0,"enemies":"3 Darklings","floor":35,"turns":7},{"damage":15,"enemies":"Orb Walker","floor":37,"turns":5},{"damage":38,"enemies":"Sphere and 2 Shapes","floor":38,"turns":7},{"damage":11,"enemies":"Jaw Worm Horde","floor":39,"turns":5},{"damage":10,"enemies":"Maw","floor":41,"turns":8},{"damage":14,"enemies":"3 Darklings","floor":42,"turns":6},{"damage":16,"enemies":"Writhing Mass","floor":44,"turns":4}],"seed_played":"-484931068602580585","potions_obtained":[],"is_trial":false,"path_per_floor":["M","?","?","?","M","E","R","M","T","M","R","M","R","$","R","B",null,"M","M","$","?","M","R","M","R","T","?","E","M","R","$","R","B",null,"M","$","M","M","M","R","M","M","T","M"],"character_chosen":"DEFECT","items_purchased":["FTL","Steam","Coolheaded","Beam Cell","Cold Snap","BootSequence","Gash"],"campfire_rested":2,"item_purchase_floors":[14,14,20,31,31,31,36],"current_hp_per_floor":[70,75,59,59,59,36,36,36,36,32,32,32,32,32,32,24,80,71,71,71,71,65,65,45,45,45,45,6,2,2,2,26,2,80,80,80,65,27,16,40,30,16,16,0],"gold":118,"neow_bonus":"BOSS_RELIC","is_prod":false,"is_daily":false,"chose_seed":false,"campfire_upgraded":7,"win_rate":0,"timestamp":1552009550,"path_taken":["M","?","?","?","M","E","R","M","T","M","R","?","R","$","R","BOSS","M","M","$","?","M","R","?","R","T","?","E","M","R","$","R","BOSS","M","$","M","?","M","R","M","M","T","?"],"build_version":"2019-01-23","purchased_purges":4,"victory":false,"max_hp_per_floor":[75,80,80,80,80,80,80,80,80,80,80,80,80,80,80,80,80,80,80,80,80,80,80,80,80,80,80,80,80,80,80,80,80,80,80,80,80,80,80,80,80,80,80,80],"card_choices":[{"not_picked":["Coolheaded","Hello World"],"picked":"Conserve Battery","floor":1},{"not_picked":["Fusion","Rebound"],"picked":"Blizzard","floor":5},{"not_picked":["Streamline","Turbo"],"picked":"Chill","floor":6},{"not_picked":["Heatsinks","Go for the Eyes"],"picked":"White Noise","floor":8},{"not_picked":["Compile Driver","Barrage"],"picked":"Undo","floor":10},{"not_picked":["Beam Cell","Heatsinks"],"picked":"Gash","floor":12},{"not_picked":["Undo","Stack"],"picked":"Gash","floor":18},{"not_picked":["Beam Cell","Go for the Eyes"],"picked":"Doom and Gloom","floor":19},{"not_picked":["Sunder","Consume","Storm"],"picked":"SKIP","floor":22},{"not_picked":["Stack","Sunder"],"picked":"Hologram","floor":24},{"not_picked":["Rebound","Fusion+1"],"picked":"Hologram+1","floor":28},{"not_picked":["Hologram","Stack"],"picked":"Redo","floor":29},{"not_picked":["Electrodynamics","Hyperbeam"],"picked":"Amplify","floor":33},{"not_picked":["Chaos+1","Conserve Battery+1","Turbo"],"picked":"SKIP","floor":35},{"not_picked":["Heatsinks","Undo+1","Doom and Gloom"],"picked":"SKIP","floor":37},{"not_picked":["Rebound+1","Steam Power+1"],"picked":"Double Energy","floor":38},{"not_picked":["Stack","Barrage"],"picked":"Beam Cell","floor":39},{"not_picked":["Melter","Coolheaded+1","Sweeping Beam+1"],"picked":"SKIP","floor":41},{"not_picked":["Coolheaded+1","Beam Cell"],"picked":"Redo","floor":42}],"player_experience":107915,"relics_obtained":[{"floor":6,"key":"Cables"},{"floor":9,"key":"Omamori"},{"floor":26,"key":"Old Coin"},{"floor":28,"key":"Calipers"},{"floor":43,"key":"Whetstone"}],"event_choices":[{"damage_healed":0,"gold_gain":0,"player_choice":"Donut","damage_taken":0,"max_hp_gain":5,"max_hp_loss":0,"event_name":"Big Fish","floor":2,"gold_loss":0},{"damage_healed":0,"gold_gain":0,"player_choice":"Entered Light","damage_taken":16,"max_hp_gain":0,"max_hp_loss":0,"event_name":"Shining Light","floor":3,"gold_loss":0,"cards_upgraded":["Defend_B","Strike_B"]},{"cards_removed":["Strike_B"],"damage_healed":0,"gold_gain":0,"player_choice":"Offered Basic","damage_taken":0,"max_hp_gain":0,"max_hp_loss":0,"event_name":"Bonfire Elementals","floor":4,"gold_loss":0},{"damage_healed":0,"gold_gain":0,"player_choice":"Copied","damage_taken":0,"max_hp_gain":0,"max_hp_loss":0,"event_name":"Duplicator","floor":21,"gold_loss":0,"cards_obtained":["Gash"]},{"damage_healed":0,"gold_gain":0,"player_choice":"Rummage","damage_taken":0,"relics_obtained":["WarpedTongs"],"max_hp_gain":0,"max_hp_loss":0,"event_name":"Accursed Blacksmith","floor":27,"gold_loss":0,"cards_obtained":["Pain"]}],"is_beta":false,"boss_relics":[{"not_picked":["Lizard Tail","Runic Pyramid"],"picked":"Snecko Eye"},{"not_picked":["Tiny House","Calling Bell"],"picked":"Pandora\u0027s Box"}],"items_purged_floors":[14,20,31,36],"is_endless":false,"potions_floor_spawned":[5,6,12,16,19,22,29,35,37,42],"killed_by":"Writhing Mass","ascension_level":0}