{"gold_per_floor":[110,57,232,232,246,246,274,274,274,294,294,304,304,317,317,416,416,432,432,632,642,741,741,43,43,43,43,43,6,24,39,39,141,141,157,88,88,88,88,101,101,55,78,123,135,0,12,50,62,74],"floor_reached":51,"playtime":1858,"items_purged":["Doubt"],"score":772,"play_id":"56cf33f0-e376-44c3-bc58-20c71e9cbc06","local_time":"20190310200218","is_ascension_mode":false,"campfire_choices":[{"data":"Zap","floor":6.0,"key":"SMITH"},{"data":"Defragment","floor":8.0,"key":"SMITH"},{"data":"Dualcast","floor":11.0,"key":"SMITH"},{"data":"Creative AI","floor":13.0,"key":"SMITH"},{"data":"Beam Cell","floor":15.0,"key":"SMITH"},{"data":"Biased Cognition","floor":23,"key":"SMITH"},{"data":"Discovery","floor":25,"key":"SMITH"},{"data":"Reboot","floor":27,"key":"SMITH"},{"floor":32,"key":"REST"},{"data":"Leap","floor":41,"key":"SMITH"},{"data":"Conserve Battery","floor":45,"key":"SMITH"},{"data":"Rebound","floor":47,"key":"SMITH"},{"floor":49,"key":"REST"}],"neow_cost":"NONE","seed_source_timestamp":4614663594191,"circlet_count":0,"master_deck":["Strike_B","Strike_B","Strike_B","Strike_B","Defend_B","Defend_B","Defend_B","Defend_B","Zap+1","Dualcast+1","Beam Cell+1","Rebound+1","Leap+1","Defragment+1","Go for the Eyes+1","Creative AI+1","Beam Cell+1","Biased Cognition+1","Doom and Gloom+1","Cold Snap+1","Discovery+1","Reboot+1","Capacitor+1","White Noise+1","Conserve Battery+1","Echo Form+1","Barrage+1","Defragment+1","Leap+1","Ball Lightning+1","Ball Lightning+1"],"special_seed":0,"relics":["Cracked Core","NeowsBlessing","Omamori","Symbiotic Virus","Molten Egg 2","Sozu","DataDisk","Juzu Bracelet","Question Card","Sundial","Frozen Egg 2","Busted Crown","Turnip","MawBank","Orichalcum","Red Mask","Vajra"],"potions_floor_usage":[33,33],"damage_taken":[{"damage":0.0,"enemies":"2 Louse","floor":1.0,"turns":1.0},{"damage":0.0,"enemies":"Small Slimes","floor":5.0,"turns":1.0},{"damage":0.0,"enemies":"Gremlin Nob","floor":7.0,"turns":1.0},{"damage":0.0,"enemies":"Cultist","floor":10.0,"turns":3.0},{"damage":4.0,"enemies":"Blue Slaver","floor":12.0,"turns":3.0},{"damage":0.0,"enemies":"Large Slime","floor":14.0,"turns":4.0},{"damage":5.0,"enemies":"Slime Boss","floor":16.0,"turns":8.0},{"damage":19.0,"enemies":"Shell Parasite","floor":18.0,"turns":6.0},{"damage":5,"enemies":"Spheric Guardian","floor":21,"turns":3},{"damage":0,"enemies":"Snecko","floor":30,"turns":3},{"damage":7,"enemies":"Chosen and Byrds","floor":31,"turns":6},{"damage":44,"enemies":"Collector","floor":33,"turns":7},{"damage":17,"enemies":"3 Darklings","floor":35,"turns":2},{"damage":0,"enemies":"3 Shapes","floor":40,"turns":3},{"damage":0,"enemies":"Giant Head","floor":44,"turns":6},{"damage":48,"enemies":"Nemesis","floor":48,"turns":7},{"damage":34,"enemies":"Awakened One","floor":50,"turns":11}],"seed_played":"4100211296139867731","potions_obtained":[{"floor":5.0,"key":"GamblersBrew"},{"floor":14.0,"key":"Explosive Potion"}],"is_trial":false,"path_per_floor":["M","$","?","?","M","R","E","R","T","M","R","M","R","M","R","B",null,"M","?","?","M","?","R","$","R","T","R","?","$","M","M","R","B",null,"M","$","?","?","T","M","R","$","T","E","R","?","R","E","R","B",null],"character_chosen":"DEFECT","items_purchased":["Rebound","Juzu Bracelet","Question Card","Discovery","Reboot","Capacitor+1","Defragment+1","Ball Lightning+1"],"campfire_rested":2,"item_purchase_floors":[2,24,24,24,24,29,36,42],"current_hp_per_floor":[75,75,75,75,75,75,75,75,75,75,75,71,71,71,71,66,75,56,56,56,51,51,51,51,51,51,51,51,51,51,44,66,22,75,58,58,75,75,75,75,75,75,75,75,75,75,75,27,49,15],"gold":86,"neow_bonus":"THREE_ENEMY_KILL","is_prod":false,"is_daily":false,"chose_seed":false,"campfire_upgraded":11,"win_rate":0,"timestamp":1552269738,"path_taken":["M","$","?","?","M","R","E","R","T","?","R","M","R","M","R","BOSS","M","?","?","?","?","R","$","R","T","R","?","?","M","M","R","BOSS","M","$","?","?","?","M","R","$","T","E","R","?","R","E","R","BOSS"],"build_version":"2019-01-23","purchased_purges":1,"victory":true,"max_hp_per_floor":[75,75,75,75,75,75,75,75,75,75,75,75,75,75,75,75,75,75,75,75,75,75,75,75,75,75,75,75,75,75,75,75,75,75,75,75,75,75,75,75,75,75,75,75,75,75,75,75,75,75],"card_choices":[{"not_picked":["Steam","Barrage"],"picked":"Beam Cell","floor":1.0},{"not_picked":["Streamline","Stack"],"picked":"Leap","floor":5.0},{"not_picked":["Cold Snap","Force Field"],"picked":"Defragment","floor":7.0},{"not_picked":["Streamline+1","Turbo"],"picked":"Go for the Eyes+1","floor":10.0},{"not_picked":["Chill","Leap"],"picked":"Creative AI","floor":12.0},{"not_picked":["Scrape+1","Melter+1"],"picked":"Beam Cell+1","floor":14.0},{"not_picked":["Creative AI","Reboot"],"picked":"Biased Cognition","floor":16.0},{"not_picked":["Sweeping Beam+1","Barrage+1"],"picked":"Doom and Gloom+1","floor":18.0},{"not_picked":["Redo","Beam Cell+1"],"picked":"Cold Snap+1","floor":21},{"not_picked":["Multi-Cast","Blizzard+1","Coolheaded"],"picked":"White Noise+1","floor":30},{"not_picked":["Undo","Chill","Coolheaded"],"picked":"Conserve Battery","floor":31},{"not_picked":["Reboot","Hyperbeam+1","Machine Learning+1"],"picked":"Echo Form+1","floor":33},{"not_picked":["Rebound+1"],"picked":"Barrage+1","floor":35},{"not_picked":["Aggregate+1"],"picked":"Leap+1","floor":40},{"not_picked":["Double Energy"],"picked":"Ball Lightning+1","floor":44},{"not_picked":["Turbo","Streamline+1"],"picked":"SKIP","floor":48}],"player_experience":1015974,"relics_obtained":[{"floor":4.0,"key":"Omamori"},{"floor":7.0,"key":"Symbiotic Virus"},{"floor":9.0,"key":"Molten Egg 2"},{"floor":26,"key":"Sundial"},{"floor":39,"key":"Turnip"},{"floor":43,"key":"MawBank"},{"floor":44,"key":"Orichalcum"},{"floor":48,"key":"Vajra"}],"event_choices":[{"damage_healed":0.0,"max_hp_gain":0.0,"max_hp_loss":0.0,"gold_gain":175.0,"event_name":"Liars Game","player_choice":"AGREE","floor":3.0,"gold_loss":0.0,"damage_taken":0.0,"cards_obtained":["Doubt"]},{"damage_healed":0.0,"max_hp_gain":0.0,"max_hp_loss":0.0,"gold_gain":0.0,"event_name":"Wheel of Change","player_choice":"Relic","floor":4.0,"gold_loss":0.0,"damage_taken":0.0},{"damage_healed":0.0,"max_hp_gain":0.0,"max_hp_loss":0.0,"gold_gain":0.0,"event_name":"The Mausoleum","player_choice":"Opened","floor":19.0,"gold_loss":0.0,"damage_taken":0.0,"relics_obtained":["DataDisk"]},{"damage_healed":0,"gold_gain":250,"player_choice":"Bet on Owner","damage_taken":0,"max_hp_gain":0,"max_hp_loss":0,"event_name":"The Joust","floor":20,"gold_loss":50},{"damage_healed":0,"gold_gain":99,"player_choice":"Stole From Cult","damage_taken":0,"max_hp_gain":0,"max_hp_loss":0,"event_name":"Nest","floor":22,"gold_loss":0},{"damage_healed":0,"gold_gain":0,"player_choice":"Stole Relic","damage_taken":0,"relics_obtained":["Frozen Egg 2"],"max_hp_gain":0,"max_hp_loss":0,"event_name":"Addict","floor":28,"gold_loss":0,"cards_obtained":["Shame"]},{"damage_healed":19,"gold_gain":0,"player_choice":"Writhe","damage_taken":0,"max_hp_gain":0,"max_hp_loss":0,"event_name":"Winding Halls","floor":37,"gold_loss":0,"cards_obtained":["Writhe"]},{"damage_healed":0,"gold_gain":0,"player_choice":"Ignored","damage_taken":0,"max_hp_gain":0,"max_hp_loss":0,"event_name":"Mysterious Sphere","floor":38,"gold_loss":0},{"damage_healed":0,"gold_gain":0,"player_choice":"Paid","damage_taken":0,"relics_obtained":["Red Mask"],"max_hp_gain":0,"max_hp_loss":0,"event_name":"Tomb of Lord Red Mask","floor":46,"gold_loss":147}],"is_beta":false,"boss_relics":[{"not_picked":["Fusion Hammer","Coffee Dripper"],"picked":"Sozu"},{"not_picked":["Runic Dome","Orrery"],"picked":"Busted Crown"}],"items_purged_floors":[24],"is_endless":false,"potions_floor_spawned":[5,14,21,31,35,44],"ascension_level":0}