{"gold_per_floor":[113,128,139,149,174,174,209,223,247,259,259,259,270,297,297,297],"floor_reached":16,"playtime":1213,"items_purged":[],"score":114,"play_id":"2d3a7e85-115f-41d5-82fc-a1fdae71219a","local_time":"20190307010521","is_ascension_mode":false,"campfire_choices":[{"floor":6,"key":"REST"},{"floor":12,"key":"REST"},{"floor":15,"key":"REST"}],"neow_cost":"NONE","seed_source_timestamp":860040427686183,"circlet_count":0,"master_deck":["Strike_B","Strike_B","Strike_B","Defend_B","Defend_B+1","Defend_B","Defend_B","Zap","Dualcast","Blizzard","Coolheaded+1","Steam Power","Streamline","Streamline","Streamline","Defragment","Cold Snap","Iron Wave","Capacitor","Coolheaded"],"relics":["Cracked Core","Strawberry","War Paint","Lantern","Mummified Hand"],"potions_floor_usage":[14,14,16],"damage_taken":[{"damage":1,"enemies":"Cultist","floor":1,"turns":4},{"damage":1,"enemies":"2 Louse","floor":2,"turns":3},{"damage":6,"enemies":"Small Slimes","floor":3,"turns":3},{"damage":10,"enemies":"Looter","floor":4,"turns":3},{"damage":39,"enemies":"3 Sentries","floor":7,"turns":7},{"damage":14,"enemies":"Exordium Wildlife","floor":8,"turns":6},{"damage":21,"enemies":"Exordium Thugs","floor":10,"turns":6},{"damage":10,"enemies":"Looter","floor":13,"turns":2},{"damage":16,"enemies":"Gremlin Nob","floor":14,"turns":5},{"damage":30,"enemies":"The Guardian","floor":16,"turns":10}],"seed_played":"-7744164605096562869","potions_obtained":[{"floor":3,"key":"Strength Potion"},{"floor":4,"key":"Poison Potion"},{"floor":7,"key":"EssenceOfSteel"},{"floor":13,"key":"Block Potion"}],"is_trial":false,"path_per_floor":["M","M","M","M","T","R","E","M","T","M","?","R","M","E","R","B"],"character_chosen":"DEFECT","items_purchased":[],"campfire_rested":3,"item_purchase_floors":[],"current_hp_per_floor":[74,73,67,57,64,82,43,29,29,8,8,32,22,6,30,0],"gold":297,"neow_bonus":"THREE_CARDS","is_prod":false,"is_daily":false,"chose_seed":false,"campfire_upgraded":0,"win_rate":0,"timestamp":1551931521,"path_taken":["M","M","M","M","?","R","E","M","T","M","?","R","M","E","R","BOSS"],"build_version":"2019-01-23","purchased_purges":0,"victory":false,"max_hp_per_floor":[75,75,75,75,82,82,82,82,82,82,82,82,82,82,82,82],"card_choices":[{"not_picked":["Static Discharge","Sweeping Beam"],"picked":"Blizzard","floor":0},{"not_picked":["Hologram","Doom and Gloom"],"picked":"Coolheaded","floor":1},{"not_picked":["Melter","Scrape"],"picked":"Steam Power","floor":2},{"not_picked":["Sweeping Beam","Consume"],"picked":"Streamline","floor":3},{"not_picked":["Rip and Tear","Steam"],"picked":"Streamline","floor":4},{"not_picked":["Beam Cell","Thunder Strike"],"picked":"Streamline","floor":7},{"not_picked":["Cold Snap","Capacitor"],"picked":"Defragment","floor":8},{"not_picked":["Force Field","Redo"],"picked":"Cold Snap","floor":10},{"not_picked":["Cold Snap","Streamline"],"picked":"Capacitor","floor":13},{"not_picked":["Hologram","Sweeping Beam"],"picked":"Coolheaded","floor":14}],"player_experience":9868,"relics_obtained":[{"floor":5,"key":"Strawberry"},{"floor":7,"key":"War Paint"},{"floor":9,"key":"Lantern"},{"floor":14,"key":"Mummified Hand"}],"event_choices":[{"cards_removed":["Strike_B"],"damage_healed":0,"gold_gain":0,"player_choice":"Took Card","damage_taken":0,"max_hp_gain":0,"max_hp_loss":0,"event_name":"NoteForYourself","floor":11,"gold_loss":0,"cards_obtained":["Iron Wave"]}],"is_beta":false,"boss_relics":[],"items_purged_floors":[],"is_endless":false,"potions_floor_spawned":[3,4,7,10,13],"killed_by":"The Guardian","ascension_level":0}