{"gold_per_floor":[110,29,29,46,65,65,100,100,126,126,139,206,217,217,217,295,295],"floor_reached":17,"playtime":1019,"items_purged":[],"score":310,"play_id":"84bf6d97-6a60-4b23-93e0-3df5df4cc5ff","local_time":"20190131143620","is_ascension_mode":true,"campfire_choices":[{"data":"Zap","floor":6,"key":"SMITH"},{"floor":8,"key":"REST"},{"floor":10,"key":"REST"},{"floor":15,"key":"REST"}],"neow_cost":"NONE","seed_source_timestamp":87219598071929,"circlet_count":0,"master_deck":["AscendersBane","Strike_B","Strike_B","Strike_B","Strike_B","Defend_B","Defend_B+1","Defend_B","Defend_B","Zap+1","Dualcast","Steam","Leap","Cold Snap","Gash+1","FTL","Sunder","Defragment","White Noise"],"relics":["Cracked Core","NeowsBlessing","Happy Flower","Bronze Scales"],"potions_floor_usage":[13,16,16],"damage_taken":[{"damage":0,"enemies":"Cultist","floor":1,"turns":1},{"damage":0,"enemies":"Small Slimes","floor":4,"turns":1},{"damage":0,"enemies":"Jaw Worm","floor":5,"turns":1},{"damage":62,"enemies":"Gremlin Nob","floor":7,"turns":5},{"damage":0,"enemies":"3 Louse","floor":11,"turns":2},{"damage":4,"enemies":"Gremlin Gang","floor":13,"turns":4},{"damage":34,"enemies":"Hexaghost","floor":16,"turns":10}],"seed_played":"6976612241398392813","potions_obtained":[{"floor":1,"key":"Dexterity Potion"},{"floor":7,"key":"Swift Potion"},{"floor":13,"key":"GamblersBrew"}],"is_trial":false,"path_per_floor":["M","$","$","M","M","R","E","R","T","R","M","?","M","?","R","B",null],"character_chosen":"DEFECT","items_purchased":["Leap","Cold Snap"],"campfire_rested":3,"item_purchase_floors":[2,2],"current_hp_per_floor":[64,64,64,64,64,64,2,23,23,44,44,44,40,19,40,6,6],"gold":295,"neow_bonus":"THREE_ENEMY_KILL","is_prod":false,"is_daily":false,"chose_seed":false,"campfire_upgraded":1,"win_rate":0,"timestamp":1548966980,"path_taken":["M","?","$","?","M","R","E","R","T","R","M","?","M","?","R","BOSS"],"build_version":"2019-01-23","purchased_purges":0,"victory":false,"max_hp_per_floor":[71,71,71,71,71,71,71,71,71,71,71,71,71,71,71,71,71],"card_choices":[{"not_picked":["Reinforced Body","Undo"],"picked":"Steam","floor":1},{"not_picked":["Steam","Sweeping Beam"],"picked":"Gash","floor":4},{"not_picked":["Compile Driver","Sweeping Beam"],"picked":"FTL","floor":5},{"not_picked":["Turbo","Seek"],"picked":"Sunder","floor":7},{"not_picked":["Skim","Scrape"],"picked":"Defragment","floor":11},{"not_picked":["Coolheaded","Ball Lightning"],"picked":"White Noise","floor":13}],"player_experience":271095,"relics_obtained":[{"floor":7,"key":"Happy Flower"},{"floor":9,"key":"Bronze Scales"}],"event_choices":[{"damage_healed":0,"gold_gain":67,"player_choice":"Gained Gold","damage_taken":0,"max_hp_gain":0,"max_hp_loss":0,"event_name":"Golden Wing","floor":12,"gold_loss":0},{"damage_healed":0,"gold_gain":0,"player_choice":"Entered Light","damage_taken":21,"max_hp_gain":0,"max_hp_loss":0,"event_name":"Shining Light","floor":14,"gold_loss":0,"cards_upgraded":["Defend_B","Gash"]}],"is_beta":false,"boss_relics":[],"items_purged_floors":[],"is_endless":false,"potions_floor_spawned":[1,7,13],"ascension_level":20}