{"gold_per_floor":[119,134,134,134,151,151,185,195,220,220,232,247,259,270,270,375,375,391,408,427,427,437,437,467,486,486,486,486,501,501,511,511,511],"floor_reached":33,"playtime":1086,"items_purged":[],"score":275,"play_id":"ad120d86-acde-49ef-b9e3-ef3c10331068","local_time":"20190301140826","is_ascension_mode":false,"campfire_choices":[{"floor":6,"key":"REST"},{"floor":10,"key":"REST"},{"data":"Flex","floor":15,"key":"SMITH"},{"data":"Rampage","floor":23,"key":"SMITH"},{"data":"True Grit","floor":28,"key":"SMITH"},{"data":"Battle Trance","floor":30,"key":"SMITH"},{"data":"Flame Barrier","floor":32,"key":"SMITH"}],"neow_cost":"NONE","seed_source_timestamp":1189852105824255,"circlet_count":0,"master_deck":["Strike_R","Strike_R+1","Strike_R","Strike_R","Defend_R","Defend_R+1","Defend_R","Defend_R","Bash+1","Pummel","Twin Strike","Headbutt","Rampage+1","Pommel Strike","Flex+1","Flame Barrier+1","Shrug It Off","Fiend Fire","Flex+1","Ghostly Armor","Heavy Blade+1","Impervious","Flex","Injury","True Grit+1","Battle Trance+1"],"relics":["Eternal Feather","Orichalcum","Boot","Cursed Key","Regal Pillow","Vajra"],"potions_floor_usage":[7,7,18,22,22,25,29],"damage_taken":[{"damage":5,"enemies":"Small Slimes","floor":1,"turns":3},{"damage":5,"enemies":"Cultist","floor":2,"turns":4},{"damage":6,"enemies":"Jaw Worm","floor":5,"turns":3},{"damage":23,"enemies":"Lagavulin","floor":7,"turns":5},{"damage":6,"enemies":"2 Fungi Beasts","floor":8,"turns":3},{"damage":9,"enemies":"3 Louse","floor":11,"turns":3},{"damage":0,"enemies":"Large Slime","floor":12,"turns":4},{"damage":0,"enemies":"Exordium Wildlife","floor":13,"turns":3},{"damage":2,"enemies":"Lots of Slimes","floor":14,"turns":3},{"damage":30,"enemies":"The Guardian","floor":16,"turns":9},{"damage":4,"enemies":"3 Byrds","floor":18,"turns":5},{"damage":11,"enemies":"Spheric Guardian","floor":19,"turns":4},{"damage":25,"enemies":"Shelled Parasite and Fungi","floor":20,"turns":6},{"damage":16,"enemies":"Snake Plant","floor":22,"turns":2},{"damage":27,"enemies":"Book of Stabbing","floor":24,"turns":5},{"damage":1,"enemies":"Centurion and Healer","floor":25,"turns":4},{"damage":4,"enemies":"3 Cultists","floor":29,"turns":5},{"damage":9,"enemies":"Snecko","floor":31,"turns":4},{"damage":93,"enemies":"Champ","floor":33,"turns":13}],"seed_played":"-6344193563294391196","potions_obtained":[{"floor":1,"key":"Energy Potion"},{"floor":2,"key":"Swift Potion"},{"floor":11,"key":"Poison Potion"},{"floor":13,"key":"BloodPotion"},{"floor":14,"key":"AttackPotion"},{"floor":19,"key":"Energy Potion"},{"floor":22,"key":"Explosive Potion"},{"floor":25,"key":"LiquidBronze"}],"is_trial":false,"path_per_floor":["M","M","?","?","M","R","E","M","T","R","M","M","M","M","R","B",null,"M","M","M","?","M","R","E","M","T","?","R","M","R","M","R","B"],"character_chosen":"IRONCLAD","items_purchased":[],"campfire_rested":2,"item_purchase_floors":[],"current_hp_per_floor":[75,70,54,54,48,78,55,49,49,80,71,71,71,69,78,48,80,76,65,40,66,58,70,43,42,42,42,57,53,68,59,74,0],"gold":511,"neow_bonus":"BOSS_RELIC","is_prod":false,"is_daily":false,"chose_seed":false,"campfire_upgraded":5,"win_rate":0,"timestamp":1551427706,"path_taken":["M","M","?","?","?","R","E","M","T","R","M","M","M","M","R","BOSS","M","?","M","?","M","R","E","M","T","?","R","M","R","M","R","BOSS"],"build_version":"2019-01-23","purchased_purges":0,"victory":false,"max_hp_per_floor":[80,80,80,80,80,80,80,80,80,80,80,80,80,80,80,80,80,80,80,80,80,80,80,80,80,80,80,80,80,80,80,80,80],"card_choices":[{"not_picked":["Headbutt","Body Slam"],"picked":"Pummel","floor":1},{"not_picked":["Iron Wave","Second Wind"],"picked":"Twin Strike","floor":2},{"not_picked":["Wild Strike","True Grit"],"picked":"Headbutt","floor":5},{"not_picked":["Impervious","Anger"],"picked":"Rampage","floor":7},{"not_picked":["Armaments","Whirlwind"],"picked":"Pommel Strike","floor":8},{"not_picked":["Wild Strike","Inflame"],"picked":"Flex","floor":11},{"not_picked":["Sentinel","Heavy Blade"],"picked":"Flame Barrier","floor":12},{"not_picked":["Headbutt","Metallicize"],"picked":"Shrug It Off","floor":13},{"not_picked":["Inflame","Power Through","Cleave"],"picked":"SKIP","floor":14},{"not_picked":["Juggernaut","Dark Embrace"],"picked":"Fiend Fire","floor":16},{"not_picked":["Body Slam","Disarm"],"picked":"Flex+1","floor":18},{"not_picked":["Infernal Blade","Clothesline"],"picked":"Ghostly Armor","floor":19},{"not_picked":["Sword Boomerang","Evolve+1","Pommel Strike"],"picked":"SKIP","floor":20},{"not_picked":["Power Through+1","True Grit"],"picked":"Heavy Blade+1","floor":22},{"not_picked":["Evolve","Perfected Strike"],"picked":"Impervious","floor":24},{"not_picked":["Pummel","Second Wind"],"picked":"Flex","floor":25},{"not_picked":["Warcry","Blood for Blood"],"picked":"Battle Trance","floor":29},{"not_picked":["Infernal Blade","Thunderclap","Intimidate"],"picked":"SKIP","floor":31}],"player_experience":922982,"relics_obtained":[{"floor":7,"key":"Orichalcum"},{"floor":9,"key":"Boot"},{"floor":24,"key":"Regal Pillow"},{"floor":26,"key":"Vajra"}],"event_choices":[{"damage_healed":0,"gold_gain":0,"player_choice":"Entered Light","damage_taken":16,"max_hp_gain":0,"max_hp_loss":0,"event_name":"Shining Light","floor":3,"gold_loss":0,"cards_upgraded":["Strike_R","Defend_R"]},{"damage_healed":0,"gold_gain":0,"player_choice":"Upgraded","damage_taken":0,"max_hp_gain":0,"max_hp_loss":0,"event_name":"Upgrade Shrine","floor":4,"gold_loss":0,"cards_upgraded":["Bash"]},{"damage_healed":26,"gold_gain":0,"player_choice":"Heal","damage_taken":0,"max_hp_gain":0,"max_hp_loss":0,"event_name":"The Library","floor":21,"gold_loss":0},{"damage_healed":0,"gold_gain":0,"cards_transformed":["Strike_R"],"player_choice":"Transformed","damage_taken":0,"max_hp_gain":0,"max_hp_loss":0,"event_name":"Transmorgrifier","floor":27,"gold_loss":0,"cards_obtained":["True Grit"]}],"is_beta":false,"boss_relics":[{"not_picked":["Black Star","Runic Dome"],"picked":"Cursed Key"}],"items_purged_floors":[],"is_endless":false,"potions_floor_spawned":[1,2,11,13,14,19,20,22,25],"killed_by":"Champ","ascension_level":0}