{"gold_per_floor":[114,114,128,53,53,53,53,89,89,103,119,119,160,178,178,302,302,323,538,558,558,573,573,573,592,615,636,636,675,675,700,700,824,824,839,839,839,73,96,137,137],"floor_reached":41,"playtime":2149,"items_purged":["Injury","Writhe"],"score":524,"play_id":"20f9d095-227c-4fb5-bd8b-5dc44f91a7dc","local_time":"20190311142014","is_ascension_mode":true,"campfire_choices":[{"data":"Neutralize","floor":6,"key":"SMITH"},{"data":"Leg Sweep","floor":12,"key":"SMITH"},{"floor":15,"key":"REST"},{"floor":24,"key":"RECALL"},{"floor":28,"key":"REST"},{"floor":30,"key":"REST"},{"floor":32,"key":"REST"}],"neow_cost":"CURSE","seed_source_timestamp":157751397372431,"circlet_count":0,"master_deck":["Defend_G","Defend_G","Defend_G+1","Defend_G","Defend_G","Strike_G","Strike_G","Strike_G","Strike_G","Strike_G","Survivor+1","Neutralize+1","Dagger Spray","Bouncing Flask","Leg Sweep+1","Slice","Bouncing Flask","Burst","A Thousand Cuts","Dodge and Roll","Backflip","Backflip","Slice","Catalyst","Malaise","Noxious Fumes","Well Laid Plans","Dash+1","Dodge and Roll"],"relics":["Ring of the Snake","Pocketwatch","Snake Skull","Golden Idol","Shovel","War Paint","StoneCalendar","Cursed Key","Old Coin","NlothsMask","Mercury Hourglass","Philosopher\u0027s Stone","FossilizedHelix","Turnip","Pen Nib"],"potions_floor_usage":[13,20,25,25,29,33,33,40,41],"damage_taken":[{"damage":0,"enemies":"Jaw Worm","floor":1,"turns":6},{"damage":5,"enemies":"2 Louse","floor":3,"turns":3},{"damage":17,"enemies":"Lagavulin","floor":8,"turns":6},{"damage":0,"enemies":"Small Slimes","floor":10,"turns":4},{"damage":0,"enemies":"2 Fungi Beasts","floor":11,"turns":4},{"damage":15,"enemies":"3 Sentries","floor":13,"turns":7},{"damage":8,"enemies":"Large Slime","floor":14,"turns":3},{"damage":13,"enemies":"Slime Boss","floor":16,"turns":7},{"damage":1,"enemies":"Shell Parasite","floor":18,"turns":4},{"damage":0,"enemies":"Spheric Guardian","floor":20,"turns":4},{"damage":0,"enemies":"Centurion and Healer","floor":22,"turns":6},{"damage":6,"enemies":"3 Cultists","floor":25,"turns":5},{"damage":16,"enemies":"Snake Plant","floor":27,"turns":4},{"damage":53,"enemies":"Gremlin Leader","floor":29,"turns":9},{"damage":10,"enemies":"Shelled Parasite and Fungi","floor":31,"turns":8},{"damage":28,"enemies":"Champ","floor":33,"turns":8},{"damage":61,"enemies":"3 Darklings","floor":35,"turns":7},{"damage":0,"enemies":"3 Shapes","floor":39,"turns":5},{"damage":0,"enemies":"Nemesis","floor":40,"turns":5},{"damage":9,"enemies":"Spire Growth","floor":41,"turns":4}],"seed_played":"6298562939173477490","potions_obtained":[{"floor":8,"key":"Swift Potion"},{"floor":10,"key":"GhostInAJar"},{"floor":11,"key":"GhostInAJar"},{"floor":13,"key":"Block Potion"},{"floor":22,"key":"Weak Potion"},{"floor":25,"key":"EssenceOfSteel"},{"floor":31,"key":"Swift Potion"},{"floor":39,"key":"AttackPotion"},{"floor":40,"key":"PowerPotion"}],"is_trial":false,"path_per_floor":["M","?","M","$","?","R","?","E","T","M","M","R","E","M","R","B",null,"M","?","M","?","M","?","R","M","T","M","R","E","R","M","R","B",null,"M","?","?","$","M","E","M"],"character_chosen":"THE_SILENT","items_purchased":["FossilizedHelix","Turnip","Well Laid Plans"],"campfire_rested":4,"item_purchase_floors":[38,38,38],"current_hp_per_floor":[70,67,62,62,62,62,55,38,38,38,38,38,23,15,36,23,70,69,69,69,62,62,62,62,56,56,40,61,8,29,19,40,12,70,9,9,9,9,9,9,0],"gold":137,"neow_bonus":"ONE_RARE_RELIC","is_prod":false,"is_daily":false,"chose_seed":false,"campfire_upgraded":2,"win_rate":0,"timestamp":1552310414,"path_taken":["M","?","M","$","?","R","?","E","T","M","M","R","E","M","R","BOSS","M","?","M","?","?","?","R","?","T","M","R","E","R","M","R","BOSS","M","?","?","$","M","E","M"],"build_version":"2019-01-23","purchased_purges":2,"victory":false,"max_hp_per_floor":[70,70,70,70,70,70,70,70,70,70,70,70,70,70,70,70,70,70,70,70,70,70,70,70,70,70,70,70,70,70,70,70,70,70,70,70,66,66,66,66,66],"card_choices":[{"not_picked":["Calculated Gamble","Finisher"],"picked":"Dagger Spray","floor":1},{"not_picked":["Catalyst","Deadly Poison"],"picked":"Bouncing Flask","floor":3},{"not_picked":["Finisher","Dagger Throw"],"picked":"Leg Sweep","floor":8},{"not_picked":["Deflect","Riddle With Holes"],"picked":"Slice","floor":10},{"not_picked":["Sucker Punch","Acrobatics"],"picked":"Bouncing Flask","floor":11},{"not_picked":["Deflect","Reflex","Sucker Punch"],"picked":"SKIP","floor":13},{"not_picked":["Concentrate","Flying Knee"],"picked":"Burst","floor":14},{"not_picked":["Bullet Time","Grand Finale"],"picked":"A Thousand Cuts","floor":16},{"not_picked":["Dash","Blur"],"picked":"Dodge and Roll","floor":18},{"not_picked":["Bane","Sucker Punch"],"picked":"Backflip","floor":20},{"not_picked":["Terror","Masterful Stab","Escape Plan"],"picked":"SKIP","floor":22},{"not_picked":["Outmaneuver","Eviscerate","Flying Knee+1"],"picked":"SKIP","floor":25},{"not_picked":["Finisher","Crippling Poison"],"picked":"Backflip","floor":27},{"not_picked":["Deflect+1","Sucker Punch"],"picked":"Slice","floor":29},{"not_picked":["Blade Dance","Masterful Stab"],"picked":"Catalyst","floor":31},{"not_picked":["Die Die Die","Doppelganger"],"picked":"Malaise","floor":33},{"not_picked":["Outmaneuver+1","Underhanded Strike+1"],"picked":"Noxious Fumes","floor":35},{"not_picked":["Riddle With Holes","Deadly Poison+1"],"picked":"Dash+1","floor":39},{"not_picked":["Flying Knee+1","Dash+1"],"picked":"Dodge and Roll","floor":40}],"player_experience":168986,"relics_obtained":[{"floor":8,"key":"Shovel"},{"floor":9,"key":"War Paint"},{"floor":13,"key":"StoneCalendar"},{"floor":29,"key":"Mercury Hourglass"},{"floor":40,"key":"Pen Nib"}],"event_choices":[{"damage_healed":0,"gold_gain":0,"player_choice":"Success","damage_taken":3,"relics_obtained":["Snake Skull"],"max_hp_gain":0,"max_hp_loss":0,"event_name":"Scrap Ooze","floor":2,"gold_loss":0},{"damage_healed":0,"gold_gain":0,"player_choice":"Take Wound","damage_taken":0,"relics_obtained":["Golden Idol"],"max_hp_gain":0,"max_hp_loss":0,"event_name":"Golden Idol","floor":5,"gold_loss":0,"cards_obtained":["Injury"]},{"cards_removed":["Injury"],"damage_healed":0,"gold_gain":0,"player_choice":"Card Removal","damage_taken":7,"max_hp_gain":0,"max_hp_loss":0,"event_name":"Golden Wing","floor":7,"gold_loss":0},{"damage_healed":0,"gold_gain":0,"player_choice":"Obtained Relic","damage_taken":0,"relics_obtained":["Old Coin"],"max_hp_gain":0,"max_hp_loss":0,"event_name":"Addict","floor":19,"gold_loss":85},{"damage_healed":0,"gold_gain":0,"player_choice":"","damage_taken":7,"max_hp_gain":0,"max_hp_loss":0,"event_name":"Knowing Skull","floor":21,"potions_obtained":[],"gold_loss":0,"cards_obtained":[]},{"damage_healed":0,"gold_gain":0,"player_choice":"Trade","damage_taken":0,"relics_obtained":["NlothsMask"],"max_hp_gain":0,"max_hp_loss":0,"event_name":"FaceTrader","floor":23,"gold_loss":0},{"damage_healed":0,"gold_gain":0,"player_choice":"Ignored","damage_taken":0,"max_hp_gain":0,"max_hp_loss":0,"event_name":"Tomb of Lord Red Mask","floor":36,"gold_loss":0},{"damage_healed":0,"gold_gain":0,"player_choice":"Max HP","damage_taken":0,"max_hp_gain":0,"max_hp_loss":4,"event_name":"Winding Halls","floor":37,"gold_loss":0}],"is_beta":false,"boss_relics":[{"not_picked":["White Beast Statue","Ectoplasm"],"picked":"Cursed Key"},{"not_picked":["Black Star","Calling Bell"],"picked":"Philosopher\u0027s Stone"}],"items_purged_floors":[4,38],"is_endless":false,"potions_floor_spawned":[8,10,11,13,22,25,31,39,40],"killed_by":"Spire Growth","ascension_level":2}