{"gold_per_floor":[212,287,304,316,327,327,337,25,25,25,25,39,39,54,54,150,150,167,167,23,35,35,35,35,69,69,69,69,69,69,69,69,167,167,185,185,199,474,485,512,525,67,137,137,137,154,154,154,154,154],"floor_reached":51,"playtime":1387,"items_purged":["Blizzard","Regret"],"score":733,"play_id":"598b9dde-b1d2-4da7-8526-23b49cfd23aa","local_time":"20190310233639","is_ascension_mode":false,"campfire_choices":[{"data":"Zap","floor":6.0,"key":"SMITH"},{"data":"Hologram","floor":11.0,"key":"SMITH"},{"data":"Reinforced Body","floor":13.0,"key":"SMITH"},{"data":"Dualcast","floor":15.0,"key":"SMITH"},{"data":"Reinforced Body","floor":23.0,"key":"SMITH"},{"data":"Doom and Gloom","floor":24.0,"key":"SMITH"},{"data":"Double Energy","floor":27.0,"key":"SMITH"},{"data":"Tempest","floor":28.0,"key":"SMITH"},{"data":"Turbo","floor":29.0,"key":"SMITH"},{"floor":32.0,"key":"REST"},{"data":"Defragment","floor":45.0,"key":"SMITH"},{"data":"Rip and Tear","floor":49.0,"key":"SMITH"}],"neow_cost":"NONE","seed_source_timestamp":17933304381989,"circlet_count":0,"master_deck":["Zap+1","Dualcast+1","Reinforced Body+1","Steam Power","Doom and Gloom+1","Rip and Tear+1","Hologram+1","Ball Lightning","Turbo+1","Biased Cognition","All For One","Meteor Strike","Core Surge","FTL","Machine Learning","Double Energy+1","Defragment+1","Ghostly","Ghostly","Ghostly","Ghostly","Ghostly","Reinforced Body+1","Ball Lightning","Tempest+1","Electrodynamics","FTL+1","Glacier+1","Defragment+1","Turbo+1","Conserve Battery+1","Defragment+1","Dark Shackles","Reboot","Doubt","Conserve Battery+1","Deep Breath"],"special_seed":0,"relics":["Cracked Core","WingedGreaves","Incense Burner","Pandora\u0027s Box","Ice Cream","Cables","Sozu","Symbiotic Virus","Membership Card","Ancient Tea Set","Pantograph"],"potions_floor_usage":[],"damage_taken":[{"damage":1.0,"enemies":"Jaw Worm","floor":1.0,"turns":4.0},{"damage":0.0,"enemies":"2 Louse","floor":3.0,"turns":3.0},{"damage":0.0,"enemies":"Small Slimes","floor":4.0,"turns":3.0},{"damage":2.0,"enemies":"Blue Slaver","floor":5.0,"turns":5.0},{"damage":3.0,"enemies":"Red Slaver","floor":7.0,"turns":3.0},{"damage":0.0,"enemies":"Exordium Wildlife","floor":12.0,"turns":3.0},{"damage":5.0,"enemies":"Lots of Slimes","floor":14.0,"turns":3.0},{"damage":35.0,"enemies":"The Guardian","floor":16.0,"turns":8.0},{"damage":0.0,"enemies":"Spheric Guardian","floor":18.0,"turns":3.0},{"damage":0.0,"enemies":"Chosen","floor":21.0,"turns":4.0},{"damage":10.0,"enemies":"Gremlin Leader","floor":25.0,"turns":5.0},{"damage":1.0,"enemies":"Champ","floor":33.0,"turns":6.0},{"damage":0.0,"enemies":"Orb Walker","floor":35.0,"turns":1.0},{"damage":2.0,"enemies":"3 Shapes","floor":37.0,"turns":2.0},{"damage":3.0,"enemies":"Sphere and 2 Shapes","floor":39.0,"turns":3.0},{"damage":25.0,"enemies":"Giant Head","floor":40.0,"turns":8.0},{"damage":3.0,"enemies":"Maw","floor":41.0,"turns":5.0},{"damage":0.0,"enemies":"Writhing Mass","floor":46.0,"turns":5.0},{"damage":46,"enemies":"Awakened One","floor":50,"turns":12}],"seed_played":"-1741329923608147696","potions_obtained":[{"floor":1.0,"key":"FairyPotion"},{"floor":12.0,"key":"Regen Potion"},{"floor":14.0,"key":"AttackPotion"},{"floor":18.0,"key":"Block Potion"},{"floor":21.0,"key":"GamblersBrew"}],"is_trial":false,"path_per_floor":["M","?","M","M","M","R","M","$","T","?","R","M","R","M","R","B",null,"M","?","$","M","?","R","R","E","T","R","R","R","$","?","R","B",null,"M","?","M","?","M","E","M","$","T","?","R","M","?","?","R","B",null],"character_chosen":"DEFECT","items_purchased":["WingedGreaves","Reinforced Body","Membership Card","Defragment","Ancient Tea Set","Dark Shackles","Reboot"],"campfire_rested":1,"item_purchase_floors":[8,20,42,42,42,42,42],"current_hp_per_floor":[74,63,63,63,61,61,58,58,58,43,43,43,43,38,38,18,75,75,37,37,37,37,37,37,27,27,27,27,27,27,23,35,34,42,42,42,40,40,37,12,9,9,9,42,42,42,42,42,42,4],"gold":154,"neow_bonus":"HUNDRED_GOLD","is_prod":false,"is_daily":false,"chose_seed":false,"campfire_upgraded":11,"win_rate":0,"timestamp":1552282599,"path_taken":["M","?","M","M","M","R","M","$","T","?","R","M","R","M","R","BOSS","M","?","$","M","?","R","R","E","T","R","R","R","$","?","R","BOSS","M","?","?","?","?","E","M","$","T","?","R","M","?","?","R","BOSS"],"build_version":"2019-01-23","purchased_purges":2,"victory":true,"max_hp_per_floor":[75,75,75,75,75,75,75,75,75,75,75,75,75,75,75,75,75,75,37,37,37,37,37,37,37,37,37,37,37,37,42,42,42,42,42,42,42,42,42,42,42,42,42,42,42,42,42,42,42,42],"card_choices":[{"not_picked":["Doom and Gloom","Leap"],"picked":"Reinforced Body","floor":1.0},{"not_picked":["Stack","Barrage"],"picked":"Steam Power","floor":3.0},{"not_picked":["Steam","Leap"],"picked":"Doom and Gloom","floor":4.0},{"not_picked":["Auto Shields","Steam Power"],"picked":"Rip and Tear","floor":5.0},{"not_picked":["Steam","Streamline"],"picked":"Hologram","floor":7.0},{"not_picked":["Hello World","Cold Snap"],"picked":"Ball Lightning","floor":12.0},{"not_picked":["Undo","Auto Shields"],"picked":"Turbo","floor":14.0},{"not_picked":["Seek","Amplify"],"picked":"Biased Cognition","floor":16.0},{"not_picked":["Conserve Battery","Beam Cell+1"],"picked":"Defragment+1","floor":18.0},{"not_picked":["Undo","Turbo","Sunder"],"picked":"SKIP","floor":21.0},{"not_picked":["Hologram+1","Chill+1"],"picked":"Tempest","floor":25.0},{"not_picked":["Hyperbeam","Multi-Cast"],"picked":"Electrodynamics","floor":33.0},{"not_picked":["Scrape","Hello World+1"],"picked":"FTL+1","floor":35.0},{"not_picked":["Compile Driver+1","Coolheaded"],"picked":"Glacier+1","floor":37.0},{"not_picked":["Rebound+1","Lockon"],"picked":"Defragment+1","floor":39.0},{"not_picked":["Blizzard","Reinforced Body+1"],"picked":"Turbo+1","floor":40.0},{"not_picked":["Leap+1","Gash+1"],"picked":"Conserve Battery+1","floor":41.0},{"not_picked":["Beam Cell","BootSequence+1"],"picked":"Conserve Battery+1","floor":46.0},{"not_picked":["Dramatic Entrance","HandOfGreed"],"picked":"Deep Breath","floor":47.0}],"player_experience":1027641,"relics_obtained":[{"floor":9.0,"key":"Incense Burner"},{"floor":25.0,"key":"Ice Cream"},{"floor":26.0,"key":"Cables"},{"floor":40.0,"key":"Symbiotic Virus"},{"floor":43.0,"key":"Pantograph"}],"event_choices":[{"damage_healed":0.0,"max_hp_gain":0.0,"max_hp_loss":0.0,"gold_gain":75.0,"event_name":"World of Goop","player_choice":"Gather Gold","floor":2.0,"gold_loss":0.0,"damage_taken":11.0},{"damage_healed":0.0,"max_hp_gain":0.0,"max_hp_loss":0.0,"gold_gain":0.0,"event_name":"Shining Light","player_choice":"Entered Light","floor":10.0,"gold_loss":0.0,"damage_taken":15.0,"cards_upgraded":["Strike_B","Defend_B"]},{"damage_healed":0.0,"max_hp_gain":0.0,"max_hp_loss":38.0,"gold_gain":0.0,"event_name":"Ghosts","player_choice":"Became a Ghost","floor":19.0,"gold_loss":0.0,"damage_taken":0.0,"cards_obtained":["Ghostly","Ghostly","Ghostly","Ghostly","Ghostly"]},{"damage_healed":0.0,"max_hp_gain":0.0,"max_hp_loss":0.0,"gold_gain":0.0,"event_name":"The Library","player_choice":"Read","floor":22.0,"gold_loss":0.0,"damage_taken":0.0,"cards_obtained":["Ball Lightning"]},{"damage_healed":0.0,"max_hp_gain":5.0,"max_hp_loss":0.0,"gold_gain":0.0,"event_name":"Forgotten Altar","player_choice":"Shed Blood","floor":31.0,"gold_loss":0.0,"damage_taken":9.0},{"damage_healed":0.0,"max_hp_gain":0.0,"max_hp_loss":0.0,"gold_gain":0.0,"event_name":"The Woman in Blue","player_choice":"Bought 0 Potions","floor":36.0,"gold_loss":0.0,"damage_taken":0.0},{"damage_healed":0.0,"max_hp_gain":0.0,"max_hp_loss":0.0,"gold_gain":275.0,"event_name":"Golden Shrine","player_choice":"Desecrate","floor":38.0,"gold_loss":0.0,"damage_taken":0.0,"cards_obtained":["Regret"]},{"damage_healed":33.0,"max_hp_gain":0.0,"max_hp_loss":0.0,"gold_gain":0.0,"event_name":"MindBloom","player_choice":"Heal","floor":44.0,"gold_loss":0.0,"damage_taken":0.0,"cards_obtained":["Doubt"]},{"damage_healed":0.0,"max_hp_gain":0.0,"max_hp_loss":0.0,"gold_gain":0.0,"event_name":"SensoryStone","player_choice":"Memory 1","floor":47.0,"gold_loss":0.0,"damage_taken":0.0},{"cards_removed":["Cold Snap"],"damage_healed":0.0,"max_hp_gain":0.0,"max_hp_loss":0.0,"gold_gain":0.0,"event_name":"Falling","player_choice":"Removed Attack","floor":48.0,"gold_loss":0.0,"damage_taken":0.0}],"is_beta":false,"boss_relics":[{"not_picked":["Tiny House","Empty Cage"],"picked":"Pandora\u0027s Box"},{"not_picked":["Cursed Key","White Beast Statue"],"picked":"Sozu"}],"items_purged_floors":[20,42],"is_endless":false,"potions_floor_spawned":[1,12,14,18,21,35,39,41],"ascension_level":0}