{"gold_per_floor":[116,116,131,148,148,148,166,166,190,190,200,225,245,18,18,96,146,160,160,75,0,12,12,12,38,65,65,83,83,98,115,115,115],"floor_reached":33,"playtime":1448,"items_purged":["Strike_G"],"score":507,"play_id":"88be9455-a586-46a8-a968-b8e64f2808f3","local_time":"20190308100146","is_ascension_mode":true,"campfire_choices":[{"data":"PiercingWail","floor":6.0,"key":"SMITH"},{"data":"Cloak And Dagger","floor":8.0,"key":"SMITH"},{"floor":10.0,"key":"REST"},{"floor":15.0,"key":"REST"},{"floor":23.0,"key":"REST"},{"floor":27,"key":"REST"},{"data":"Dagger Spray","floor":29,"key":"SMITH"},{"floor":32,"key":"REST"}],"neow_cost":"NONE","seed_source_timestamp":144656823308586,"circlet_count":0,"master_deck":["AscendersBane","Defend_G+1","Defend_G+1","Defend_G","Defend_G","Defend_G","Strike_G+1","Strike_G","Strike_G","Strike_G","Survivor","Neutralize+1","PiercingWail+1","Backstab","Cloak And Dagger+1","Dagger Spray+1","Cloak And Dagger","Backflip","Accuracy","Glass Knife","Infinite Blades","Leg Sweep","Finisher","Infinite Blades","Cloak And Dagger","Finisher","Footwork"],"special_seed":0,"relics":["Ring of the Snake","Oddly Smooth Stone","Dream Catcher","Juzu Bracelet","Vajra","Tiny House","Strawberry","Snake Skull","Bronze Scales"],"potions_floor_usage":[25,31],"damage_taken":[{"damage":4.0,"enemies":"2 Louse","floor":1.0,"turns":4.0},{"damage":6.0,"enemies":"Small Slimes","floor":3.0,"turns":4.0},{"damage":3.0,"enemies":"Jaw Worm","floor":4.0,"turns":5.0},{"damage":3.0,"enemies":"Exordium Wildlife","floor":7.0,"turns":5.0},{"damage":8.0,"enemies":"Exordium Thugs","floor":11.0,"turns":8.0},{"damage":14.0,"enemies":"Lagavulin","floor":12.0,"turns":7.0},{"damage":0.0,"enemies":"Large Slime","floor":13.0,"turns":5.0},{"damage":9.0,"enemies":"Hexaghost","floor":16.0,"turns":15.0},{"damage":18.0,"enemies":"Chosen","floor":18.0,"turns":6.0},{"damage":2.0,"enemies":"2 Thieves","floor":22.0,"turns":4.0},{"damage":66,"enemies":"Slavers","floor":25,"turns":6},{"damage":4,"enemies":"Centurion and Healer","floor":28,"turns":6},{"damage":22,"enemies":"Snake Plant","floor":30,"turns":3},{"damage":1,"enemies":"Shelled Parasite and Fungi","floor":31,"turns":5},{"damage":28,"enemies":"Champ","floor":33,"turns":9}],"seed_played":"4083566181062526177","potions_obtained":[{"floor":4.0,"key":"FairyPotion"},{"floor":7.0,"key":"PowerPotion"},{"floor":16.0,"key":"Ancient Potion"},{"floor":17.0,"key":"EntropicBrew"},{"floor":25,"key":"Explosive Potion"},{"floor":30,"key":"Fire Potion"}],"is_trial":false,"path_per_floor":["M","?","M","M","?","R","M","R","T","R","M","E","M","$","R","B",null,"M","?","?","$","M","R","?","E","T","R","M","R","M","M","R","B"],"character_chosen":"THE_SILENT","items_purchased":["Vajra","SkillPotion"],"campfire_rested":5,"item_purchase_floors":[14,14],"current_hp_per_floor":[55,55,49,46,26,26,23,23,23,42,34,20,20,20,39,30,62,44,44,51,51,49,72,65,6,6,29,25,25,3,2,25,0],"gold":115,"neow_bonus":"RANDOM_COMMON_RELIC","is_prod":false,"is_daily":false,"chose_seed":false,"campfire_upgraded":3,"win_rate":0,"timestamp":1552035706,"path_taken":["M","?","M","M","?","R","M","R","T","R","M","E","M","$","R","BOSS","M","?","?","?","M","R","?","E","T","R","M","R","M","M","R","BOSS"],"build_version":"2019-01-23","purchased_purges":1,"victory":false,"max_hp_per_floor":[66,66,66,66,66,66,66,66,66,66,66,66,66,66,66,66,71,71,71,78,78,78,78,78,78,78,78,78,78,78,78,78,78],"card_choices":[{"not_picked":["Blade Dance","Eviscerate"],"picked":"PiercingWail","floor":1.0},{"not_picked":["Deflect","Slice"],"picked":"Backstab","floor":3.0},{"not_picked":["Poisoned Stab","Bane","Acrobatics"],"picked":"SKIP","floor":4.0},{"not_picked":["Deflect","Escape Plan"],"picked":"Cloak And Dagger","floor":7.0},{"not_picked":["Acrobatics","Quick Slash"],"picked":"Dagger Spray","floor":11.0},{"not_picked":["Dodge and Roll","Calculated Gamble"],"picked":"Cloak And Dagger","floor":12.0},{"not_picked":["Flying Knee","Bouncing Flask"],"picked":"Backflip","floor":13.0},{"not_picked":["Predator","Distraction"],"picked":"Accuracy","floor":15.0},{"not_picked":["Venomology","Doppelganger"],"picked":"Glass Knife","floor":16.0},{"not_picked":["Catalyst","Slice"],"picked":"Infinite Blades","floor":17.0},{"not_picked":["Outmaneuver","Eviscerate+1","Tactician"],"picked":"SKIP","floor":18.0},{"not_picked":["Well Laid Plans","Dagger Throw"],"picked":"Finisher","floor":22.0},{"not_picked":["Backflip","Terror"],"picked":"Infinite Blades","floor":25},{"not_picked":["Bane+1","Backflip"],"picked":"Cloak And Dagger","floor":27},{"not_picked":["Acrobatics","Riddle With Holes+1"],"picked":"Finisher","floor":28},{"not_picked":["Bane","Reflex+1","Riddle With Holes"],"picked":"SKIP","floor":30},{"not_picked":["Outmaneuver","Expertise"],"picked":"Footwork","floor":31}],"player_experience":930980,"relics_obtained":[{"floor":9.0,"key":"Dream Catcher"},{"floor":12.0,"key":"Juzu Bracelet"},{"floor":25,"key":"Snake Skull"},{"floor":26,"key":"Bronze Scales"}],"event_choices":[{"damage_healed":0.0,"max_hp_gain":0.0,"max_hp_loss":0.0,"gold_gain":0.0,"event_name":"Living Wall","player_choice":"Grow","floor":2.0,"gold_loss":0.0,"damage_taken":0.0,"cards_upgraded":["Neutralize"]},{"damage_healed":0.0,"max_hp_gain":0.0,"max_hp_loss":0.0,"gold_gain":0.0,"event_name":"Shining Light","player_choice":"Entered Light","floor":5.0,"gold_loss":0.0,"damage_taken":20.0,"cards_upgraded":["Defend_G","Defend_G"]},{"damage_healed":0.0,"max_hp_gain":0.0,"max_hp_loss":0.0,"gold_gain":0.0,"event_name":"The Library","player_choice":"Read","floor":19.0,"gold_loss":0.0,"damage_taken":0.0,"cards_obtained":["Leg Sweep"]},{"damage_healed":0.0,"max_hp_gain":0.0,"max_hp_loss":0.0,"gold_gain":0.0,"event_name":"Addict","player_choice":"Obtained Relic","floor":20.0,"gold_loss":85.0,"damage_taken":0.0,"relics_obtained":["Strawberry"]},{"damage_healed":0.0,"max_hp_gain":0.0,"max_hp_loss":0.0,"gold_gain":0.0,"event_name":"Knowing Skull","player_choice":"","floor":24.0,"potions_obtained":[],"gold_loss":0.0,"damage_taken":7.0,"cards_obtained":[]}],"is_beta":false,"boss_relics":[{"not_picked":["Snecko Eye","Runic Pyramid"],"picked":"Tiny House"}],"items_purged_floors":[21],"is_endless":false,"potions_floor_spawned":[4,7,16,18,25,30],"killed_by":"Champ","ascension_level":18}