{"gold_per_floor":[114,41,58,72,72,104,122,122,174,174,188,188,188,188,188,292,292,310,328,253,268,183,183,203,203,228,228,128,161,161,181,181,281,281,295,90,190,206,81,81,0,0,0,0,20,20,32,43,43,43],"floor_reached":50,"playtime":3690,"items_purged":["Parasite","Concentrate","Deflect"],"score":587,"play_id":"306c5c1c-df3a-4551-b42f-1979e859d035","local_time":"20190307051416","is_ascension_mode":true,"campfire_choices":[{"data":"Eviscerate","floor":8,"key":"SMITH"},{"data":"Calculated Gamble","floor":10,"key":"SMITH"},{"data":"After Image","floor":13,"key":"SMITH"},{"data":"Bouncing Flask","floor":15,"key":"SMITH"},{"data":"Bouncing Flask","floor":23,"key":"SMITH"},{"data":"Catalyst","floor":25,"key":"SMITH"},{"data":"Burst","floor":30,"key":"SMITH"},{"floor":32,"key":"REST"},{"floor":40,"key":"REST"},{"data":"Eviscerate","floor":42,"key":"SMITH"},{"floor":49,"key":"REST"}],"neow_cost":"NONE","seed_source_timestamp":221199249423118,"circlet_count":0,"master_deck":["Survivor","Neutralize","Eviscerate+1","After Image+1","Calculated Gamble+1","Noxious Fumes","Bouncing Flask+1","After Image","Sucker Punch","Burst+1","Bouncing Flask+1","Eviscerate+1","Well Laid Plans","Outmaneuver+1","Expertise","Backstab","Catalyst+1","After Image","Dark Shackles"],"relics":["Snecko Eye","Blue Candle","Orichalcum","Oddly Smooth Stone","Pandora\u0027s Box","Art of War","Snake Skull","Bird Faced Urn","Strange Spoon","Pocketwatch","Red Mask","Anchor"],"potions_floor_usage":[16,16,19,24,29,45,48,48,50,50],"damage_taken":[{"damage":0,"enemies":"Small Slimes","floor":1,"turns":4},{"damage":0,"enemies":"Jaw Worm","floor":3,"turns":4},{"damage":0,"enemies":"2 Louse","floor":4,"turns":2},{"damage":18,"enemies":"Lagavulin","floor":6,"turns":7},{"damage":2,"enemies":"Blue Slaver","floor":7,"turns":3},{"damage":0,"enemies":"2 Fungi Beasts","floor":11,"turns":2},{"damage":1,"enemies":"The Guardian","floor":16,"turns":7},{"damage":5,"enemies":"Spheric Guardian","floor":18,"turns":3},{"damage":16,"enemies":"2 Thieves","floor":19,"turns":4},{"damage":2,"enemies":"3 Cultists","floor":21,"turns":5},{"damage":5,"enemies":"Cultist and Chosen","floor":24,"turns":4},{"damage":0,"enemies":"Gremlin Leader","floor":29,"turns":4},{"damage":0,"enemies":"Snecko","floor":31,"turns":2},{"damage":4,"enemies":"Automaton","floor":33,"turns":5},{"damage":19,"enemies":"3 Shapes","floor":35,"turns":3},{"damage":9,"enemies":"Mind Bloom Boss Battle","floor":37,"turns":4},{"damage":17,"enemies":"3 Darklings","floor":38,"turns":3},{"damage":8,"enemies":"Jaw Worm Horde","floor":45,"turns":4},{"damage":27,"enemies":"Spire Growth","floor":47,"turns":3},{"damage":8,"enemies":"Sphere and 2 Shapes","floor":48,"turns":3},{"damage":61,"enemies":"Awakened One","floor":50,"turns":8}],"seed_played":"-6883270956409113498","potions_obtained":[{"floor":3,"key":"GhostInAJar"},{"floor":6,"key":"Explosive Potion"},{"floor":11,"key":"Strength Potion"},{"floor":21,"key":"SkillPotion"},{"floor":24,"key":"GhostInAJar"},{"floor":29,"key":"GhostInAJar"},{"floor":33,"key":"Poison Potion"},{"floor":37,"key":"Swift Potion"},{"floor":47,"key":"AttackPotion"},{"floor":48,"key":"Energy Potion"}],"is_trial":false,"path_per_floor":["M","$","M","M","?","E","M","R","T","R","M","?","R","?","R","B",null,"M","M","$","M","?","R","M","R","T","?","$","E","R","M","R","B",null,"M","$","?","M","$","R","?","R","T","?","M","?","M","M","R","B"],"character_chosen":"THE_SILENT","items_purchased":["After Image","Strange Spoon"],"campfire_rested":3,"item_purchase_floors":[2,36],"current_hp_per_floor":[70,70,70,70,56,38,36,36,36,36,36,33,33,50,50,49,70,65,49,49,47,47,47,42,42,42,42,42,42,42,46,66,63,67,48,48,47,34,34,54,54,54,54,54,54,54,33,33,53,0],"gold":43,"neow_bonus":"BOSS_RELIC","is_prod":false,"is_daily":false,"chose_seed":false,"campfire_upgraded":8,"win_rate":0,"timestamp":1551957256,"path_taken":["M","$","M","M","?","E","M","R","T","R","M","?","R","?","R","BOSS","M","M","$","M","?","R","M","R","T","?","$","E","R","M","R","BOSS","M","$","?","M","$","R","?","R","T","?","?","?","M","M","R","BOSS"],"build_version":"2019-01-23","purchased_purges":3,"victory":false,"max_hp_per_floor":[70,70,70,70,70,70,70,70,70,70,70,70,70,70,70,70,70,70,70,67,67,67,67,67,67,67,67,67,67,67,67,67,67,67,67,67,67,67,67,67,67,67,67,67,67,67,67,67,67,67],"card_choices":[{"not_picked":["Dagger Throw","Noxious Fumes"],"picked":"Eviscerate","floor":1},{"not_picked":["Deflect","Prepared"],"picked":"Calculated Gamble","floor":3},{"not_picked":["Cloak And Dagger","Blade Dance"],"picked":"Noxious Fumes","floor":4},{"not_picked":["Caltrops","Expertise","Poisoned Stab"],"picked":"SKIP","floor":6},{"not_picked":["Dagger Spray","PiercingWail"],"picked":"Bouncing Flask","floor":7},{"not_picked":["Crippling Poison","Setup","Accuracy"],"picked":"SKIP","floor":11},{"not_picked":["Unload","Glass Knife"],"picked":"After Image","floor":16},{"not_picked":["Deflect","Sucker Punch","Poisoned Stab"],"picked":"SKIP","floor":18},{"not_picked":["Calculated Gamble","Blur+1"],"picked":"Catalyst","floor":19},{"not_picked":["Flying Knee","Escape Plan","Riddle With Holes+1"],"picked":"SKIP","floor":21},{"not_picked":["Dagger Spray","Crippling Poison","Calculated Gamble+1"],"picked":"SKIP","floor":24},{"not_picked":["Underhanded Strike","Sucker Punch","Die Die Die"],"picked":"SKIP","floor":29},{"not_picked":["Expertise","All Out Attack","Sucker Punch"],"picked":"SKIP","floor":31},{"not_picked":["Bullet Time","Wraith Form v2"],"picked":"After Image","floor":33},{"not_picked":["Slice","Acrobatics","Blur+1"],"picked":"SKIP","floor":35},{"not_picked":["Footwork","Prepared","Sucker Punch"],"picked":"SKIP","floor":38},{"not_picked":["Underhanded Strike","Dodge and Roll","Skewer"],"picked":"SKIP","floor":45},{"not_picked":["Blur","Well Laid Plans+1","Backflip"],"picked":"SKIP","floor":47},{"not_picked":["Bane","Well Laid Plans+1","Dodge and Roll+1"],"picked":"SKIP","floor":48}],"player_experience":199344,"relics_obtained":[{"floor":6,"key":"Blue Candle"},{"floor":9,"key":"Orichalcum"},{"floor":26,"key":"Snake Skull"},{"floor":29,"key":"Bird Faced Urn"},{"floor":37,"key":"Pocketwatch"},{"floor":43,"key":"Anchor"}],"event_choices":[{"damage_healed":0,"gold_gain":0,"player_choice":"Entered Light","damage_taken":14,"max_hp_gain":0,"max_hp_loss":0,"event_name":"Shining Light","floor":5,"gold_loss":0,"cards_upgraded":["Strike_G","Strike_G"]},{"damage_healed":0,"gold_gain":0,"player_choice":"Success","damage_taken":3,"relics_obtained":["Oddly Smooth Stone"],"max_hp_gain":0,"max_hp_loss":0,"event_name":"Scrap Ooze","floor":12,"gold_loss":0},{"damage_healed":17,"gold_gain":0,"player_choice":"Healed and dodged fight","damage_taken":0,"max_hp_gain":0,"max_hp_loss":0,"event_name":"Mushrooms","floor":14,"gold_loss":0,"cards_obtained":["Parasite"]},{"damage_healed":0,"gold_gain":0,"player_choice":"Obtained Relic","damage_taken":0,"relics_obtained":["Art of War"],"max_hp_gain":0,"max_hp_loss":0,"event_name":"Addict","floor":22,"gold_loss":85},{"damage_healed":0,"gold_gain":0,"player_choice":"Ignored","damage_taken":0,"max_hp_gain":0,"max_hp_loss":0,"event_name":"Vampires","floor":27,"gold_loss":0},{"damage_healed":0,"gold_gain":0,"player_choice":"Fight","damage_taken":0,"max_hp_gain":0,"max_hp_loss":0,"event_name":"MindBloom","floor":37,"gold_loss":0},{"damage_healed":0,"gold_gain":0,"player_choice":"Paid","damage_taken":0,"relics_obtained":["Red Mask"],"max_hp_gain":0,"max_hp_loss":0,"event_name":"Tomb of Lord Red Mask","floor":41,"gold_loss":81},{"damage_healed":0,"gold_gain":0,"player_choice":"Forge","damage_taken":0,"max_hp_gain":0,"max_hp_loss":0,"event_name":"Accursed Blacksmith","floor":44,"gold_loss":0,"cards_upgraded":["Outmaneuver"]},{"damage_healed":0,"gold_gain":0,"player_choice":"1 cards matched","damage_taken":0,"max_hp_gain":0,"max_hp_loss":0,"event_name":"Match and Keep!","floor":46,"gold_loss":0,"cards_obtained":["Dark Shackles"]},{"damage_healed":0,"gold_gain":0,"player_choice":"1 cards matched","damage_taken":0,"max_hp_gain":0,"max_hp_loss":0,"event_name":"Match and Keep!","floor":46,"gold_loss":0,"cards_obtained":["Dark Shackles"]}],"is_beta":false,"boss_relics":[{"not_picked":["WristBlade","Astrolabe"],"picked":"Pandora\u0027s Box"},{"not_picked":["Runic Pyramid","Runic Dome","Velvet Choker"]}],"items_purged_floors":[20,28,39],"is_endless":false,"potions_floor_spawned":[3,6,11,21,24,29,33,37,38,47,48],"killed_by":"Awakened One","ascension_level":3}