{"gold_per_floor":[115,131,22,22,22,22,50,50,125,150,170,170,190,190,190,289,289,308,320,85,97,117,117,131,131,177,188,204,154,16,35,35,132,132,147,163,163,173,173,173],"floor_reached":40,"playtime":1911,"items_purged":["Regret","Strike_R"],"score":665,"play_id":"ec9f639e-c155-4251-bfb7-096e73ea072e","local_time":"20181025225451","is_ascension_mode":true,"campfire_choices":[{"data":"Searing Blow+1","floor":6,"key":"SMITH"},{"data":"Searing Blow+2","floor":8,"key":"SMITH"},{"data":"Searing Blow+3","floor":12,"key":"SMITH"},{"data":"Searing Blow+4","floor":15,"key":"SMITH"},{"data":"Armaments","floor":23,"key":"SMITH"},{"data":"Searing Blow+5","floor":25,"key":"SMITH"},{"data":"Searing Blow+6","floor":32,"key":"SMITH"}],"neow_cost":"CURSE","seed_source_timestamp":9942736622443,"circlet_count":0,"master_deck":["Defend_R","Defend_R+1","Defend_R+1","Defend_R","Berserk","Pommel Strike","Searing Blow+7","Metallicize","Ghostly Armor","Iron Wave+1","Battle Trance","Bludgeon+1","Disarm+1","Rage+1","Clash+1","Armaments+1","Trip","Pommel Strike+1","Whirlwind+1","Pommel Strike+1","Iron Wave+1","Double Tap","Shrug It Off","Limit Break","Pummel+1","Finesse","Enlightenment"],"relics":["Burning Blood","Shuriken","Molten Egg 2","War Paint","Vajra","Astrolabe","Oddly Smooth Stone","Runic Dome","SsserpentHead"],"potions_floor_usage":[7,18,24,28,33,33,33],"damage_taken":[{"damage":7,"enemies":"2 Louse","floor":1,"turns":4},{"damage":2,"enemies":"Small Slimes","floor":2,"turns":3},{"damage":37,"enemies":"Lagavulin","floor":7,"turns":5},{"damage":12,"enemies":"3 Sentries","floor":10,"turns":9},{"damage":0,"enemies":"Cultist","floor":11,"turns":3},{"damage":1,"enemies":"Looter","floor":13,"turns":2},{"damage":0,"enemies":"The Guardian","floor":16,"turns":7},{"damage":0,"enemies":"3 Byrds","floor":18,"turns":5},{"damage":0,"enemies":"Spheric Guardian","floor":19,"turns":2},{"damage":0,"enemies":"3 Cultists","floor":21,"turns":5},{"damage":0,"enemies":"Snecko","floor":22,"turns":3},{"damage":5,"enemies":"Cultist and Chosen","floor":24,"turns":3},{"damage":17,"enemies":"Centurion and Healer","floor":27,"turns":4},{"damage":0,"enemies":"3 Cultists","floor":28,"turns":3},{"damage":0,"enemies":"Snecko","floor":31,"turns":2},{"damage":32,"enemies":"Collector","floor":33,"turns":8},{"damage":1,"enemies":"3 Shapes","floor":35,"turns":4},{"damage":13,"enemies":"3 Darklings","floor":36,"turns":3},{"damage":47,"enemies":"Sphere and 2 Shapes","floor":38,"turns":5},{"damage":21,"enemies":"Maw","floor":40,"turns":2}],"seed_played":"5972763687863785869","potions_obtained":[{"floor":2,"key":"AttackPotion"},{"floor":10,"key":"AttackPotion"},{"floor":11,"key":"GamblersBrew"},{"floor":13,"key":"Energy Potion"},{"floor":18,"key":"SteroidPotion"},{"floor":19,"key":"AttackPotion"},{"floor":27,"key":"Block Potion"},{"floor":31,"key":"Fire Potion"},{"floor":36,"key":"Strength Potion"},{"floor":38,"key":"PowerPotion"}],"is_trial":false,"path_per_floor":["M","M","$","?","?","R","E","R","T","E","M","R","M","?","R","B",null,"M","M","$","M","M","R","M","R","T","M","M","?","$","M","R","B",null,"M","M","?","M","?"],"character_chosen":"IRONCLAD","items_purchased":["Metallicize","Armaments","Trip","Double Tap"],"campfire_rested":0,"item_purchase_floors":[3,20,20,30],"current_hp_per_floor":[71,75,75,75,80,80,49,49,49,43,49,49,54,47,47,53,73,79,80,80,80,80,80,80,80,80,69,75,75,75,80,80,54,74,79,72,62,21,21,0],"gold":173,"neow_bonus":"TRANSFORM_TWO_CARDS","is_prod":false,"is_daily":false,"chose_seed":false,"campfire_upgraded":7,"win_rate":0,"timestamp":1540515291,"path_taken":["M","M","$","?","?","R","E","R","T","E","M","R","M","?","R","BOSS","M","M","$","M","M","R","M","R","T","M","M","?","?","M","R","BOSS","M","M","?","M","?","M"],"build_version":"2018-10-25","purchased_purges":2,"victory":false,"max_hp_per_floor":[80,80,80,80,80,80,80,80,80,80,80,80,80,80,80,80,80,80,80,80,80,80,80,80,80,80,80,80,80,80,80,80,80,80,80,80,80,80,80,80],"card_choices":[{"not_picked":["Entrench","Twin Strike"],"picked":"Pommel Strike","floor":1},{"not_picked":["Body Slam","Hemokinesis"],"picked":"Searing Blow","floor":2},{"not_picked":["Clothesline","Anger"],"picked":"Ghostly Armor","floor":7},{"not_picked":["Warcry","Feel No Pain","Demon Form"],"picked":"SKIP","floor":10},{"not_picked":["Cleave+1","Heavy Blade+1"],"picked":"Iron Wave+1","floor":11},{"not_picked":["Shockwave","Rage"],"picked":"Battle Trance","floor":13},{"not_picked":["Clothesline+1","Rupture","Body Slam+1"],"picked":"SKIP","floor":18},{"not_picked":["Heavy Blade+1","Inflame"],"picked":"Clash+1","floor":19},{"not_picked":["Thunderclap+1","Sword Boomerang+1"],"picked":"Pommel Strike+1","floor":21},{"not_picked":["Headbutt+1","Flex+1"],"picked":"Whirlwind+1","floor":22},{"not_picked":["Warcry","Seeing Red"],"picked":"Pommel Strike+1","floor":24},{"not_picked":["Reckless Charge+1","Pommel Strike+1"],"picked":"Iron Wave+1","floor":27},{"not_picked":["Pommel Strike+1","Perfected Strike+1","Second Wind"],"picked":"SKIP","floor":28},{"not_picked":["Anger+1","Cleave+1"],"picked":"Shrug It Off","floor":31},{"not_picked":["Dark Embrace","Berserk"],"picked":"Limit Break","floor":33},{"not_picked":["Heavy Blade+1","Clash+1","Intimidate"],"picked":"SKIP","floor":35},{"not_picked":["Dual Wield","Havoc"],"picked":"Pummel+1","floor":36},{"not_picked":["Dramatic Entrance+1","Swift Strike+1"],"picked":"Finesse","floor":37},{"not_picked":["PanicButton","Discovery"],"picked":"Enlightenment","floor":37},{"not_picked":["Anger+1","Corruption+1","Uppercut+1"],"picked":"SKIP","floor":38}],"player_experience":595628,"relics_obtained":[{"floor":7,"key":"Shuriken"},{"floor":9,"key":"Molten Egg 2"},{"floor":10,"key":"War Paint"},{"floor":26,"key":"Oddly Smooth Stone"}],"event_choices":[{"damage_healed":0,"gold_gain":0,"player_choice":"Grow","damage_taken":0,"max_hp_gain":0,"max_hp_loss":0,"event_name":"Living Wall","floor":4,"gold_loss":0,"cards_upgraded":["Searing Blow"]},{"cards_removed":["Wild Strike"],"damage_healed":5,"gold_gain":0,"player_choice":"Offered Common","damage_taken":0,"max_hp_gain":0,"max_hp_loss":0,"event_name":"Bonfire Elementals","floor":5,"gold_loss":0},{"cards_removed":["Wild Strike"],"damage_healed":5,"gold_gain":0,"player_choice":"Offered Special","damage_taken":0,"max_hp_gain":0,"max_hp_loss":0,"event_name":"Bonfire Elementals","floor":5,"gold_loss":0},{"damage_healed":0,"gold_gain":0,"player_choice":"Success","damage_taken":7,"relics_obtained":["Vajra"],"max_hp_gain":0,"max_hp_loss":0,"event_name":"Scrap Ooze","floor":14,"gold_loss":0},{"damage_healed":0,"gold_gain":0,"player_choice":"Bet on Murderer","damage_taken":0,"max_hp_gain":0,"max_hp_loss":0,"event_name":"The Joust","floor":29,"gold_loss":50},{"damage_healed":0,"gold_gain":0,"player_choice":"Memory 3","damage_taken":10,"max_hp_gain":0,"max_hp_loss":0,"event_name":"SensoryStone","floor":37,"gold_loss":0},{"damage_healed":0,"gold_gain":0,"player_choice":"Trade","damage_taken":0,"relics_obtained":["SsserpentHead"],"max_hp_gain":0,"max_hp_loss":0,"event_name":"FaceTrader","floor":39,"gold_loss":0}],"is_beta":false,"boss_relics":[{"not_picked":["Cursed Key","Runic Pyramid"],"picked":"Astrolabe"},{"not_picked":["Runic Cube","Pandora\u0027s Box"],"picked":"Runic Dome"}],"items_purged_floors":[3,20],"is_endless":false,"potions_floor_spawned":[2,10,11,13,18,19,27,31,36,38],"killed_by":"Maw","ascension_level":8}