{"gold_per_floor":[114,125,125,125,137,147,147,167,192,218,218,248,259,273,273,378,378,394,394,405,422,60,60,72,72,72,72,90,110,110,120,120,120],"floor_reached":33,"playtime":1276,"items_purged":["Writhe"],"score":253,"play_id":"27a70ca2-388a-4a66-9285-1c54ff6104c8","local_time":"20190214201610","is_ascension_mode":false,"campfire_choices":[{"floor":7,"key":"RECALL"},{"data":"Zap","floor":11,"key":"SMITH"},{"floor":15,"key":"REST"},{"floor":23,"key":"REST"},{"floor":25,"key":"REST"},{"floor":32,"key":"REST"}],"neow_cost":"NONE","seed_source_timestamp":128909983449435,"circlet_count":0,"master_deck":["Zap+1","Dualcast+1","Go for the Eyes","Conserve Battery","Rebound","Streamline","Leap","Genetic Algorithm","Thunder Strike","Defragment","Rip and Tear","Reprogram","Leap","Melter","Beam Cell","Hologram+1","Conserve Battery+1","Loop","Fusion","Doom and Gloom","Auto Shields+1"],"relics":["Cracked Core","Cables","Potion Belt","Lantern","Pandora\u0027s Box","War Paint","Symbiotic Virus","Emotion Chip"],"potions_floor_usage":[12,16,21,33],"damage_taken":[{"damage":0,"enemies":"Cultist","floor":1,"turns":4},{"damage":1,"enemies":"Jaw Worm","floor":2,"turns":3},{"damage":0,"enemies":"2 Louse","floor":5,"turns":2},{"damage":3,"enemies":"Gremlin Gang","floor":6,"turns":6},{"damage":5,"enemies":"Looter","floor":8,"turns":3},{"damage":19,"enemies":"Lagavulin","floor":12,"turns":6},{"damage":1,"enemies":"3 Louse","floor":13,"turns":2},{"damage":6,"enemies":"2 Fungi Beasts","floor":14,"turns":2},{"damage":32,"enemies":"The Guardian","floor":16,"turns":10},{"damage":18,"enemies":"3 Byrds","floor":18,"turns":4},{"damage":13,"enemies":"2 Thieves","floor":20,"turns":3},{"damage":24,"enemies":"Centurion and Healer","floor":21,"turns":7},{"damage":1,"enemies":"Cultist and Chosen","floor":24,"turns":5},{"damage":14,"enemies":"Sentry and Sphere","floor":28,"turns":4},{"damage":0,"enemies":"Centurion and Healer","floor":29,"turns":4},{"damage":12,"enemies":"Snecko","floor":31,"turns":5},{"damage":73,"enemies":"Collector","floor":33,"turns":6}],"seed_played":"4023090841501841417","potions_obtained":[{"floor":1,"key":"Strength Potion"},{"floor":5,"key":"SkillPotion"},{"floor":8,"key":"Strength Potion"},{"floor":13,"key":"SmokeBomb"},{"floor":16,"key":"EssenceOfSteel"},{"floor":24,"key":"FocusPotion"},{"floor":28,"key":"SneckoOil"}],"is_trial":false,"path_per_floor":["M","M","T","?","M","M","R","M","T","T","R","E","M","M","R","B",null,"M","?","M","M","$","R","M","R","T","?","M","M","$","M","R","B"],"character_chosen":"DEFECT","items_purchased":["Symbiotic Virus","Loop"],"campfire_rested":4,"item_purchase_floors":[22,22],"current_hp_per_floor":[75,74,74,75,75,72,72,67,67,67,67,48,47,41,63,31,75,57,57,44,20,20,42,41,63,63,63,49,49,49,37,59,0],"gold":120,"neow_bonus":"THREE_CARDS","is_prod":false,"is_daily":false,"chose_seed":false,"campfire_upgraded":1,"win_rate":0,"timestamp":1550211370,"path_taken":["M","M","?","?","M","M","R","?","T","?","R","E","M","M","R","BOSS","M","?","M","M","$","R","M","R","T","?","M","?","$","M","R","BOSS"],"build_version":"2019-01-23","purchased_purges":1,"victory":false,"max_hp_per_floor":[75,75,75,75,75,75,75,75,75,75,75,75,75,75,75,75,75,75,75,75,75,75,75,75,75,75,75,75,75,75,75,75,75],"card_choices":[{"not_picked":["Redo","Force Field"],"picked":"Go for the Eyes","floor":0},{"not_picked":["Force Field","Steam"],"picked":"Hello World","floor":1},{"not_picked":["Go for the Eyes","Melter"],"picked":"Conserve Battery","floor":2},{"not_picked":["Force Field","Go for the Eyes","Turbo"],"picked":"SKIP","floor":5},{"not_picked":["Go for the Eyes","Coolheaded"],"picked":"Rebound","floor":6},{"not_picked":["Conserve Battery","Biased Cognition"],"picked":"Streamline","floor":8},{"not_picked":["Barrage","Steam"],"picked":"Leap","floor":12},{"not_picked":["Stack","Sweeping Beam"],"picked":"Genetic Algorithm","floor":13},{"not_picked":["Rip and Tear","Barrage","Steam"],"picked":"SKIP","floor":14},{"not_picked":["Core Surge","Electrodynamics"],"picked":"Thunder Strike","floor":16},{"not_picked":["Gash","Turbo"],"picked":"Hologram","floor":18},{"not_picked":["Reprogram+1","Leap","Sweeping Beam+1"],"picked":"SKIP","floor":20},{"not_picked":["Sweeping Beam+1","Barrage"],"picked":"Conserve Battery+1","floor":21},{"not_picked":["Barrage","Hyperbeam","FTL"],"picked":"SKIP","floor":24},{"not_picked":["Coolheaded","Gash","Steam"],"picked":"SKIP","floor":28},{"not_picked":["Cold Snap","Barrage","Sweeping Beam+1"],"picked":"SKIP","floor":29},{"not_picked":["Ball Lightning+1","Beam Cell+1"],"picked":"Auto Shields+1","floor":31}],"player_experience":435559,"relics_obtained":[{"floor":3,"key":"Cables"},{"floor":10,"key":"Potion Belt"},{"floor":12,"key":"Lantern"},{"floor":26,"key":"Emotion Chip"}],"event_choices":[{"cards_removed":["Hello World"],"damage_healed":1,"gold_gain":0,"player_choice":"Offered Uncommon","damage_taken":0,"max_hp_gain":0,"max_hp_loss":0,"event_name":"Bonfire Elementals","floor":4,"gold_loss":0},{"damage_healed":0,"gold_gain":0,"player_choice":"Opened","damage_taken":0,"relics_obtained":["War Paint"],"max_hp_gain":0,"max_hp_loss":0,"event_name":"The Mausoleum","floor":19,"gold_loss":0,"cards_obtained":["Writhe"]},{"damage_healed":0,"gold_gain":0,"cards_transformed":["Steam Power","Recycle"],"player_choice":"Became Test Subject","damage_taken":0,"max_hp_gain":0,"max_hp_loss":0,"event_name":"Drug Dealer","floor":27,"gold_loss":0,"cards_obtained":["Fusion","Doom and Gloom"]}],"is_beta":false,"boss_relics":[{"not_picked":["Coffee Dripper","FrozenCore"],"picked":"Pandora\u0027s Box"}],"items_purged_floors":[22],"is_endless":false,"potions_floor_spawned":[1,5,8,13,16,24,28],"killed_by":"Collector","ascension_level":0}