{"gold_per_floor":[218,393,405,47,64,64,38,52,76,76,111,111,127,153,153,153],"floor_reached":16,"playtime":722,"items_purged":["Doubt"],"score":190,"play_id":"638b2f8d-0ecb-4769-8e94-e51edc256cc2","local_time":"20190309192457","is_ascension_mode":true,"campfire_choices":[{"data":"Reinforced Body","floor":6,"key":"SMITH"},{"floor":12,"key":"REST"},{"data":"Hologram","floor":15,"key":"SMITH"}],"neow_cost":"NONE","seed_source_timestamp":4661527454042,"circlet_count":0,"master_deck":["AscendersBane","Strike_B","Strike_B","Strike_B","Strike_B","Defend_B","Defend_B","Defend_B","Zap","Dualcast","Coolheaded","Cold Snap","Finesse","Reinforced Body+1","Hologram+1","Cold Snap","Go for the Eyes","Go for the Eyes"],"relics":["Cracked Core","Happy Flower","Oddly Smooth Stone","Ancient Tea Set"],"potions_floor_usage":[11,14,14],"damage_taken":[{"damage":0,"enemies":"Small Slimes","floor":1,"turns":3},{"damage":0,"enemies":"Jaw Worm","floor":3,"turns":5},{"damage":0,"enemies":"Cultist","floor":5,"turns":3},{"damage":9,"enemies":"Exordium Thugs","floor":7,"turns":5},{"damage":11,"enemies":"3 Louse","floor":8,"turns":4},{"damage":24,"enemies":"Lagavulin","floor":11,"turns":8},{"damage":0,"enemies":"Lots of Slimes","floor":13,"turns":4},{"damage":2,"enemies":"3 Sentries","floor":14,"turns":9},{"damage":0,"enemies":"The Guardian","floor":16,"turns":1}],"seed_played":"-4940369938136108445","potions_obtained":[{"floor":3,"key":"Swift Potion"},{"floor":7,"key":"Regen Potion"},{"floor":11,"key":"PowerPotion"}],"is_trial":false,"path_per_floor":["M","?","M","$","M","R","M","M","T","?","E","R","M","E","R","B"],"character_chosen":"DEFECT","items_purchased":["Happy Flower","Finesse","Strength Potion"],"campfire_rested":1,"item_purchase_floors":[4,4,4],"current_hp_per_floor":[64,64,64,64,64,64,55,44,44,44,35,56,56,54,54,54],"gold":153,"neow_bonus":"HUNDRED_GOLD","is_prod":false,"is_daily":false,"chose_seed":false,"campfire_upgraded":2,"win_rate":0,"timestamp":1552170297,"path_taken":["M","?","M","$","M","R","M","M","T","?","E","R","M","E","R","BOSS"],"build_version":"2019-01-23","purchased_purges":1,"victory":false,"max_hp_per_floor":[71,71,71,71,71,71,71,71,71,71,71,71,71,71,71,71],"card_choices":[{"not_picked":["Reprogram","Redo"],"picked":"Coolheaded","floor":1},{"not_picked":["Darkness","Melter"],"picked":"Cold Snap","floor":3},{"not_picked":["Coolheaded","Chill"],"picked":"Reinforced Body","floor":5},{"not_picked":["Coolheaded","Recycle"],"picked":"Hologram","floor":7},{"not_picked":["Darkness","Scrape"],"picked":"Cold Snap","floor":8},{"not_picked":["Storm","Steam Power"],"picked":"Go for the Eyes","floor":11},{"not_picked":["Stack","Melter","Gash"],"picked":"SKIP","floor":13},{"not_picked":["Gash","Redo"],"picked":"Go for the Eyes","floor":14}],"player_experience":707789,"relics_obtained":[{"floor":11,"key":"Oddly Smooth Stone"},{"floor":14,"key":"Ancient Tea Set"}],"event_choices":[{"damage_healed":0,"gold_gain":175,"player_choice":"AGREE","damage_taken":0,"max_hp_gain":0,"max_hp_loss":0,"event_name":"Liars Game","floor":2,"gold_loss":0,"cards_obtained":["Doubt"]},{"cards_removed":["Defend_B"],"damage_healed":0,"gold_gain":0,"player_choice":"Purged","damage_taken":0,"max_hp_gain":0,"max_hp_loss":0,"event_name":"Purifier","floor":10,"gold_loss":0}],"is_beta":false,"boss_relics":[],"items_purged_floors":[4],"is_endless":false,"potions_floor_spawned":[3,5,7,11],"killed_by":"The Guardian","ascension_level":14}