{"gold_per_floor":[118,118,132,98,115,115,41,59,59,94,94,109,109,134,134,235,235,249,249,261,261,261,272,307,307,307,318,330,330,341,341,341,436,436,449,459,473,488,488,488,501,501,501,501,519,538,0,0],"floor_reached":48,"playtime":2436,"items_purged":[],"score":541,"play_id":"268241d8-0a8a-40fa-810c-8982830e4b65","local_time":"20181121103326","is_ascension_mode":false,"campfire_choices":[{"floor":6.0,"key":"RECALL"},{"floor":11.0,"key":"REST"},{"data":"Defragment","floor":13.0,"key":"SMITH"},{"floor":15.0,"key":"REST"},{"data":"Buffer","floor":25.0,"key":"SMITH"},{"floor":32.0,"key":"REST"},{"floor":40.0,"key":"REST"},{"data":"Echo Form","floor":44,"key":"SMITH"}],"neow_cost":"NONE","seed_source_timestamp":500655553007975,"circlet_count":0,"master_deck":["Zap","Dualcast+1","Sunder","Melter","Coolheaded","Genetic Algorithm","Defragment+1","Machine Learning","Buffer+1","Sweeping Beam","Loop","Coolheaded","Compile Driver","Conserve Battery","Leap","Capacitor","Gash","Ghostly","Ghostly","Ghostly","Ghostly","Ghostly","Gash","Amplify","Echo Form+1","Doubt","Injury","Doubt","Conserve Battery","Go for the Eyes+1","Parasite","Hologram"],"special_seed":0,"relics":["Cracked Core","Blue Candle","Sundial","Pandora\u0027s Box","Centennial Puzzle","Singing Bowl","Calling Bell","PreservedInsect","The Courier","Pocketwatch","Cables","Red Mask"],"potions_floor_usage":[],"damage_taken":[{"damage":2.0,"enemies":"Small Slimes","floor":1.0,"turns":3.0},{"damage":0.0,"enemies":"Cultist","floor":3.0,"turns":2.0},{"damage":0.0,"enemies":"2 Louse","floor":5.0,"turns":2.0},{"damage":2.0,"enemies":"Large Slime","floor":8.0,"turns":6.0},{"damage":35.0,"enemies":"Lagavulin","floor":10.0,"turns":5.0},{"damage":8.0,"enemies":"Gremlin Gang","floor":12.0,"turns":4.0},{"damage":32.0,"enemies":"Gremlin Nob","floor":14.0,"turns":4.0},{"damage":33.0,"enemies":"Hexaghost","floor":16.0,"turns":12.0},{"damage":10.0,"enemies":"Chosen","floor":18.0,"turns":5.0},{"damage":0.0,"enemies":"Spheric Guardian","floor":20.0,"turns":3.0},{"damage":10.0,"enemies":"Shelled Parasite and Fungi","floor":23.0,"turns":7.0},{"damage":0.0,"enemies":"Book of Stabbing","floor":24.0,"turns":7.0},{"damage":3.0,"enemies":"Snake Plant","floor":27.0,"turns":6.0},{"damage":0.0,"enemies":"Snecko","floor":28.0,"turns":9.0},{"damage":0.0,"enemies":"Sentry and Sphere","floor":30.0,"turns":4.0},{"damage":23.0,"enemies":"Collector","floor":33.0,"turns":11.0},{"damage":17.0,"enemies":"3 Darklings","floor":35.0,"turns":8.0},{"damage":3.0,"enemies":"3 Shapes","floor":36.0,"turns":7.0},{"damage":9.0,"enemies":"Jaw Worm Horde","floor":37.0,"turns":6.0},{"damage":4.0,"enemies":"Spire Growth","floor":38.0,"turns":8.0},{"damage":13,"enemies":"Writhing Mass","floor":41,"turns":13},{"damage":0,"enemies":"Transient","floor":45,"turns":5},{"damage":2,"enemies":"3 Darklings","floor":46,"turns":10},{"damage":0,"enemies":"Jaw Worm Horde","floor":48,"turns":1}],"seed_played":"-4227330074705642193","potions_obtained":[{"floor":1.0,"key":"SpeedPotion"},{"floor":12.0,"key":"Regen Potion"},{"floor":16.0,"key":"Swift Potion"},{"floor":20.0,"key":"Dexterity Potion"},{"floor":33.0,"key":"Dexterity Potion"},{"floor":38.0,"key":"EssenceOfSteel"}],"is_trial":false,"path_per_floor":["M","?","M","$","M","R","$","M","T","E","R","M","R","E","R","B",null,"M","$","M","?","?","M","E","R","T","M","M","?","M","?","R","B",null,"M","M","M","M","?","R","M","?","T","R","M","M","?","M"],"character_chosen":"DEFECT","items_purchased":["Genetic Algorithm","Defragment"],"campfire_rested":4,"item_purchase_floors":[4,7],"current_hp_per_floor":[73,73,73,73,73,73,73,71,71,36,58,50,50,18,40,22,75,65,65,65,65,37,27,27,27,27,26,26,26,28,28,40,17,41,24,21,14,12,12,25,14,14,14,14,16,16,16,16],"gold":0,"neow_bonus":"UPGRADE_CARD","is_prod":false,"is_daily":false,"chose_seed":false,"campfire_upgraded":3,"win_rate":0,"timestamp":1542818006,"path_taken":["M","?","?","$","?","R","?","?","T","E","R","M","R","E","R","BOSS","M","$","M","?","?","M","E","R","T","M","M","?","M","?","R","BOSS","M","M","?","M","?","R","?","?","T","R","M","?","?","M"],"build_version":"2018-11-15","purchased_purges":0,"victory":false,"max_hp_per_floor":[75,75,75,75,75,75,75,75,75,75,75,75,75,75,75,75,75,75,75,75,75,37,37,37,37,37,39,39,39,41,41,41,41,41,41,41,43,45,45,45,47,47,47,47,49,51,51,51],"card_choices":[{"not_picked":["Compile Driver","Storm"],"picked":"Sunder","floor":1.0},{"not_picked":["Redo","Hologram"],"picked":"Coolheaded","floor":3.0},{"not_picked":["Compile Driver","Turbo","Undo"],"picked":"SKIP","floor":5.0},{"not_picked":["White Noise","Beam Cell"],"picked":"Loop","floor":8.0},{"not_picked":["Streamline","Sweeping Beam","Gash"],"picked":"SKIP","floor":10.0},{"not_picked":["Gash","Beam Cell"],"picked":"Machine Learning","floor":12.0},{"not_picked":["Sweeping Beam","Static Discharge","Steam Power"],"picked":"SKIP","floor":14.0},{"not_picked":["Core Surge","Creative AI"],"picked":"Buffer","floor":16.0},{"not_picked":["Streamline","Rebound+1","Gash"],"picked":"SKIP","floor":18.0},{"not_picked":["Steam","Rebound"],"picked":"Capacitor","floor":20.0},{"not_picked":["Streamline","Barrage"],"picked":"Gash","floor":23.0},{"not_picked":["Fusion+1","Force Field","Cold Snap"],"picked":"SKIP","floor":24.0},{"not_picked":["Blizzard+1","Sweeping Beam","Fusion+1"],"picked":"Singing Bowl","floor":27.0},{"not_picked":["Redo+1","Fusion"],"picked":"Amplify","floor":28.0},{"not_picked":["Fusion+1","Ball Lightning+1","Streamline+1"],"picked":"Singing Bowl","floor":30.0},{"not_picked":["Meteor Strike","Buffer"],"picked":"Echo Form","floor":33.0},{"not_picked":["Blizzard","Compile Driver+1"],"picked":"Conserve Battery","floor":35.0},{"not_picked":["Turbo","Static Discharge+1"],"picked":"Go for the Eyes+1","floor":36.0},{"not_picked":["Lockon","Compile Driver+1","Steam+1"],"picked":"Singing Bowl","floor":37.0},{"not_picked":["Buffer","Leap+1","Hologram"],"picked":"Singing Bowl","floor":38.0},{"not_picked":["Steam","Ball Lightning","Force Field+1"],"picked":"Singing Bowl","floor":41},{"not_picked":["Steam Power+1","Capacitor","Static Discharge"],"picked":"Singing Bowl","floor":45},{"not_picked":["Steam","Compile Driver","Reinforced Body"],"picked":"Singing Bowl","floor":46}],"player_experience":118447,"relics_obtained":[{"floor":10.0,"key":"Blue Candle"},{"floor":14.0,"key":"Sundial"},{"floor":24.0,"key":"Centennial Puzzle"},{"floor":26.0,"key":"Singing Bowl"},{"floor":34.0,"key":"PreservedInsect"},{"floor":34.0,"key":"The Courier"},{"floor":34.0,"key":"Pocketwatch"},{"floor":43,"key":"Cables"}],"event_choices":[{"damage_healed":0.0,"max_hp_gain":0.0,"max_hp_loss":0.0,"gold_gain":0.0,"cards_transformed":["Strike_B"],"event_name":"Transmorgrifier","player_choice":"Transformed","floor":2.0,"gold_loss":0.0,"damage_taken":0.0,"cards_obtained":["Melter"]},{"damage_healed":0.0,"max_hp_gain":0.0,"max_hp_loss":0.0,"gold_gain":0.0,"cards_transformed":["Loop","Reprogram"],"event_name":"Drug Dealer","player_choice":"Became Test Subject","floor":21.0,"gold_loss":0.0,"damage_taken":0.0,"cards_obtained":["Gash","Recycle"]},{"damage_healed":0.0,"max_hp_gain":0.0,"max_hp_loss":38.0,"gold_gain":0.0,"event_name":"Ghosts","player_choice":"Became a Ghost","floor":22.0,"gold_loss":0.0,"damage_taken":0.0,"cards_obtained":["Ghostly","Ghostly","Ghostly","Ghostly","Ghostly"]},{"damage_healed":0.0,"max_hp_gain":0.0,"max_hp_loss":0.0,"gold_gain":0.0,"event_name":"Cursed Tome","player_choice":"Ignored","floor":29.0,"gold_loss":0.0,"damage_taken":0.0},{"damage_healed":0.0,"max_hp_gain":0.0,"max_hp_loss":0.0,"gold_gain":0.0,"cards_transformed":["Recycle"],"event_name":"Transmorgrifier","player_choice":"Transformed","floor":31.0,"gold_loss":0.0,"damage_taken":0.0,"cards_obtained":["Lockon"]},{"damage_healed":0.0,"max_hp_gain":0.0,"max_hp_loss":0.0,"gold_gain":0.0,"event_name":"The Woman in Blue","player_choice":"Bought 0 Potions","floor":39.0,"gold_loss":0.0,"damage_taken":0.0},{"damage_healed":0,"gold_gain":0,"cards_transformed":["Lockon"],"player_choice":"Transformed","damage_taken":0,"max_hp_gain":0,"max_hp_loss":0,"event_name":"Transmorgrifier","floor":42,"gold_loss":0,"cards_obtained":["Hologram"]},{"damage_healed":0,"gold_gain":0,"player_choice":"Paid","damage_taken":0,"relics_obtained":["Red Mask"],"max_hp_gain":0,"max_hp_loss":0,"event_name":"Tomb of Lord Red Mask","floor":47,"gold_loss":538}],"is_beta":false,"boss_relics":[{"not_picked":["Eternal Feather","Fusion Hammer"],"picked":"Pandora\u0027s Box"},{"not_picked":["Runic Dome","Astrolabe"],"picked":"Calling Bell"}],"items_purged_floors":[],"is_endless":false,"potions_floor_spawned":[1,12,16,20,27,33,38,41],"killed_by":"Jaw Worm Horde","ascension_level":0}