{"gold_per_floor":[109,60,74,74,85,98,98,45,45,76,76,7,7,27,27,98,98,114,43,63,63,81,81,81],"floor_reached":24,"playtime":930,"items_purged":[],"score":343,"play_id":"cc05ef4d-0815-4f1c-aa4e-8aa8505275b3","local_time":"20190214005031","is_ascension_mode":true,"campfire_choices":[{"floor":7,"key":"REST"},{"floor":11,"key":"REST"},{"floor":13,"key":"REST"},{"data":"Perfected Strike","floor":15,"key":"SMITH"},{"floor":23,"key":"REST"}],"neow_cost":"TEN_PERCENT_HP_LOSS","seed_source_timestamp":95486924143043,"circlet_count":0,"master_deck":["AscendersBane","Strike_R","Strike_R","Strike_R","Strike_R","Strike_R","Defend_R","Defend_R","Defend_R","Defend_R","Bash","Limit Break","Iron Wave","Heavy Blade","Anger","Perfected Strike","Armaments","Perfected Strike+1","Flame Barrier","Shrug It Off","Feed","Disarm","Metallicize","Perfected Strike"],"relics":["Burning Blood","Sundial","Meat on the Bone","Snecko Eye"],"potions_floor_usage":[16],"damage_taken":[{"damage":18,"enemies":"2 Louse","floor":1,"turns":3},{"damage":13,"enemies":"Jaw Worm","floor":3,"turns":4},{"damage":8,"enemies":"Small Slimes","floor":5,"turns":4},{"damage":30,"enemies":"3 Louse","floor":6,"turns":4},{"damage":34,"enemies":"Gremlin Nob","floor":10,"turns":5},{"damage":9,"enemies":"Red Slaver","floor":14,"turns":2},{"damage":64,"enemies":"Slime Boss","floor":16,"turns":14},{"damage":1,"enemies":"Spheric Guardian","floor":18,"turns":3},{"damage":11,"enemies":"3 Byrds","floor":20,"turns":5},{"damage":16,"enemies":"Snake Plant","floor":22,"turns":3},{"damage":79,"enemies":"Gremlin Leader","floor":24,"turns":9}],"seed_played":"6436382376227093737","potions_obtained":[{"floor":5,"key":"Regen Potion"},{"floor":14,"key":"GamblersBrew"},{"floor":16,"key":"SkillPotion"},{"floor":20,"key":"PowerPotion"}],"is_trial":false,"path_per_floor":["M","?","M","?","M","M","R","$","T","E","R","$","R","M","R","B",null,"M","$","M","?","M","R","E"],"character_chosen":"IRONCLAD","items_purchased":["Armaments","Flame Barrier","Metallicize"],"campfire_rested":4,"item_purchase_floors":[8,12,19],"current_hp_per_floor":[56,56,49,49,47,23,43,43,43,15,35,35,55,52,52,21,56,64,64,62,41,46,70,0],"gold":81,"neow_bonus":"THREE_RARE_CARDS","is_prod":false,"is_daily":false,"chose_seed":false,"campfire_upgraded":1,"win_rate":0,"timestamp":1550123431,"path_taken":["M","?","M","?","M","M","R","$","T","E","R","$","R","M","R","BOSS","M","$","M","?","M","R","E"],"build_version":"2019-02-06","purchased_purges":0,"victory":false,"max_hp_per_floor":[68,68,68,68,68,68,68,68,68,68,68,68,68,68,68,68,68,71,71,74,79,82,82,82],"card_choices":[{"not_picked":["Berserk","Barricade"],"picked":"Limit Break","floor":0},{"not_picked":["Warcry","Fire Breathing"],"picked":"Iron Wave","floor":1},{"not_picked":["Rampage","Wild Strike"],"picked":"Heavy Blade","floor":3},{"not_picked":["Body Slam","Second Wind"],"picked":"Anger","floor":5},{"not_picked":["Twin Strike","Pommel Strike"],"picked":"Perfected Strike","floor":6},{"not_picked":["Heavy Blade","Corruption"],"picked":"Perfected Strike","floor":10},{"not_picked":["Fiend Fire","Rupture"],"picked":"Shrug It Off","floor":14},{"not_picked":["Barricade","Brutality"],"picked":"Feed","floor":16},{"not_picked":["Anger","Cleave"],"picked":"Disarm","floor":18},{"not_picked":["Bloodletting","Warcry"],"picked":"Perfected Strike","floor":20},{"not_picked":["Sword Boomerang","Rupture","Combust"],"picked":"SKIP","floor":22}],"player_experience":598028,"relics_obtained":[{"floor":9,"key":"Sundial"},{"floor":10,"key":"Meat on the Bone"}],"event_choices":[{"damage_healed":0,"gold_gain":0,"player_choice":"Left Gold","damage_taken":0,"max_hp_gain":0,"max_hp_loss":0,"event_name":"World of Goop","floor":2,"gold_loss":49},{"damage_healed":0,"gold_gain":0,"player_choice":"Ignored","damage_taken":0,"max_hp_gain":0,"max_hp_loss":0,"event_name":"Liars Game","floor":4,"gold_loss":0},{"damage_healed":0,"gold_gain":0,"player_choice":"Shed Blood","damage_taken":26,"max_hp_gain":5,"max_hp_loss":0,"event_name":"Forgotten Altar","floor":21,"gold_loss":0}],"is_beta":true,"boss_relics":[{"not_picked":["Sozu","Orrery"],"picked":"Snecko Eye"}],"items_purged_floors":[],"is_endless":false,"potions_floor_spawned":[5,14,16,20],"killed_by":"Gremlin Leader","ascension_level":15}