{"gold_per_floor":[110,110,110,133,212,245,258,258,258,32,32,48,0,76,76,169,169,184,199,199,215,64,64,97,97,120,158,172,172,28,28,28,122,122,147,172,29,29,43,79,104,118,118,118,139,139,113,128,128,128,128],"floor_reached":52,"playtime":11270,"items_purged":["Strike_B","Strike_B"],"score":1840,"play_id":"e8afd505-c333-4bdf-89fd-c8e9157af297","local_time":"20190225151907","is_ascension_mode":true,"campfire_choices":[{"data":"Creative AI","floor":11.0,"key":"SMITH"},{"floor":15.0,"key":"REST"},{"floor":23.0,"key":"REST"},{"floor":25.0,"key":"REST"},{"floor":29.0,"key":"REST"},{"floor":32.0,"key":"REST"},{"floor":46,"key":"REST"},{"floor":49,"key":"RECALL"}],"neow_cost":"NONE","seed_source_timestamp":413949184407273,"circlet_count":0,"master_deck":["AscendersBane","Strike_B","Strike_B","Defend_B","Defend_B","Defend_B","Defend_B","Zap","Dualcast","Creative AI+1","Cold Snap","Capacitor","Leap","Coolheaded","Glacier","Electrodynamics+1","Conserve Battery","Defragment+1","Defragment+1","Conserve Battery+1","Chill+1","Redo+1","Discovery+1","Coolheaded+1","Echo Form+1","Self Repair+1","Glacier+1","Rainbow+1","Zap+1","Blizzard+1","Glacier+1","Coolheaded+1"],"special_seed":0,"relics":["Cracked Core","Golden Idol","Matryoshka","Pantograph","Darkstone Periapt","Frozen Egg 2","Runic Capacitor","Bag of Preparation","Fusion Hammer","Toxic Egg 2","Dream Catcher","Boot","Vajra","Pocketwatch","Inserter","Bird Faced Urn","Letter Opener"],"potions_floor_usage":[39,50,50],"damage_taken":[{"damage":0.0,"enemies":"2 Louse","floor":1.0,"turns":4.0},{"damage":2.0,"enemies":"Jaw Worm","floor":4.0,"turns":4.0},{"damage":28.0,"enemies":"3 Sentries","floor":6.0,"turns":8.0},{"damage":1.0,"enemies":"Small Slimes","floor":7.0,"turns":3.0},{"damage":0.0,"enemies":"Looter","floor":12.0,"turns":4.0},{"damage":23.0,"enemies":"3 Sentries","floor":14.0,"turns":11.0},{"damage":39.0,"enemies":"Hexaghost","floor":16.0,"turns":11.0},{"damage":5.0,"enemies":"3 Byrds","floor":18.0,"turns":2.0},{"damage":7.0,"enemies":"Chosen","floor":19.0,"turns":6.0},{"damage":10.0,"enemies":"Snake Plant","floor":21.0,"turns":4.0},{"damage":14.0,"enemies":"Book of Stabbing","floor":24.0,"turns":5.0},{"damage":29.0,"enemies":"Slavers","floor":27.0,"turns":3.0},{"damage":11.0,"enemies":"Cultist and Chosen","floor":28.0,"turns":6.0},{"damage":0.0,"enemies":"Champ","floor":33.0,"turns":12.0},{"damage":0.0,"enemies":"Orb Walker","floor":35.0,"turns":4.0},{"damage":0.0,"enemies":"3 Shapes","floor":36.0,"turns":2.0},{"damage":2,"enemies":"Jaw Worm Horde","floor":39,"turns":4},{"damage":10,"enemies":"Giant Head","floor":40,"turns":9},{"damage":12,"enemies":"Writhing Mass","floor":41,"turns":8},{"damage":0,"enemies":"Sphere and 2 Shapes","floor":42,"turns":3},{"damage":21,"enemies":"Maw","floor":45,"turns":7},{"damage":9,"enemies":"Spire Growth","floor":48,"turns":5},{"damage":77,"enemies":"Awakened One","floor":50,"turns":13},{"damage":14,"enemies":"Time Eater","floor":51,"turns":13}],"seed_played":"-481839817260695203","potions_obtained":[{"floor":1.0,"key":"Weak Potion"},{"floor":4.0,"key":"EntropicBrew"},{"floor":12.0,"key":"Block Potion"},{"floor":18.0,"key":"Explosive Potion"},{"floor":20.0,"key":"PowerPotion"},{"floor":20.0,"key":"Regen Potion"},{"floor":24.0,"key":"AttackPotion"},{"floor":40,"key":"Regen Potion"}],"is_trial":false,"path_per_floor":["M","?","?","M","T","E","M","$","T","$","R","M","?","?","R","B",null,"M","M","?","M","$","R","E","R","T","E","M","R","$","T","R","B",null,"M","M","$","?","M","E","M","M","T","$","M","R","$","M","R","B","B",null],"character_chosen":"DEFECT","items_purchased":["Runic Capacitor","Defragment+1","Discovery+1","Coolheaded+1","Glacier+1","Coolheaded+1"],"campfire_rested":6,"item_purchase_floors":[10,22,30,30,37,47],"current_hp_per_floor":[64,64,64,62,62,34,33,33,33,33,33,33,33,10,29,15,52,47,40,40,30,30,49,35,54,54,25,14,33,33,33,52,64,64,64,64,64,64,62,62,64,64,64,64,63,64,64,64,64,64,64],"gold":128,"neow_bonus":"ONE_RANDOM_RARE_CARD","is_prod":false,"is_daily":false,"chose_seed":false,"campfire_upgraded":1,"win_rate":0,"timestamp":1551129547,"path_taken":["M","?","?","M","?","E","M","$","T","$","R","?","?","?","R","BOSS","M","M","?","M","$","R","E","R","T","E","M","R","$","?","R","BOSS","M","?","$","?","?","E","M","M","T","?","M","R","$","M","R","BOSS","BOSS"],"build_version":"2019-01-23","purchased_purges":2,"victory":true,"max_hp_per_floor":[71,64,64,64,64,64,64,64,64,64,64,64,64,64,64,64,64,64,64,64,64,64,64,64,64,64,64,64,64,64,64,64,64,64,64,64,64,64,64,64,64,64,64,64,64,64,64,64,64,64,64],"card_choices":[{"not_picked":["Chaos","Gash"],"picked":"Cold Snap","floor":1.0},{"not_picked":["Double Energy","Hologram"],"picked":"Capacitor","floor":4.0},{"not_picked":["Streamline","Gash"],"picked":"Leap","floor":6.0},{"not_picked":["Leap","Redo"],"picked":"Coolheaded","floor":7.0},{"not_picked":["Hologram","Redo"],"picked":"Glacier","floor":12.0},{"not_picked":["Amplify","Seek"],"picked":"Electrodynamics+1","floor":16.0},{"not_picked":["Streamline","Hologram"],"picked":"Conserve Battery","floor":18.0},{"not_picked":["Melter","Cold Snap"],"picked":"Defragment+1","floor":19.0},{"not_picked":["Gash","Meteor Strike","Beam Cell"],"picked":"SKIP","floor":21.0},{"not_picked":["Static Discharge+1","Turbo"],"picked":"Conserve Battery","floor":24.0},{"not_picked":["Undo+1","Tempest+1"],"picked":"Chill+1","floor":27.0},{"not_picked":["Chill+1","Gash","Streamline"],"picked":"SKIP","floor":28.0},{"not_picked":["Fusion+1","Steam+1"],"picked":"Redo+1","floor":29.0},{"not_picked":["Electrodynamics+1","Amplify+1"],"picked":"Echo Form+1","floor":33.0},{"not_picked":["Stack+1","Go for the Eyes","Tempest+1"],"picked":"SKIP","floor":35.0},{"not_picked":["Loop+1","Blizzard+1"],"picked":"Self Repair+1","floor":36.0},{"not_picked":["Redo+1","Hologram+1","Undo+1"],"picked":"SKIP","floor":39},{"not_picked":["Conserve Battery+1","Chill+1","Steam+1"],"picked":"SKIP","floor":40},{"not_picked":["FTL","Static Discharge+1","Ball Lightning+1"],"picked":"SKIP","floor":41},{"not_picked":["Go for the Eyes","Core Surge"],"picked":"Blizzard+1","floor":42},{"not_picked":["Scrape","Go for the Eyes","Turbo+1"],"picked":"SKIP","floor":45},{"not_picked":["Steam+1","Go for the Eyes"],"picked":"Glacier+1","floor":46},{"not_picked":["Rebound","Stack+1","Streamline"],"picked":"SKIP","floor":48}],"player_experience":310868,"relics_obtained":[{"floor":5.0,"key":"Matryoshka"},{"floor":6.0,"key":"Pantograph"},{"floor":9.0,"key":"Darkstone Periapt"},{"floor":9.0,"key":"Frozen Egg 2"},{"floor":14.0,"key":"Bag of Preparation"},{"floor":24.0,"key":"Toxic Egg 2"},{"floor":26.0,"key":"Dream Catcher"},{"floor":26.0,"key":"Boot"},{"floor":27.0,"key":"Vajra"},{"floor":31.0,"key":"Pocketwatch"},{"floor":40,"key":"Bird Faced Urn"},{"floor":43,"key":"Letter Opener"}],"event_choices":[{"damage_healed":0.0,"max_hp_gain":0.0,"max_hp_loss":7.0,"gold_gain":0.0,"event_name":"Golden Idol","player_choice":"Lose Max HP","floor":2.0,"gold_loss":0.0,"damage_taken":0.0,"relics_obtained":["Golden Idol"]},{"damage_healed":0.0,"max_hp_gain":0.0,"max_hp_loss":0.0,"gold_gain":0.0,"event_name":"Liars Game","player_choice":"Ignored","floor":3.0,"gold_loss":0.0,"damage_taken":0.0},{"damage_healed":0.0,"max_hp_gain":0.0,"max_hp_loss":0.0,"gold_gain":0.0,"event_name":"World of Goop","player_choice":"Left Gold","floor":13.0,"gold_loss":48.0,"damage_taken":0.0},{"damage_healed":0.0,"max_hp_gain":0.0,"max_hp_loss":0.0,"gold_gain":0.0,"event_name":"Dead Adventurer","player_choice":"Searched \u00271\u0027 times","floor":14.0,"gold_loss":0.0,"damage_taken":0.0},{"damage_healed":0.0,"max_hp_gain":0.0,"max_hp_loss":0.0,"gold_gain":0.0,"event_name":"Lab","player_choice":"Got Potions","floor":20.0,"gold_loss":0.0,"damage_taken":0.0},{"damage_healed":0,"gold_gain":0,"player_choice":"2 cards matched","damage_taken":0,"max_hp_gain":0,"max_hp_loss":0,"event_name":"Match and Keep!","floor":38,"gold_loss":0,"cards_obtained":["Rainbow","Zap"]}],"is_beta":false,"boss_relics":[{"not_picked":["Coffee Dripper","Pandora\u0027s Box"],"picked":"Fusion Hammer"},{"not_picked":["Tiny House","Black Star"],"picked":"Inserter"}],"items_purged_floors":[22,37],"is_endless":false,"potions_floor_spawned":[1,4,12,18,24,27,28,35,40,42,45],"ascension_level":20}