{"gold_per_floor":[118,71,71,71,82,82,108,123,123,157,169,181,220,249,261,368,380,409,421,433,465,152,152,181,81,81,94,107,124,149,160,160,257,257,277,31,31,41,57,90,90,101,101,131,131,131,162,73,73,73],"floor_reached":51,"playtime":3265,"items_purged":["Trip","Flex+1"],"score":1160,"play_id":"c4a5d32d-edc7-4d29-a590-736ba6cc362e","local_time":"20181220180016","is_ascension_mode":true,"campfire_choices":[{"data":"Flex","floor":6,"key":"SMITH"},{"data":"Juggernaut","floor":15,"key":"SMITH"},{"data":"Disarm","floor":23,"key":"SMITH"},{"data":"Metallicize","floor":32,"key":"SMITH"},{"data":"Juggernaut","floor":45,"key":"SMITH"},{"data":"Apotheosis","floor":49,"key":"SMITH"}],"neow_cost":"NONE","seed_source_timestamp":4577023988323,"circlet_count":0,"master_deck":["Defend_R","Defend_R","Defend_R","Defend_R","Ghostly Armor+1","Juggernaut+1","Metallicize+1","Shrug It Off","Exhume","Bite","Bite","Bite","Disarm+1","Barricade","Body Slam+1","Juggernaut+1","Shrug It Off","Parasite","Shrug It Off+1","Apotheosis+1","Bandage Up","Panache","Shrug It Off","Blind"],"relics":["Burning Blood","NeowsBlessing","Blue Candle","Centennial Puzzle","MawBank","Singing Bowl","Velvet Choker","Mummified Hand","Kunai","Art of War","Molten Egg 2","Empty Cage","Bottled Tornado","Magic Flower","Gremlin Horn","Question Card","Dream Catcher"],"potions_floor_usage":[16,18,24,27,33,40,50],"damage_taken":[{"damage":0,"enemies":"Jaw Worm","floor":1,"turns":1},{"damage":0,"enemies":"Cultist","floor":5,"turns":1},{"damage":0,"enemies":"3 Sentries","floor":7,"turns":1},{"damage":0,"enemies":"Small Slimes","floor":8,"turns":3},{"damage":35,"enemies":"Gremlin Nob","floor":10,"turns":5},{"damage":16,"enemies":"3 Sentries","floor":13,"turns":7},{"damage":3,"enemies":"Exordium Wildlife","floor":14,"turns":4},{"damage":28,"enemies":"Slime Boss","floor":16,"turns":12},{"damage":2,"enemies":"Chosen","floor":18,"turns":4},{"damage":6,"enemies":"Shell Parasite","floor":21,"turns":6},{"damage":57,"enemies":"Gremlin Leader","floor":24,"turns":11},{"damage":19,"enemies":"Centurion and Healer","floor":27,"turns":7},{"damage":0,"enemies":"Chosen and Byrds","floor":28,"turns":7},{"damage":12,"enemies":"Snake Plant","floor":29,"turns":5},{"damage":22,"enemies":"Book of Stabbing","floor":30,"turns":7},{"damage":2,"enemies":"Snecko","floor":31,"turns":5},{"damage":6,"enemies":"Collector","floor":33,"turns":15},{"damage":5,"enemies":"Orb Walker","floor":35,"turns":3},{"damage":33,"enemies":"3 Darklings","floor":38,"turns":12},{"damage":5,"enemies":"Writhing Mass","floor":39,"turns":6},{"damage":73,"enemies":"Nemesis","floor":40,"turns":11},{"damage":1,"enemies":"Spire Growth","floor":42,"turns":8},{"damage":29,"enemies":"Reptomancer","floor":44,"turns":7},{"damage":34,"enemies":"Nemesis","floor":47,"turns":7},{"damage":23,"enemies":"Awakened One","floor":50,"turns":15}],"seed_played":"-361823809962161565","potions_obtained":[{"floor":10,"key":"Weak Potion"},{"floor":14,"key":"BloodPotion"},{"floor":16,"key":"Regen Potion"},{"floor":24,"key":"EssenceOfSteel"},{"floor":28,"key":"Dexterity Potion"},{"floor":29,"key":"Ancient Potion"},{"floor":38,"key":"SkillPotion"},{"floor":44,"key":"Energy Potion"}],"is_trial":false,"path_per_floor":["M","$","?","?","M","R","E","M","T","E","$","?","E","M","R","B",null,"M","?","?","M","$","R","E","$","T","M","M","M","E","M","R","B",null,"M","$","?","M","M","E","?","M","T","E","R","?","E","$","R","B",null],"character_chosen":"IRONCLAD","items_purchased":["Flex","Mummified Hand","Bottled Tornado","Blind"],"campfire_rested":0,"item_purchase_floors":[2,22,36,48],"current_hp_per_floor":[78,78,62,62,68,68,74,80,80,51,51,56,48,51,51,37,75,89,62,62,62,62,62,24,24,24,35,55,61,59,70,70,70,70,72,72,72,71,74,23,23,54,54,61,61,51,59,59,59,78],"gold":73,"neow_bonus":"THREE_ENEMY_KILL","is_prod":false,"is_daily":false,"chose_seed":false,"campfire_upgraded":6,"win_rate":0,"timestamp":1545336016,"path_taken":["M","$","?","?","?","R","E","M","T","E","?","?","E","M","R","BOSS","M","?","?","M","$","R","E","$","T","M","M","M","E","M","R","BOSS","M","$","?","M","M","E","?","M","T","E","R","?","E","$","R","BOSS"],"build_version":"2018-12-13","purchased_purges":2,"victory":true,"max_hp_per_floor":[80,80,80,80,80,80,80,80,80,80,80,85,87,87,87,87,87,89,62,62,62,62,62,62,62,62,64,64,66,68,70,70,70,70,72,72,72,72,74,76,76,78,78,78,78,78,78,78,78,78],"card_choices":[{"not_picked":["Clash","Heavy Blade"],"picked":"Ghostly Armor","floor":1},{"not_picked":["Havoc","Perfected Strike","Twin Strike"],"picked":"SKIP","floor":5},{"not_picked":["Wild Strike","Anger"],"picked":"Headbutt","floor":7},{"not_picked":["Anger","Clothesline"],"picked":"Juggernaut","floor":8},{"not_picked":["Wild Strike","Juggernaut"],"picked":"Metallicize","floor":10},{"not_picked":["Rampage","Body Slam","Rupture"],"picked":"Singing Bowl","floor":13},{"not_picked":["Rage","Clothesline"],"picked":"Shrug It Off","floor":14},{"not_picked":["Dark Embrace","Bludgeon"],"picked":"Exhume","floor":16},{"not_picked":["Armaments","Warcry","Iron Wave"],"picked":"Singing Bowl","floor":18},{"not_picked":["Havoc+1","Evolve"],"picked":"Disarm","floor":21},{"not_picked":["Flex","Twin Strike"],"picked":"Barricade","floor":24},{"not_picked":["Sword Boomerang","Dual Wield","Headbutt"],"picked":"Singing Bowl","floor":27},{"not_picked":["Clothesline","Seeing Red+1"],"picked":"Body Slam+1","floor":28},{"not_picked":["Blood for Blood+1","Power Through","Havoc+1"],"picked":"Singing Bowl","floor":29},{"not_picked":["Perfected Strike","Intimidate+1","Rage"],"picked":"Singing Bowl","floor":30},{"not_picked":["Clothesline+1","Sword Boomerang+1","Brutality"],"picked":"Singing Bowl","floor":31},{"not_picked":["Fiend Fire+1","Dark Embrace"],"picked":"Juggernaut","floor":33},{"not_picked":["Pummel+1","Flex+1","Inflame+1"],"picked":"Singing Bowl","floor":35},{"not_picked":["Havoc+1","Twin Strike+1"],"picked":"Shrug It Off","floor":38},{"not_picked":["True Grit","Infernal Blade","Twin Strike+1"],"picked":"Singing Bowl","floor":39},{"not_picked":["Cleave+1","Thunderclap+1","Anger+1"],"picked":"Singing Bowl","floor":40},{"not_picked":["Havoc+1","Bloodletting","Thunderclap+1"],"picked":"Singing Bowl","floor":42},{"not_picked":["Offering","Clothesline+1"],"picked":"Shrug It Off+1","floor":44},{"not_picked":["Bandage Up","Jack Of All Trades","Madness"],"picked":"Apotheosis","floor":46},{"not_picked":["Forethought","Swift Strike+1","Apotheosis"],"picked":"Bandage Up","floor":46},{"not_picked":["Bandage Up","Enlightenment","Jack Of All Trades"],"picked":"Panache","floor":46},{"not_picked":["Rage","Searing Blow+1","Offering"],"picked":"Shrug It Off","floor":47}],"player_experience":616739,"relics_obtained":[{"floor":7,"key":"Blue Candle"},{"floor":9,"key":"Centennial Puzzle"},{"floor":10,"key":"MawBank"},{"floor":13,"key":"Singing Bowl"},{"floor":24,"key":"Kunai"},{"floor":26,"key":"Art of War"},{"floor":30,"key":"Molten Egg 2"},{"floor":40,"key":"Magic Flower"},{"floor":43,"key":"Gremlin Horn"},{"floor":44,"key":"Question Card"},{"floor":47,"key":"Dream Catcher"}],"event_choices":[{"damage_healed":0,"gold_gain":0,"player_choice":"Entered Light","damage_taken":16,"max_hp_gain":0,"max_hp_loss":0,"event_name":"Shining Light","floor":3,"gold_loss":0,"cards_upgraded":["Strike_R","Ghostly Armor"]},{"damage_healed":0,"gold_gain":0,"player_choice":"Ignored","damage_taken":0,"max_hp_gain":0,"max_hp_loss":0,"event_name":"Liars Game","floor":4,"gold_loss":0},{"damage_healed":0,"gold_gain":0,"player_choice":"Donut","damage_taken":0,"max_hp_gain":5,"max_hp_loss":0,"event_name":"Big Fish","floor":12,"gold_loss":0},{"damage_healed":0,"gold_gain":0,"player_choice":"Became a vampire","damage_taken":0,"max_hp_gain":0,"max_hp_loss":27,"event_name":"Vampires","floor":19,"gold_loss":0,"cards_obtained":["Bite","Bite","Bite","Bite","Bite"]},{"damage_healed":0,"gold_gain":0,"cards_transformed":["Bash","Bite"],"player_choice":"Became Test Subject","damage_taken":0,"max_hp_gain":0,"max_hp_loss":0,"event_name":"Drug Dealer","floor":20,"gold_loss":0,"cards_obtained":["Burning Pact","Trip"]},{"cards_removed":["Bite"],"damage_healed":0,"gold_gain":0,"player_choice":"Removed Attack","damage_taken":0,"max_hp_gain":0,"max_hp_loss":0,"event_name":"Falling","floor":37,"gold_loss":0},{"damage_healed":0,"gold_gain":0,"player_choice":"Ignored","damage_taken":0,"max_hp_gain":0,"max_hp_loss":0,"event_name":"Mysterious Sphere","floor":41,"gold_loss":0},{"damage_healed":0,"gold_gain":0,"player_choice":"Memory 3","damage_taken":10,"max_hp_gain":0,"max_hp_loss":0,"event_name":"SensoryStone","floor":46,"gold_loss":0}],"is_beta":false,"boss_relics":[{"not_picked":["Black Blood","Lizard Tail"],"picked":"Velvet Choker"},{"not_picked":["Runic Dome","Runic Cube"],"picked":"Empty Cage"}],"items_purged_floors":[22,25],"is_endless":false,"potions_floor_spawned":[10,14,16,24,28,29,38,44],"ascension_level":8}