{"gold_per_floor":[109,121,134,149,149,149,479,479,549,559,559,571,193,72,72,171,171,185,169,169,169,179,179,212,232,255,255,267,302,328,344,344,442,442,457,457,70,88,99,99,133,133,133,152,172,192,192,64,64,64],"floor_reached":50,"playtime":3306,"items_purged":["Strike_G"],"score":887,"play_id":"8f47661b-d200-45e8-8d72-b949c7c14c57","local_time":"20181115234855","is_ascension_mode":true,"campfire_choices":[{"data":"Backflip","floor":6,"key":"SMITH"},{"data":"Burst","floor":8,"key":"SMITH"},{"data":"Neutralize","floor":11,"key":"SMITH"},{"data":"Finisher","floor":15,"key":"SMITH"},{"data":"Malaise","floor":23,"key":"SMITH"},{"floor":32,"key":"REST"},{"data":"Cloak And Dagger","floor":40,"key":"SMITH"},{"floor":47,"key":"REST"},{"data":"Dodge and Roll","floor":49,"key":"SMITH"}],"neow_cost":"NONE","seed_source_timestamp":41801546407266,"circlet_count":0,"master_deck":["AscendersBane","Defend_G","Defend_G","Defend_G","Defend_G","Strike_G","Strike_G","Survivor","Neutralize+1","Backstab+1","Venomology+1","Sucker Punch+1","Backflip+1","PiercingWail","Burst+1","Flying Knee","Footwork","Flying Knee","Malaise+1","Escape Plan+1","Dodge and Roll+1","Cloak And Dagger+1","Quick Slash+1","Heel Hook","Footwork","Glass Knife","Acrobatics+1","Blade Dance","Backstab","Parasite","Footwork","Cloak And Dagger+1","Masterful Stab+1","Heel Hook+1","Trip"],"relics":["Astrolabe","GremlinMask","Old Coin","Paper Crane","PreservedInsect","Oddly Smooth Stone","Runic Dome","Ancient Tea Set","Pear","Vajra","Happy Flower","Anchor","WristBlade","Chemical X","Strawberry","Bronze Scales","Molten Egg 2","Question Card"],"potions_floor_usage":[3,4,4,7,7,10,12,12,16,16,22,22,24,25,25,28,29,29,31,31,33,33,35,38,44,45,45,46,46,50,50,50],"damage_taken":[{"damage":0,"enemies":"Cultist","floor":1,"turns":4},{"damage":0,"enemies":"Jaw Worm","floor":2,"turns":3},{"damage":0,"enemies":"2 Louse","floor":3,"turns":2},{"damage":0,"enemies":"Looter","floor":4,"turns":3},{"damage":13,"enemies":"3 Sentries","floor":7,"turns":11},{"damage":0,"enemies":"Red Slaver","floor":10,"turns":6},{"damage":0,"enemies":"Exordium Wildlife","floor":12,"turns":3},{"damage":26,"enemies":"Slime Boss","floor":16,"turns":19},{"damage":0,"enemies":"3 Byrds","floor":18,"turns":7},{"damage":4,"enemies":"2 Thieves","floor":19,"turns":4},{"damage":6,"enemies":"Chosen and Byrds","floor":22,"turns":5},{"damage":6,"enemies":"Book of Stabbing","floor":24,"turns":8},{"damage":1,"enemies":"Centurion and Healer","floor":25,"turns":8},{"damage":3,"enemies":"3 Cultists","floor":28,"turns":6},{"damage":15,"enemies":"Slavers","floor":29,"turns":7},{"damage":14,"enemies":"Sentry and Sphere","floor":31,"turns":6},{"damage":42,"enemies":"Automaton","floor":33,"turns":20},{"damage":4,"enemies":"3 Darklings","floor":35,"turns":12},{"damage":0,"enemies":"Orb Walker","floor":38,"turns":2},{"damage":12,"enemies":"Writhing Mass","floor":39,"turns":11},{"damage":0,"enemies":"Nemesis","floor":41,"turns":7},{"damage":9,"enemies":"Transient","floor":44,"turns":5},{"damage":3,"enemies":"Maw","floor":45,"turns":9},{"damage":0,"enemies":"Writhing Mass","floor":46,"turns":10},{"damage":80,"enemies":"Donu and Deca","floor":50,"turns":8}],"seed_played":"8392137210859563244","potions_obtained":[{"floor":2,"key":"Weak Potion"},{"floor":3,"key":"Block Potion"},{"floor":7,"key":"Regen Potion"},{"floor":10,"key":"Swift Potion"},{"floor":25,"key":"Strength Potion"},{"floor":28,"key":"Block Potion"},{"floor":29,"key":"Strength Potion"},{"floor":33,"key":"Swift Potion"},{"floor":41,"key":"Fire Potion"},{"floor":45,"key":"EssenceOfSteel"}],"is_trial":false,"path_per_floor":["M","M","M","M","?","R","E","R","T","M","R","M","$","$","R","B",null,"M","M","?","?","M","R","E","M","T","?","M","E","T","M","R","B",null,"M","?","$","M","M","R","E","T","T","M","M","M","R","$","R","B"],"character_chosen":"THE_SILENT","items_purchased":["PreservedInsect","Oddly Smooth Stone","Footwork","Flying Knee","Chemical X","Strawberry","Blade Dance","Heel Hook+1","Trip"],"campfire_rested":2,"item_purchase_floors":[13,13,13,14,37,37,37,48,48],"current_hp_per_floor":[63,63,63,63,63,63,50,50,50,65,65,65,65,65,65,39,62,62,58,45,45,39,39,43,57,57,49,46,31,31,17,42,8,66,62,62,69,69,57,57,57,57,57,48,45,45,72,72,72,0],"gold":64,"neow_bonus":"BOSS_RELIC","is_prod":false,"is_daily":false,"chose_seed":false,"campfire_upgraded":7,"win_rate":0,"timestamp":1542332935,"path_taken":["M","M","M","?","?","R","E","R","T","?","R","M","?","$","R","BOSS","M","M","?","?","M","R","E","M","T","?","?","E","?","M","R","BOSS","M","?","$","M","M","R","E","?","T","M","M","M","R","$","R","BOSS"],"build_version":"2018-11-15","purchased_purges":1,"victory":false,"max_hp_per_floor":[70,70,70,70,70,70,70,70,70,70,70,70,70,70,70,70,70,70,70,75,75,75,75,85,85,85,85,85,85,85,85,85,85,85,85,85,92,92,92,92,92,92,92,92,92,92,92,92,92,92],"card_choices":[{"not_picked":["Acrobatics","Prepared"],"picked":"Backflip","floor":1},{"not_picked":["Expertise","Crippling Poison","Bane"],"picked":"SKIP","floor":2},{"not_picked":["All Out Attack","Caltrops"],"picked":"PiercingWail","floor":3},{"not_picked":["Deflect","Backflip"],"picked":"Burst","floor":4},{"not_picked":["Outmaneuver","Endless Agony","Slice"],"picked":"SKIP","floor":7},{"not_picked":["Distraction","Dagger Throw"],"picked":"Flying Knee","floor":10},{"not_picked":["Deflect","Caltrops"],"picked":"Finisher","floor":12},{"not_picked":["Envenom","Unload"],"picked":"Malaise","floor":16},{"not_picked":["Catalyst","Endless Agony"],"picked":"Escape Plan+1","floor":18},{"not_picked":["PiercingWail","Tactician"],"picked":"Dodge and Roll","floor":19},{"not_picked":["Blade Dance","Riddle With Holes"],"picked":"Cloak And Dagger","floor":22},{"not_picked":["PiercingWail","Bane"],"picked":"Quick Slash+1","floor":24},{"not_picked":["Backstab","Slice+1","Calculated Gamble"],"picked":"SKIP","floor":25},{"not_picked":["Reflex","Bane","Dash"],"picked":"SKIP","floor":28},{"not_picked":["Predator","Concentrate"],"picked":"Heel Hook","floor":29},{"not_picked":["Riddle With Holes+1","Flechettes"],"picked":"Footwork","floor":31},{"not_picked":["Storm of Steel","Night Terror"],"picked":"Glass Knife","floor":33},{"not_picked":["Prepared","Concentrate"],"picked":"Acrobatics+1","floor":35},{"not_picked":["All Out Attack","Dash+1"],"picked":"Backstab","floor":38},{"not_picked":["Dagger Throw","Flying Knee"],"picked":"Footwork","floor":39},{"not_picked":["Accuracy+1","Deadly Poison","Quick Slash"],"picked":"SKIP","floor":41},{"not_picked":["Setup","Flying Knee+1","Sucker Punch+1"],"picked":"Cloak And Dagger+1","floor":44},{"not_picked":["Outmaneuver","PiercingWail+1","Setup+1"],"picked":"Masterful Stab+1","floor":45},{"not_picked":["Choke+1","Prepared","Phantasmal Killer","Deadly Poison+1"],"picked":"SKIP","floor":46}],"player_experience":600572,"relics_obtained":[{"floor":7,"key":"Old Coin"},{"floor":9,"key":"Paper Crane"},{"floor":24,"key":"Pear"},{"floor":26,"key":"Vajra"},{"floor":29,"key":"Happy Flower"},{"floor":30,"key":"Anchor"},{"floor":41,"key":"Bronze Scales"},{"floor":42,"key":"Molten Egg 2"},{"floor":43,"key":"Question Card"}],"event_choices":[{"damage_healed":0,"gold_gain":0,"player_choice":"Trade","damage_taken":0,"relics_obtained":["GremlinMask"],"max_hp_gain":0,"max_hp_loss":0,"event_name":"FaceTrader","floor":5,"gold_loss":0},{"damage_healed":0,"gold_gain":0,"player_choice":"Shed Blood","damage_taken":18,"max_hp_gain":5,"max_hp_loss":0,"event_name":"Forgotten Altar","floor":20,"gold_loss":0},{"damage_healed":0,"gold_gain":0,"player_choice":"Opened","damage_taken":0,"relics_obtained":["Ancient Tea Set"],"max_hp_gain":0,"max_hp_loss":0,"event_name":"The Mausoleum","floor":21,"gold_loss":0},{"damage_healed":0,"gold_gain":0,"player_choice":"","damage_taken":8,"max_hp_gain":0,"max_hp_loss":0,"event_name":"Knowing Skull","floor":27,"potions_obtained":[],"gold_loss":0,"cards_obtained":[]},{"cards_removed":["Finisher"],"damage_healed":0,"gold_gain":0,"player_choice":"Removed Attack","damage_taken":0,"max_hp_gain":0,"max_hp_loss":0,"event_name":"Falling","floor":36,"gold_loss":0}],"is_beta":false,"boss_relics":[{"not_picked":["Cursed Key","Philosopher\u0027s Stone"],"picked":"Runic Dome"},{"not_picked":["Pandora\u0027s Box","Tiny House"],"picked":"WristBlade"}],"items_purged_floors":[14],"is_endless":false,"potions_floor_spawned":[2,3,7,10,25,28,29,33,39,41,45],"killed_by":"Donu and Deca","ascension_level":10}