{"gold_per_floor":[117,117,137,137,157,182,182,192,218,253,20,53,53,53,53,171,171,190,240,270,270,36,68,68,115,115,115,129,129,129,169,169,303,303,323,357,30,98,165,165],"floor_reached":40,"playtime":2299,"items_purged":["Strike_MRS"],"score":553,"play_id":"0328d190-c1ac-4c7e-b7fa-23bdb6336532","local_time":"20190110001209","is_ascension_mode":true,"campfire_choices":[{"data":"PowerUp","floor":7,"key":"SMITH"},{"floor":15,"key":"REST"},{"floor":24,"key":"RECALL"},{"floor":29,"key":"REST"},{"floor":32,"key":"REST"}],"neow_cost":"NONE","seed_source_timestamp":11728840441201,"circlet_count":0,"master_deck":["Strike_MRS","Strike_MRS","Strike_MRS","Defend_MRS+1","Defend_MRS","Defend_MRS","Defend_MRS+1","MasterSpark","UpSweep+1","StarBarrage","PulseMagic","PowerUp+1","ChargingUp","GalacticHalo","Pot Of Greed","Pot Of Greed","ShootTheMoon","Crow Ritual","WitchOfGreed","EnergyRecoil","MillisecondPulsars","EarthLightRay","AsteroidBelt+1","EnergyRecoil","EnergyRecoil","Pot Of Greed","AlicesGift","Necronomicurse","EnergyRecoil","AsteroidBelt","TreasureHunter","MilkyWay","EnergyRecoil","GalacticHalo","SporeBomb+1"],"relics":["MiniHakkero","War Paint","Happy Flower","ReplayTheSpireMod:Lightbulb","Grinning Jar","ReplayTheSpireMod:TigerMarble","Fusion Hammer","Sling","Sundial","Iron Hammer","Letter Opener","Necronomicon","ClockworkSouvenir","Prayer Wheel","Art of War"],"potions_floor_usage":[6,6,10,16,23,28,31,33,33,36,39,40,40],"damage_taken":[{"damage":0,"enemies":"Small Slimes","floor":1,"turns":3},{"damage":0,"enemies":"2 Louse","floor":3,"turns":2},{"damage":0,"enemies":"Cultist","floor":5,"turns":4},{"damage":4,"enemies":"Erikyupuro","floor":6,"turns":7},{"damage":11,"enemies":"Looter","floor":8,"turns":2},{"damage":40,"enemies":"Gremlin Nob","floor":10,"turns":5},{"damage":0,"enemies":"Large Slime","floor":12,"turns":3},{"damage":18,"enemies":"The Guardian","floor":16,"turns":11},{"damage":0,"enemies":"Chosen","floor":18,"turns":2},{"damage":0,"enemies":"Spheric Guardian","floor":20,"turns":3},{"damage":2,"enemies":"Gremlin Leader","floor":23,"turns":3},{"damage":16,"enemies":"Book of Stabbing","floor":25,"turns":5},{"damage":2,"enemies":"Snake Plant","floor":28,"turns":2},{"damage":15,"enemies":"Shelled Parasite and Fungi","floor":31,"turns":4},{"damage":61,"enemies":"Collector","floor":33,"turns":8},{"damage":0,"enemies":"Orb Walker","floor":35,"turns":3},{"damage":4,"enemies":"3 Darklings","floor":36,"turns":9},{"damage":25,"enemies":"2 Orb Walkers","floor":39,"turns":7},{"damage":58,"enemies":"Reptomancer","floor":40,"turns":4}],"seed_played":"-7518455611178708183","potions_obtained":[{"floor":1,"key":"Swift Potion"},{"floor":3,"key":"Block Potion"},{"floor":8,"key":"Block Potion"},{"floor":10,"key":"Ancient Potion"},{"floor":12,"key":"ShroomBrew"},{"floor":16,"key":"Languid Potion"},{"floor":18,"key":"Poison Potion"},{"floor":31,"key":"Weak Potion"},{"floor":31,"key":"FearPotion"},{"floor":33,"key":"Dexterity Potion"},{"floor":33,"key":"Block Potion"},{"floor":35,"key":"Energy Potion"},{"floor":36,"key":"Block Potion"},{"floor":39,"key":"Explosive Potion"}],"is_trial":false,"path_per_floor":["M","?","M","?","M","E","R","M","T","E","$","M","?","?","R","B",null,"M","?","M","?","$","E","R","E","T","?","M","R","?","M","R","B",null,"M","M","$","T","?","E"],"character_chosen":"MARISA","items_purchased":["Crow Ritual","WitchOfGreed","Sling","EnergyRecoil","GalacticHalo","ClockworkSouvenir"],"campfire_rested":3,"item_purchase_floors":[11,11,22,22,37,37],"current_hp_per_floor":[75,75,75,75,75,71,71,60,60,20,20,20,45,27,49,31,75,75,75,75,75,75,75,75,59,59,43,45,67,67,52,74,17,75,75,75,75,75,54,0],"gold":165,"neow_bonus":"RANDOM_COMMON_RELIC","is_prod":false,"is_daily":false,"chose_seed":false,"campfire_upgraded":1,"win_rate":0,"timestamp":1547086329,"path_taken":["M","?","M","?","M","E","R","M","T","E","$","M","?","?","R","BOSS","M","?","?","?","$","E","R","E","T","?","M","R","?","M","R","BOSS","M","?","$","?","?","E"],"build_version":"2019-01-03v4","purchased_purges":1,"victory":false,"max_hp_per_floor":[75,75,75,75,75,75,75,75,75,75,75,75,75,75,75,75,75,75,75,75,75,75,75,75,75,75,75,75,75,75,75,75,75,75,75,75,75,75,75,75],"card_choices":[{"not_picked":["MysteriousBeam","6A"],"picked":"StarBarrage","floor":1},{"not_picked":["IllusionStar","ManaConvection"],"picked":"PulseMagic","floor":3},{"not_picked":["D6C","ManaConvection"],"picked":"PowerUp","floor":5},{"not_picked":["NonDirectionalLaser","IllusionStar"],"picked":"ChargingUp","floor":6},{"not_picked":["NonDirectionalLaser","6A"],"picked":"GalacticHalo","floor":8},{"not_picked":["AlicesGift","ManaRampage"],"picked":"ShootTheMoon","floor":10},{"not_picked":["6A","GrandCross"],"picked":"EnergyRecoil","floor":12},{"not_picked":["PolarisUnique","JA"],"picked":"MillisecondPulsars","floor":16},{"not_picked":["LuminesStrike","DeepEcoloBomb+1"],"picked":"EarthLightRay","floor":18},{"not_picked":["MachineGunSpark","IllusionStar"],"picked":"AsteroidBelt+1","floor":20},{"not_picked":["ShootingEcho","OpenUniverse","UnstableBomb+1"],"picked":"SKIP","floor":23},{"not_picked":["MagicChant","ShootingEcho+1"],"picked":"AlicesGift","floor":25},{"not_picked":["6A","RefractionSpark"],"picked":"EnergyRecoil","floor":28},{"not_picked":["6A","CollectingQuirk"],"picked":"AsteroidBelt","floor":31},{"not_picked":["PolarisUnique","JA"],"picked":"TreasureHunter","floor":33},{"not_picked":["Orbital","MeteoricShower+1"],"picked":"MilkyWay","floor":35},{"not_picked":["DragonMeteor+1","IllusionStar+1"],"picked":"EnergyRecoil","floor":36},{"not_picked":["GravityBeat+1","FairyDestructionRay"],"picked":"SporeBomb+1","floor":39}],"player_experience":729594,"relics_obtained":[{"floor":6,"key":"Happy Flower"},{"floor":9,"key":"ReplayTheSpireMod:Lightbulb"},{"floor":10,"key":"Grinning Jar"},{"floor":23,"key":"Sundial"},{"floor":25,"key":"Iron Hammer"},{"floor":26,"key":"Letter Opener"},{"floor":27,"key":"Necronomicon"},{"floor":39,"key":"Prayer Wheel"}],"event_choices":[{"damage_healed":0,"gold_gain":0,"player_choice":"Ignored","damage_taken":0,"max_hp_gain":0,"max_hp_loss":0,"event_name":"Liars Game","floor":4,"gold_loss":0},{"damage_healed":25,"gold_gain":0,"player_choice":"Banana","damage_taken":0,"max_hp_gain":0,"max_hp_loss":0,"event_name":"Big Fish","floor":13,"gold_loss":0},{"damage_healed":0,"gold_gain":0,"player_choice":"Success","damage_taken":18,"relics_obtained":["ReplayTheSpireMod:TigerMarble"],"max_hp_gain":0,"max_hp_loss":0,"event_name":"Scrap Ooze","floor":14,"gold_loss":0},{"damage_healed":0,"gold_gain":100,"player_choice":"Bet on Murderer","damage_taken":0,"max_hp_gain":0,"max_hp_loss":0,"event_name":"The Joust","floor":19,"gold_loss":50},{"damage_healed":0,"gold_gain":0,"player_choice":"Ignored","damage_taken":0,"max_hp_gain":0,"max_hp_loss":0,"event_name":"Beggar","floor":21,"gold_loss":0},{"damage_healed":0,"gold_gain":0,"player_choice":"Obtained Book","damage_taken":16,"max_hp_gain":0,"max_hp_loss":0,"event_name":"Cursed Tome","floor":27,"gold_loss":0},{"damage_healed":0,"gold_gain":0,"player_choice":"0 cards matched","damage_taken":0,"max_hp_gain":0,"max_hp_loss":0,"event_name":"Match and Keep!","floor":30,"gold_loss":0,"cards_obtained":[]},{"damage_healed":0,"gold_gain":0,"player_choice":"Fight","damage_taken":0,"max_hp_gain":0,"max_hp_loss":0,"event_name":"Mysterious Sphere","floor":39,"gold_loss":0}],"is_beta":false,"boss_relics":[{"not_picked":["White Beast Statue","Empty Cage"],"picked":"Fusion Hammer"},{"not_picked":["Replay:Drink Me","Runic Dome","ChewingGum"]}],"items_purged_floors":[37],"is_endless":false,"potions_floor_spawned":[1,3,8,10,18,31,33,35,39],"killed_by":"Reptomancer","ascension_level":2}