{"gold_per_floor":[15,115,129,129,144,176,176,176,231,250,250,250,289,304,304,435,435,435,435,435,435,435,435,435,290,290,290,290,290,290,290,290,290,290,290,290,290,131,131,131,131,131,131,82,82,82,82,82,82,82,82,82,9,9,9],"floor_reached":56,"playtime":2266,"items_purged":[],"score":1473,"play_id":"e7303f43-ecd2-4480-a7bc-09e9394ee681","local_time":"20181214200512","is_ascension_mode":true,"campfire_choices":[{"data":"Uppercut","floor":7.0,"key":"SMITH"},{"data":"Armaments","floor":11.0,"key":"SMITH"},{"data":"Inflame","floor":15.0,"key":"SMITH"},{"data":"1","floor":29,"key":"LIFT"},{"data":"2","floor":32,"key":"LIFT"},{"data":"3","floor":41,"key":"LIFT"},{"floor":49,"key":"RECALL"},{"data":"Offering","floor":52,"key":"SMITH"}],"neow_cost":"NO_GOLD","seed_source_timestamp":175118662425971,"circlet_count":0,"master_deck":["Strike_R+1","Defend_R+1","Defend_R+1","Defend_R+1","Defend_R+1","Bash","Spot Weakness","Feed","Uppercut+1","Pummel","Inflame+1","Armaments+1","Offering+1","Cleave","Reaper","Battle Trance","Body Slam","Limit Break","Inflame+1","Battle Trance+1","Offering+1","Whirlwind","Madness+1","Infernal Blade+1","Pummel","Madness+1","Madness+1","Shrug It Off+1","Madness+1","Metallicize+1","Inflame"],"special_seed":0,"relics":["Burning Blood","Omamori","Shuriken","Juzu Bracelet","Bloody Idol","Ice Cream","Ectoplasm","Paper Frog","Bronze Scales","Smiling Mask","Girya","Singing Bowl","Toxic Egg 2","Coffee Dripper","Tiny Chest","Regal Pillow","MawBank","Lantern"],"potions_floor_usage":[27,27,27,55,55,55],"damage_taken":[{"damage":0.0,"enemies":"Small Slimes","floor":1.0,"turns":3.0},{"damage":4.0,"enemies":"Cultist","floor":3.0,"turns":4.0},{"damage":4.0,"enemies":"Jaw Worm","floor":5.0,"turns":4.0},{"damage":14.0,"enemies":"Gremlin Nob","floor":6.0,"turns":3.0},{"damage":3.0,"enemies":"2 Fungi Beasts","floor":10.0,"turns":3.0},{"damage":26.0,"enemies":"3 Sentries","floor":13.0,"turns":8.0},{"damage":8.0,"enemies":"3 Louse","floor":14.0,"turns":3.0},{"damage":6.0,"enemies":"Slime Boss","floor":16.0,"turns":5.0},{"damage":10.0,"enemies":"3 Byrds","floor":18.0,"turns":4.0},{"damage":12.0,"enemies":"Shell Parasite","floor":21.0,"turns":3.0},{"damage":16.0,"enemies":"3 Cultists","floor":22.0,"turns":3.0},{"damage":17.0,"enemies":"Book of Stabbing","floor":23.0,"turns":4.0},{"damage":27,"enemies":"Colosseum Slavers","floor":27,"turns":6},{"damage":39,"enemies":"Colosseum Nobs","floor":27,"turns":4},{"damage":12,"enemies":"Gremlin Leader","floor":28,"turns":3},{"damage":6,"enemies":"Collector","floor":33,"turns":5},{"damage":6,"enemies":"3 Shapes","floor":35,"turns":3},{"damage":6,"enemies":"3 Darklings","floor":39,"turns":2},{"damage":1,"enemies":"Giant Head","floor":40,"turns":4},{"damage":45,"enemies":"4 Shapes","floor":46,"turns":6},{"damage":52,"enemies":"Awakened One","floor":50,"turns":7},{"damage":17,"enemies":"Shield and Spear","floor":54,"turns":3},{"damage":145,"enemies":"The Heart","floor":55,"turns":8}],"seed_played":"4070447947341250830","potions_obtained":[{"floor":1.0,"key":"Fire Potion"},{"floor":14.0,"key":"SkillPotion"},{"floor":16.0,"key":"SkillPotion"},{"floor":18.0,"key":"Poison Potion"},{"floor":22.0,"key":"FearPotion"},{"floor":27,"key":"FearPotion"},{"floor":33,"key":"Dexterity Potion"},{"floor":35,"key":"PowerPotion"}],"is_trial":false,"path_per_floor":["M","?","M","T","M","E","R","T","T","M","R","?","E","M","R","B",null,"M","?","?","M","M","E","?","$","T","?","E","R","?","?","R","B",null,"M","?","?","$","M","E","R","?","T","$","?","M","T","?","R","B",null,"R","$","E","B",null],"character_chosen":"IRONCLAD","items_purchased":["Bronze Scales","Whirlwind","Madness+1","Shrug It Off+1","Inflame"],"campfire_rested":0,"item_purchase_floors":[25,38,38,44,53],"current_hp_per_floor":[83,83,86,86,89,81,81,81,81,87,87,64,47,48,48,51,101,104,104,104,101,94,86,86,86,86,75,104,104,104,104,104,104,120,122,122,122,122,122,122,122,107,107,107,107,95,95,95,95,98,125,125,125,127,16],"gold":9,"neow_bonus":"TRANSFORM_TWO_CARDS","is_prod":false,"is_daily":false,"chose_seed":false,"campfire_upgraded":4,"win_rate":0,"timestamp":1544835912,"path_taken":["M","?","?","?","M","E","R","?","T","M","R","?","E","M","R","BOSS","M","?","?","M","M","E","?","$","T","?","E","R","?","?","R","BOSS","M","?","?","$","M","E","R","?","T","$","?","M","?","?","R","BOSS","R","$","E","BOSS"],"build_version":"2018-12-13","purchased_purges":0,"victory":true,"max_hp_per_floor":[83,83,86,86,89,89,89,89,89,92,92,92,95,98,98,101,101,104,104,104,107,110,113,113,113,113,118,120,120,120,120,120,120,120,122,122,122,122,122,122,122,122,122,122,122,125,125,125,125,125,125,125,125,127,127],"card_choices":[{"not_picked":["Infernal Blade","Twin Strike"],"picked":"Uppercut","floor":1.0},{"not_picked":["Dropkick","Rupture","Heavy Blade"],"picked":"SKIP","floor":3.0},{"not_picked":["Perfected Strike","Wild Strike"],"picked":"Pummel","floor":5.0},{"not_picked":["Uppercut","Twin Strike"],"picked":"Inflame","floor":6.0},{"not_picked":["Blood for Blood","Warcry"],"picked":"Armaments","floor":10.0},{"not_picked":["Reckless Charge","Searing Blow"],"picked":"Offering","floor":13.0},{"not_picked":["Pommel Strike","True Grit"],"picked":"Cleave","floor":14.0},{"not_picked":["Dark Embrace","Feed"],"picked":"Reaper","floor":16.0},{"not_picked":["Power Through","Blood for Blood"],"picked":"Battle Trance","floor":18.0},{"not_picked":["Entrench","Perfected Strike+1","Clash"],"picked":"SKIP","floor":21.0},{"not_picked":["Clothesline","Headbutt"],"picked":"Inflame+1","floor":22.0},{"not_picked":["Inflame+1","Armaments","Flex"],"picked":"SKIP","floor":23.0},{"not_picked":["Heavy Blade","Dual Wield","Twin Strike"],"picked":"Singing Bowl","floor":27},{"not_picked":["Immolate","Rupture","Second Wind"],"picked":"Singing Bowl","floor":28},{"not_picked":["Exhume+1","Feed"],"picked":"Offering+1","floor":33},{"not_picked":["Sword Boomerang+1","Warcry+1","Sever Soul+1"],"picked":"Singing Bowl","floor":35},{"not_picked":["Body Slam+1","Rampage+1"],"picked":"Infernal Blade+1","floor":39},{"not_picked":["Cleave","Iron Wave"],"picked":"Pummel","floor":40},{"not_picked":["Discovery+1","Flash of Steel"],"picked":"Madness+1","floor":45},{"not_picked":["Headbutt","Fire Breathing+1"],"picked":"Metallicize+1","floor":46},{"not_picked":["Immolate","Flex+1","Pommel Strike"],"picked":"Singing Bowl","floor":54}],"player_experience":142629,"relics_obtained":[{"floor":4.0,"key":"Omamori"},{"floor":6.0,"key":"Shuriken"},{"floor":9.0,"key":"Juzu Bracelet"},{"floor":13.0,"key":"Ice Cream"},{"floor":23.0,"key":"Paper Frog"},{"floor":26.0,"key":"Smiling Mask"},{"floor":27,"key":"Girya"},{"floor":27,"key":"Singing Bowl"},{"floor":28,"key":"Toxic Egg 2"},{"floor":40,"key":"Tiny Chest"},{"floor":43,"key":"Regal Pillow"},{"floor":47,"key":"MawBank"},{"floor":54,"key":"Lantern"}],"event_choices":[{"damage_healed":0.0,"max_hp_gain":0.0,"max_hp_loss":0.0,"gold_gain":100.0,"event_name":"Golden Shrine","player_choice":"Pray","floor":2.0,"gold_loss":0.0,"damage_taken":0.0},{"damage_healed":0.0,"max_hp_gain":0.0,"max_hp_loss":0.0,"gold_gain":0.0,"event_name":"Golden Idol","player_choice":"Take Damage","floor":12.0,"gold_loss":0.0,"damage_taken":23.0,"relics_obtained":["Golden Idol"]},{"damage_healed":0.0,"max_hp_gain":0.0,"max_hp_loss":0.0,"gold_gain":0.0,"event_name":"Forgotten Altar","player_choice":"Gave Idol","floor":19.0,"relics_lost":["Golden Idol"],"gold_loss":0.0,"damage_taken":0.0,"relics_obtained":["Bloody Idol"]},{"damage_healed":0.0,"max_hp_gain":0.0,"max_hp_loss":0.0,"gold_gain":0.0,"cards_transformed":["Strike_R","Strike_R"],"event_name":"Drug Dealer","player_choice":"Became Test Subject","floor":20.0,"gold_loss":0.0,"damage_taken":0.0,"cards_obtained":["Body Slam","Limit Break"]},{"damage_healed":0.0,"max_hp_gain":0.0,"max_hp_loss":0.0,"gold_gain":100.0,"event_name":"Golden Shrine","player_choice":"Pray","floor":24.0,"gold_loss":0.0,"damage_taken":0.0},{"damage_healed":0,"gold_gain":0,"player_choice":"Fight","damage_taken":0,"max_hp_gain":0,"max_hp_loss":0,"event_name":"Colosseum","floor":27,"gold_loss":0},{"damage_healed":0,"gold_gain":0,"player_choice":"Fought Nobs","damage_taken":0,"max_hp_gain":0,"max_hp_loss":0,"event_name":"Colosseum","floor":27,"gold_loss":0},{"damage_healed":0,"gold_gain":0,"player_choice":"Read","damage_taken":0,"max_hp_gain":0,"max_hp_loss":0,"event_name":"The Library","floor":30,"gold_loss":0,"cards_obtained":["Battle Trance"]},{"damage_healed":0,"gold_gain":0,"player_choice":"Simplicity","damage_taken":0,"max_hp_gain":0,"max_hp_loss":0,"event_name":"Back to Basics","floor":31,"gold_loss":0,"cards_upgraded":["Strike_R","Defend_R","Defend_R","Defend_R","Defend_R"]},{"damage_healed":0,"gold_gain":0,"player_choice":"Ignored","damage_taken":0,"max_hp_gain":0,"max_hp_loss":0,"event_name":"Tomb of Lord Red Mask","floor":36,"gold_loss":0},{"damage_healed":0,"gold_gain":0,"player_choice":"Ignored","damage_taken":0,"max_hp_gain":0,"max_hp_loss":0,"event_name":"SecretPortal","floor":37,"gold_loss":0},{"damage_healed":0,"gold_gain":0,"player_choice":"Embrace Madness","damage_taken":15,"max_hp_gain":0,"max_hp_loss":0,"event_name":"Winding Halls","floor":42,"gold_loss":0,"cards_obtained":["Madness","Madness"]},{"damage_healed":0,"gold_gain":0,"player_choice":"Memory 1","damage_taken":0,"max_hp_gain":0,"max_hp_loss":0,"event_name":"SensoryStone","floor":45,"gold_loss":0},{"damage_healed":0,"gold_gain":0,"player_choice":"Ignored","damage_taken":0,"max_hp_gain":0,"max_hp_loss":0,"event_name":"Mysterious Sphere","floor":48,"gold_loss":0}],"is_beta":false,"boss_relics":[{"not_picked":["Lizard Tail","Black Star"],"picked":"Ectoplasm"},{"not_picked":["Eternal Feather","Snecko Eye"],"picked":"Coffee Dripper"}],"items_purged_floors":[],"is_endless":false,"potions_floor_spawned":[1,14,16,18,22,27,33,35,39],"ascension_level":1}