{"gold_per_floor":[114,114,114,44,44,44,61,94,168,195,195,195,16,36,36,133,133,115,75,75,75,91,91,116,116,170,205,224,274,274,14,14,118,118,134,134,234,245,38,66,66,66,66,66,66,80,106,123,123,123,123,123,41,70,70],"floor_reached":56,"playtime":2966,"items_purged":[],"score":1555,"play_id":"0516f12e-7998-4f8f-ab47-7939688d7f0c","local_time":"20181218225559","is_ascension_mode":true,"campfire_choices":[{"data":"Zap","floor":6.0,"key":"SMITH"},{"floor":12.0,"key":"REST"},{"data":"Apotheosis","floor":15.0,"key":"SMITH"},{"floor":23.0,"key":"RECALL"},{"floor":32,"key":"REST"},{"floor":41,"key":"REST"},{"floor":49,"key":"REST"},{"floor":52,"key":"REST"}],"neow_cost":"NONE","seed_source_timestamp":533846962398144,"circlet_count":0,"master_deck":["Strike_B","Strike_B","Defend_B","Defend_B","Defend_B","Defend_B","Zap+1","Dualcast","Coolheaded","Capacitor","Glacier","Apotheosis+1","Conserve Battery","Echo Form","Compile Driver+1","Rip and Tear","Ghostly","Ghostly","Ghostly","Ghostly","Ghostly","Echo Form","Fission","Reinforced Body","Forethought","Electrodynamics","BootSequence","Creative AI","Hologram+1","Glacier+1","Madness","Madness","Machine Learning","Tempest+1"],"special_seed":0,"relics":["Cracked Core","NeowsBlessing","Gambling Chip","Ginger","Vajra","NlothsMask","Fusion Hammer","Dream Catcher","Ice Cream","Smiling Mask","Bottled Tornado","Cursed Key","Emotion Chip","Strange Spoon","Bottled Lightning","DataDisk","Question Card","Pocketwatch"],"potions_floor_usage":[40,40,48,50,55],"damage_taken":[{"damage":0.0,"enemies":"Jaw Worm","floor":1.0,"turns":1.0},{"damage":0.0,"enemies":"Small Slimes","floor":7.0,"turns":1.0},{"damage":0.0,"enemies":"Lagavulin","floor":8.0,"turns":1.0},{"damage":67.0,"enemies":"Gremlin Nob","floor":10.0,"turns":8.0},{"damage":0.0,"enemies":"Cultist","floor":14.0,"turns":3.0},{"damage":19.0,"enemies":"Hexaghost","floor":16.0,"turns":14.0},{"damage":14.0,"enemies":"2 Thieves","floor":18.0,"turns":4.0},{"damage":0.0,"enemies":"Spheric Guardian","floor":22.0,"turns":4.0},{"damage":0.0,"enemies":"Gremlin Leader","floor":24.0,"turns":8.0},{"damage":2.0,"enemies":"Book of Stabbing","floor":27.0,"turns":7.0},{"damage":0.0,"enemies":"Shelled Parasite and Fungi","floor":28.0,"turns":6.0},{"damage":1,"enemies":"Automaton","floor":33,"turns":11},{"damage":8,"enemies":"3 Shapes","floor":35,"turns":9},{"damage":1,"enemies":"Mind Bloom Boss Battle","floor":37,"turns":9},{"damage":0,"enemies":"3 Darklings","floor":38,"turns":3},{"damage":9,"enemies":"Nemesis","floor":40,"turns":9},{"damage":0,"enemies":"Maw","floor":46,"turns":11},{"damage":0,"enemies":"Giant Head","floor":47,"turns":9},{"damage":0,"enemies":"Spire Growth","floor":48,"turns":7},{"damage":10,"enemies":"Awakened One","floor":50,"turns":12},{"damage":1,"enemies":"Shield and Spear","floor":54,"turns":8},{"damage":14,"enemies":"The Heart","floor":55,"turns":13}],"seed_played":"3803696032805347364","potions_obtained":[{"floor":10.0,"key":"Energy Potion"},{"floor":16.0,"key":"Energy Potion"},{"floor":18.0,"key":"PowerPotion"},{"floor":33,"key":"PowerPotion"},{"floor":46,"key":"Swift Potion"},{"floor":47,"key":"Regen Potion"}],"is_trial":false,"path_per_floor":["M","?","?","$","T","R","M","E","T","E","E","?","R","$","M","R","B",null,"M","$","?","?","M","R","E","?","T","E","M","T","?","$","R","B",null,"M","$","?","M","$","E","R","?","T","?","?","M","E","M","R","B",null,"R","$","E","B",null],"character_chosen":"DEFECT","items_purchased":["Capacitor","Apotheosis","Rip and Tear","Bottled Tornado","Strange Spoon","Machine Learning"],"campfire_rested":5,"item_purchase_floors":[4,13,19,31,39,53],"current_hp_per_floor":[75,75,75,75,75,75,75,75,75,8,8,30,30,30,30,11,75,61,61,37,37,37,37,37,37,37,35,35,35,35,35,37,36,37,29,29,28,28,28,19,30,25,25,25,25,25,25,25,36,26,37,37,37,36,35],"gold":70,"neow_bonus":"THREE_ENEMY_KILL","is_prod":false,"is_daily":false,"chose_seed":false,"campfire_upgraded":2,"win_rate":0,"timestamp":1545195359,"path_taken":["M","?","?","?","?","R","?","E","T","E","?","R","$","M","R","BOSS","M","$","?","?","?","R","E","?","T","E","M","?","?","$","R","BOSS","M","$","?","M","?","E","R","?","T","?","?","?","E","M","R","BOSS","R","$","E","BOSS"],"build_version":"2018-12-13","purchased_purges":0,"victory":true,"max_hp_per_floor":[75,75,75,75,75,75,75,75,75,75,75,75,75,75,75,75,75,75,75,37,37,37,37,37,37,37,37,37,37,37,37,37,37,37,37,37,37,37,37,37,37,37,37,37,37,37,37,37,37,37,37,37,37,37,37],"card_choices":[{"not_picked":["Compile Driver","Redo"],"picked":"Coolheaded","floor":1.0},{"not_picked":["Barrage","Stack"],"picked":"Glacier","floor":7.0},{"not_picked":["Steam","Consume","Self Repair"],"picked":"SKIP","floor":8.0},{"not_picked":["Static Discharge","Reinforced Body","Leap"],"picked":"SKIP","floor":10.0},{"not_picked":["Rebound","Reinforced Body"],"picked":"Conserve Battery","floor":14.0},{"not_picked":["Creative AI","Multi-Cast"],"picked":"Echo Form","floor":16.0},{"not_picked":["Blizzard","Gash"],"picked":"Compile Driver+1","floor":18.0},{"not_picked":["Scrape","Hologram","Consume"],"picked":"SKIP","floor":22.0},{"not_picked":["Leap+1","Undo+1"],"picked":"Echo Form","floor":24.0},{"not_picked":["Redo+1","Melter","FTL+1"],"picked":"SKIP","floor":27.0},{"not_picked":["Turbo","Genetic Algorithm+1","Aggregate"],"picked":"SKIP","floor":28.0},{"not_picked":["Cold Snap","Hologram+1"],"picked":"BootSequence","floor":32},{"not_picked":["Rainbow","Reboot"],"picked":"Creative AI","floor":33},{"not_picked":["Compile Driver","Recycle+1","FTL+1"],"picked":"SKIP","floor":35},{"not_picked":["Coolheaded+1","Auto Shields"],"picked":"Hologram+1","floor":38},{"not_picked":["Darkness+1","Multi-Cast","Recycle+1"],"picked":"SKIP","floor":40},{"not_picked":["Ball Lightning","Fusion"],"picked":"Glacier+1","floor":41},{"not_picked":["Capacitor","Turbo","Compile Driver"],"picked":"SKIP","floor":46},{"not_picked":["Barrage+1","Gash","Chaos+1"],"picked":"SKIP","floor":47},{"not_picked":["Recycle","Stack+1","Streamline+1","Fusion+1"],"picked":"SKIP","floor":48},{"not_picked":["Stack","Leap+1","Blizzard"],"picked":"Tempest+1","floor":54}],"player_experience":150367,"relics_obtained":[{"floor":5.0,"key":"Gambling Chip"},{"floor":8.0,"key":"Ginger"},{"floor":10.0,"key":"Vajra"},{"floor":24.0,"key":"Dream Catcher"},{"floor":27.0,"key":"Ice Cream"},{"floor":29.0,"key":"Smiling Mask"},{"floor":37,"key":"Emotion Chip"},{"floor":40,"key":"Bottled Lightning"},{"floor":43,"key":"DataDisk"},{"floor":47,"key":"Question Card"},{"floor":54,"key":"Pocketwatch"}],"event_choices":[{"damage_healed":0.0,"max_hp_gain":0.0,"max_hp_loss":0.0,"gold_gain":0.0,"event_name":"Liars Game","player_choice":"Ignored","floor":2.0,"gold_loss":0.0,"damage_taken":0.0},{"damage_healed":0.0,"max_hp_gain":0.0,"max_hp_loss":0.0,"gold_gain":0.0,"event_name":"Golden Wing","player_choice":"Ignored","floor":3.0,"gold_loss":0.0,"damage_taken":0.0},{"damage_healed":0.0,"max_hp_gain":0.0,"max_hp_loss":0.0,"gold_gain":0.0,"event_name":"FaceTrader","player_choice":"Trade","floor":11.0,"gold_loss":0.0,"damage_taken":0.0,"relics_obtained":["NlothsMask"]},{"damage_healed":0.0,"max_hp_gain":0.0,"max_hp_loss":38.0,"gold_gain":0.0,"event_name":"Ghosts","player_choice":"Became a Ghost","floor":20.0,"gold_loss":0.0,"damage_taken":0.0,"cards_obtained":["Ghostly","Ghostly","Ghostly","Ghostly","Ghostly"]},{"damage_healed":0.0,"max_hp_gain":0.0,"max_hp_loss":0.0,"gold_gain":0.0,"event_name":"Lab","player_choice":"Got Potions","floor":21.0,"gold_loss":0.0,"damage_taken":0.0},{"damage_healed":0.0,"max_hp_gain":0.0,"max_hp_loss":0.0,"gold_gain":0.0,"cards_transformed":["Strike_B","Strike_B"],"event_name":"Drug Dealer","player_choice":"Became Test Subject","floor":25.0,"gold_loss":0.0,"damage_taken":0.0,"cards_obtained":["Fission","Reinforced Body"]},{"damage_healed":0.0,"max_hp_gain":0.0,"max_hp_loss":0.0,"gold_gain":0.0,"event_name":"Match and Keep!","player_choice":"2 cards matched","floor":30.0,"gold_loss":0.0,"damage_taken":0.0,"cards_obtained":["Forethought","Electrodynamics"]},{"damage_healed":0,"gold_gain":0,"player_choice":"Fight","damage_taken":0,"max_hp_gain":0,"max_hp_loss":0,"event_name":"MindBloom","floor":37,"gold_loss":0},{"damage_healed":0,"gold_gain":0,"player_choice":"Embrace Madness","damage_taken":5,"max_hp_gain":0,"max_hp_loss":0,"event_name":"Winding Halls","floor":42,"gold_loss":0,"cards_obtained":["Madness","Madness"]},{"damage_healed":0,"gold_gain":0,"player_choice":"Ignored","damage_taken":0,"max_hp_gain":0,"max_hp_loss":0,"event_name":"Mysterious Sphere","floor":44,"gold_loss":0},{"cards_removed":["Decay"],"damage_healed":0,"gold_gain":0,"player_choice":"Removed Curses","damage_taken":0,"max_hp_gain":0,"max_hp_loss":0,"event_name":"Fountain of Cleansing","floor":45,"gold_loss":0}],"is_beta":false,"boss_relics":[{"not_picked":["Empty Cage","FrozenCore"],"picked":"Fusion Hammer"},{"not_picked":["Black Star","White Beast Statue"],"picked":"Cursed Key"}],"items_purged_floors":[],"is_endless":false,"potions_floor_spawned":[10,16,18,24,33,35,37,46,47],"ascension_level":4}