{"gold_per_floor":[115,115,125,125,125,159,159,159,159,159,175,201,41,65,65,190,190,210,223,223,223,21,21,40,40,40,40,40,60,60,60,60,186,186,211,227,27,27,27,27,452,452,506,506,526,526,549,564,564,564],"floor_reached":51,"playtime":1416,"items_purged":["Strike_B"],"score":741,"play_id":"36a28b79-68b9-4803-86b0-2e7135c8bcdb","local_time":"20190310151009","is_ascension_mode":false,"campfire_choices":[{"data":"Tempest","floor":7,"key":"SMITH"},{"data":"Dualcast","floor":10,"key":"SMITH"},{"data":"Defragment","floor":15,"key":"SMITH"},{"data":"Creative AI","floor":23,"key":"SMITH"},{"data":"Hello World","floor":25,"key":"SMITH"},{"data":"Coolheaded","floor":28,"key":"SMITH"},{"data":"Leap","floor":32,"key":"SMITH"},{"data":"Thunder Strike","floor":40,"key":"SMITH"},{"data":"Ball Lightning","floor":42,"key":"SMITH"},{"data":"Chill","floor":44,"key":"SMITH"},{"data":"Thunder Strike","floor":49,"key":"SMITH"}],"neow_cost":"NONE","seed_source_timestamp":3992852715554,"circlet_count":0,"master_deck":["Strike_B+1","Strike_B+1","Defend_B+1","Defend_B+1","Defend_B+1","Defend_B+1","Zap+1","Dualcast+1","Chill+1","Tempest+1","Coolheaded+1","Hello World+1","Leap+1","Defragment+1","Creative AI+1","Thunder Strike+1","Consume+1","Ball Lightning+1","Ball Lightning+1","Madness","Madness","Thunder Strike+1","Compile Driver+1"],"relics":["Cracked Core","Golden Idol","Bird Faced Urn","Omamori","Centennial Puzzle","Nuclear Battery","Runic Capacitor","PreservedInsect","Ancient Tea Set","Inserter","OrangePellets","Old Coin","Bag of Preparation"],"potions_floor_usage":[6,16,16,29,33,33,41,50,50],"damage_taken":[{"damage":0,"enemies":"2 Louse","floor":1,"turns":2},{"damage":1,"enemies":"Jaw Worm","floor":3,"turns":2},{"damage":12,"enemies":"Gremlin Nob","floor":6,"turns":3},{"damage":0,"enemies":"Cultist","floor":11,"turns":3},{"damage":0,"enemies":"Exordium Wildlife","floor":14,"turns":2},{"damage":0,"enemies":"Hexaghost","floor":16,"turns":9},{"damage":5,"enemies":"Chosen","floor":18,"turns":3},{"damage":0,"enemies":"Spheric Guardian","floor":19,"turns":1},{"damage":0,"enemies":"Cultist and Chosen","floor":24,"turns":6},{"damage":0,"enemies":"Centurion and Healer","floor":29,"turns":4},{"damage":5,"enemies":"Automaton","floor":33,"turns":11},{"damage":6,"enemies":"3 Shapes","floor":35,"turns":5},{"damage":7,"enemies":"Orb Walker","floor":36,"turns":4},{"damage":20,"enemies":"Mind Bloom Boss Battle","floor":41,"turns":7},{"damage":0,"enemies":"4 Shapes","floor":45,"turns":6},{"damage":16,"enemies":"Writhing Mass","floor":47,"turns":5},{"damage":0,"enemies":"Transient","floor":48,"turns":5},{"damage":17,"enemies":"Awakened One","floor":50,"turns":9}],"seed_played":"6598135228860303817","potions_obtained":[{"floor":1,"key":"Strength Potion"},{"floor":3,"key":"PowerPotion"},{"floor":11,"key":"PowerPotion"},{"floor":14,"key":"Poison Potion"},{"floor":18,"key":"Dexterity Potion"},{"floor":24,"key":"SkillPotion"},{"floor":33,"key":"Swift Potion"},{"floor":35,"key":"Regen Potion"},{"floor":41,"key":"Strength Potion"}],"is_trial":false,"path_per_floor":["M","?","M","?","?","E","R","?","T","R","M","T","$","M","R","B",null,"M","M","?","?","$","R","M","R","T","?","R","M","$","?","R","B",null,"M","M","$","?","?","R","?","R","T","R","M","?","M","M","R","B",null],"character_chosen":"DEFECT","items_purchased":["Hello World","Leap","Runic Capacitor","OrangePellets"],"campfire_rested":0,"item_purchase_floors":[13,13,22,37],"current_hp_per_floor":[75,60,59,64,64,52,52,52,52,52,52,52,52,52,52,56,74,74,74,74,74,74,74,74,74,74,74,74,74,74,74,74,74,74,74,71,71,71,71,71,65,65,65,65,73,64,58,62,62,74],"gold":564,"neow_bonus":"UPGRADE_CARD","is_prod":false,"is_daily":false,"chose_seed":false,"campfire_upgraded":11,"win_rate":0,"timestamp":1552252209,"path_taken":["M","?","M","?","?","E","R","?","T","R","?","?","$","M","R","BOSS","M","M","?","?","$","R","M","R","T","?","R","?","$","?","R","BOSS","M","M","$","?","?","R","?","R","T","R","?","?","M","M","R","BOSS"],"build_version":"2019-01-23","purchased_purges":1,"victory":true,"max_hp_per_floor":[75,75,75,80,74,74,74,74,74,74,74,74,74,74,74,74,74,74,74,74,74,74,74,74,74,74,74,74,74,74,74,74,74,74,74,74,74,74,74,74,74,74,74,74,74,74,74,74,74,74],"card_choices":[{"not_picked":["Chaos","Turbo"],"picked":"Cold Snap","floor":1},{"not_picked":["Stack","Recycle"],"picked":"Chill","floor":3},{"not_picked":["Hologram","Coolheaded"],"picked":"Tempest","floor":6},{"not_picked":["Rip and Tear","Gash"],"picked":"Coolheaded","floor":11},{"not_picked":["Redo","Undo"],"picked":"Defragment","floor":14},{"not_picked":["Rainbow","Biased Cognition"],"picked":"Creative AI","floor":16},{"not_picked":["Sunder","Aggregate","Go for the Eyes"],"picked":"SKIP","floor":18},{"not_picked":["Rip and Tear","Static Discharge","Rebound"],"picked":"SKIP","floor":19},{"not_picked":["Auto Shields","Rebound","Beam Cell+1"],"picked":"SKIP","floor":24},{"not_picked":["Turbo","Reprogram","Buffer"],"picked":"SKIP","floor":29},{"not_picked":["Machine Learning","Buffer"],"picked":"Thunder Strike","floor":33},{"not_picked":["Blizzard","Aggregate"],"picked":"Consume+1","floor":35},{"not_picked":["Leap+1","Redo"],"picked":"Ball Lightning","floor":36},{"not_picked":["Redo+1","Turbo+1"],"picked":"Ball Lightning+1","floor":41},{"not_picked":["Turbo","Melter+1","Beam Cell"],"picked":"SKIP","floor":45},{"not_picked":["Hologram+1","Darkness"],"picked":"Thunder Strike","floor":47},{"not_picked":["Coolheaded","Sweeping Beam"],"picked":"Compile Driver+1","floor":48}],"player_experience":1014558,"relics_obtained":[{"floor":6,"key":"Bird Faced Urn"},{"floor":9,"key":"Omamori"},{"floor":12,"key":"Centennial Puzzle"},{"floor":26,"key":"PreservedInsect"},{"floor":41,"key":"Old Coin"},{"floor":43,"key":"Bag of Preparation"}],"event_choices":[{"damage_healed":0,"gold_gain":0,"player_choice":"Entered Light","damage_taken":15,"max_hp_gain":0,"max_hp_loss":0,"event_name":"Shining Light","floor":2,"gold_loss":0,"cards_upgraded":["Strike_B","Strike_B"]},{"damage_healed":0,"gold_gain":0,"player_choice":"Donut","damage_taken":0,"max_hp_gain":5,"max_hp_loss":0,"event_name":"Big Fish","floor":4,"gold_loss":0},{"damage_healed":0,"gold_gain":0,"player_choice":"Lose Max HP","damage_taken":0,"relics_obtained":["Golden Idol"],"max_hp_gain":0,"max_hp_loss":6,"event_name":"Golden Idol","floor":5,"gold_loss":0},{"cards_removed":["Strike_B"],"damage_healed":0,"gold_gain":0,"player_choice":"Purged","damage_taken":0,"max_hp_gain":0,"max_hp_loss":0,"event_name":"Purifier","floor":8,"gold_loss":0},{"damage_healed":0,"gold_gain":0,"player_choice":"Ignored","damage_taken":0,"max_hp_gain":0,"max_hp_loss":0,"event_name":"Vampires","floor":20,"gold_loss":0},{"damage_healed":0,"gold_gain":0,"player_choice":"Simplicity","damage_taken":0,"max_hp_gain":0,"max_hp_loss":0,"event_name":"Back to Basics","floor":21,"gold_loss":0,"cards_upgraded":["Defend_B","Defend_B","Defend_B","Defend_B"]},{"damage_healed":0,"gold_gain":0,"player_choice":"Ignored","damage_taken":0,"max_hp_gain":0,"max_hp_loss":0,"event_name":"Ghosts","floor":27,"gold_loss":0},{"damage_healed":0,"gold_gain":0,"player_choice":"Stole Relic","damage_taken":0,"relics_obtained":["Ancient Tea Set"],"max_hp_gain":0,"max_hp_loss":0,"event_name":"Addict","floor":31,"gold_loss":0,"cards_obtained":["Shame"]},{"damage_healed":0,"gold_gain":0,"player_choice":"Ignored","damage_taken":0,"max_hp_gain":0,"max_hp_loss":0,"event_name":"Mysterious Sphere","floor":38,"gold_loss":0},{"cards_removed":["Cold Snap"],"damage_healed":0,"gold_gain":0,"player_choice":"Removed Attack","damage_taken":0,"max_hp_gain":0,"max_hp_loss":0,"event_name":"Falling","floor":39,"gold_loss":0},{"damage_healed":0,"gold_gain":0,"player_choice":"Fight","damage_taken":0,"max_hp_gain":0,"max_hp_loss":0,"event_name":"MindBloom","floor":41,"gold_loss":0},{"damage_healed":0,"gold_gain":0,"player_choice":"Embrace Madness","damage_taken":9,"max_hp_gain":0,"max_hp_loss":0,"event_name":"Winding Halls","floor":46,"gold_loss":0,"cards_obtained":["Madness","Madness"]}],"is_beta":false,"boss_relics":[{"not_picked":["Runic Pyramid","Snecko Eye"],"picked":"Nuclear Battery"},{"not_picked":["Pandora\u0027s Box","Lizard Tail"],"picked":"Inserter"}],"items_purged_floors":[13],"is_endless":false,"potions_floor_spawned":[1,3,11,14,18,24,33,35,41],"ascension_level":0}