{"gold_per_floor":[116,191,80,92,108,108,122,122,122,72,97,4,4,18,18,142,205,225,239,263,70,91,91,114,114,138,157,157,157,180,194,194,317,317,337,80,80,413,426,78,78,95,95,115,133,133,148,160,160,160],"floor_reached":51,"playtime":2949,"items_purged":["Strike_G","Strike_G"],"score":705,"play_id":"f1a94ad2-53b6-418e-b3fd-cc69c66ea205","local_time":"20190307222102","is_ascension_mode":true,"campfire_choices":[{"data":"Noxious Fumes","floor":6.0,"key":"SMITH"},{"floor":15.0,"key":"REST"},{"floor":23.0,"key":"REST"},{"data":"Footwork","floor":25.0,"key":"SMITH"},{"data":"Footwork","floor":28.0,"key":"SMITH"},{"floor":32.0,"key":"REST"},{"floor":41.0,"key":"REST"},{"floor":46.0,"key":"REST"},{"floor":49,"key":"RECALL"}],"neow_cost":"NONE","seed_source_timestamp":0,"circlet_count":0,"master_deck":["Defend_G","Defend_G","Defend_G","Defend_G+1","Defend_G","Strike_G","Survivor","Neutralize+1","Bouncing Flask+1","Blur","Noxious Fumes+1","Caltrops","Dodge and Roll","PiercingWail+1","Tools of the Trade","Footwork+1","Dodge and Roll+1","Backstab","Footwork+1","Dash","Noxious Fumes+1","PiercingWail","Wraith Form v2","Adrenaline","Backflip","Blur+1"],"special_seed":0,"relics":["Ring of the Snake","Mercury Hourglass","Art of War","Tiny House","Bronze Scales","PreservedInsect","Fusion Hammer","Oddly Smooth Stone","Bag of Preparation","War Paint","Mummified Hand"],"potions_floor_usage":[50,50],"damage_taken":[{"damage":0.0,"enemies":"2 Louse","floor":1.0,"turns":3.0},{"damage":0.0,"enemies":"Small Slimes","floor":4.0,"turns":3.0},{"damage":0.0,"enemies":"Jaw Worm","floor":5.0,"turns":6.0},{"damage":0.0,"enemies":"Blue Slaver","floor":7.0,"turns":5.0},{"damage":8.0,"enemies":"Exordium Thugs","floor":14.0,"turns":6.0},{"damage":12.0,"enemies":"Slime Boss","floor":16.0,"turns":7.0},{"damage":6.0,"enemies":"Shell Parasite","floor":18.0,"turns":5.0},{"damage":34.0,"enemies":"3 Byrds","floor":19.0,"turns":4.0},{"damage":7.0,"enemies":"Snake Plant","floor":20.0,"turns":5.0},{"damage":8.0,"enemies":"Shelled Parasite and Fungi","floor":22.0,"turns":6.0},{"damage":9.0,"enemies":"Snecko","floor":24.0,"turns":6.0},{"damage":0.0,"enemies":"Snake Plant","floor":27.0,"turns":4.0},{"damage":4.0,"enemies":"Centurion and Healer","floor":30.0,"turns":7.0},{"damage":1.0,"enemies":"Cultist and Chosen","floor":31.0,"turns":6.0},{"damage":25.0,"enemies":"Automaton","floor":33.0,"turns":11.0},{"damage":3.0,"enemies":"3 Darklings","floor":35.0,"turns":5.0},{"damage":0.0,"enemies":"3 Shapes","floor":39.0,"turns":4.0},{"damage":10.0,"enemies":"3 Darklings","floor":42.0,"turns":5.0},{"damage":11.0,"enemies":"Jaw Worm Horde","floor":44.0,"turns":4.0},{"damage":0.0,"enemies":"Transient","floor":45.0,"turns":5.0},{"damage":0.0,"enemies":"4 Shapes","floor":47.0,"turns":6.0},{"damage":0,"enemies":"Maw","floor":48,"turns":8},{"damage":8,"enemies":"Awakened One","floor":50,"turns":15}],"seed_played":"-2286608362938490208","potions_obtained":[{"floor":1.0,"key":"SteroidPotion"},{"floor":14.0,"key":"Fire Potion"},{"floor":17.0,"key":"SpeedPotion"},{"floor":19.0,"key":"Block Potion"},{"floor":20.0,"key":"GamblersBrew"},{"floor":27.0,"key":"Fire Potion"},{"floor":31.0,"key":"Explosive Potion"},{"floor":48,"key":"Dexterity Potion"}],"is_trial":false,"path_per_floor":["M","?","$","M","M","R","M","?","T","?","T","$","?","M","R","B",null,"M","M","M","$","M","R","M","R","T","M","R","?","M","M","R","B",null,"M","$","?","?","M","$","R","M","T","M","M","R","M","M","R","B",null],"character_chosen":"THE_SILENT","items_purchased":["Blur","Caltrops","Dodge and Roll","Footwork","Bronze Scales","Oddly Smooth Stone","Bag of Preparation","War Paint","Backflip"],"campfire_rested":5,"item_purchase_floors":[3,12,12,21,21,36,40,40,40],"current_hp_per_floor":[70,59,59,59,59,59,59,64,64,64,64,64,46,38,60,48,80,74,40,33,33,25,49,40,40,40,40,40,40,36,35,59,34,80,77,77,77,77,77,77,80,70,70,59,59,80,80,80,80,72],"gold":160,"neow_bonus":"UPGRADE_CARD","is_prod":false,"is_daily":false,"chose_seed":false,"campfire_upgraded":3,"win_rate":0,"timestamp":1552015262,"path_taken":["M","?","$","M","M","R","M","?","T","?","?","$","?","M","R","BOSS","M","M","M","$","M","R","M","R","T","M","R","?","M","M","R","BOSS","M","$","?","?","M","$","R","M","T","M","M","R","M","M","R","BOSS"],"build_version":"2019-01-23","purchased_purges":2,"victory":true,"max_hp_per_floor":[70,70,70,70,70,70,70,75,75,75,75,75,75,75,75,75,80,80,80,80,80,80,80,80,80,80,80,80,80,80,80,80,80,80,80,80,80,80,80,80,80,80,80,80,80,80,80,80,80,80],"card_choices":[{"not_picked":["Acrobatics","Poisoned Stab"],"picked":"Bouncing Flask","floor":1.0},{"not_picked":["Blade Dance","Distraction"],"picked":"Noxious Fumes","floor":4.0},{"not_picked":["Blade Dance","Reflex","Slice"],"picked":"SKIP","floor":5.0},{"not_picked":["Dagger Throw","Tactician","Outmaneuver"],"picked":"SKIP","floor":7.0},{"not_picked":["Cloak And Dagger","Slice"],"picked":"PiercingWail","floor":14.0},{"not_picked":["Bullet Time","Wraith Form v2"],"picked":"Tools of the Trade","floor":16.0},{"not_picked":["Distraction","Dash"],"picked":"Footwork","floor":18.0},{"not_picked":["Skewer+1","Prepared+1"],"picked":"Dodge and Roll+1","floor":19.0},{"not_picked":["Sucker Punch+1","Blade Dance"],"picked":"Backstab","floor":20.0},{"not_picked":["Slice","Eviscerate"],"picked":"Dash","floor":22.0},{"not_picked":["Reflex","Choke"],"picked":"Noxious Fumes+1","floor":24.0},{"not_picked":["Prepared","Deflect"],"picked":"PiercingWail","floor":27.0},{"not_picked":["All Out Attack","Slice","Underhanded Strike+1"],"picked":"SKIP","floor":30.0},{"not_picked":["All Out Attack","Envenom","Deflect+1"],"picked":"SKIP","floor":31.0},{"not_picked":["Doppelganger","Envenom"],"picked":"Adrenaline","floor":33.0},{"not_picked":["Bane+1","Deflect","Accuracy"],"picked":"SKIP","floor":35.0},{"not_picked":["Dagger Throw","Dagger Spray+1","Accuracy+1"],"picked":"SKIP","floor":39.0},{"not_picked":["Dagger Throw","Deadly Poison+1"],"picked":"Blur+1","floor":42.0},{"not_picked":["Slice","Venomology","Dash"],"picked":"SKIP","floor":44.0},{"not_picked":["Underhanded Strike+1","Flechettes","Infinite Blades"],"picked":"SKIP","floor":45.0},{"not_picked":["Prepared","Skewer","Dagger Throw"],"picked":"SKIP","floor":47},{"not_picked":["Deflect","Slice+1","Flechettes+1"],"picked":"SKIP","floor":48}],"player_experience":1146066,"relics_obtained":[{"floor":9.0,"key":"Mercury Hourglass"},{"floor":11.0,"key":"Art of War"},{"floor":26.0,"key":"PreservedInsect"},{"floor":43.0,"key":"Mummified Hand"}],"event_choices":[{"damage_healed":0.0,"max_hp_gain":0.0,"max_hp_loss":0.0,"gold_gain":75.0,"event_name":"World of Goop","player_choice":"Gather Gold","floor":2.0,"gold_loss":0.0,"damage_taken":11.0},{"damage_healed":0.0,"max_hp_gain":5.0,"max_hp_loss":0.0,"gold_gain":0.0,"event_name":"Big Fish","player_choice":"Donut","floor":8.0,"gold_loss":0.0,"damage_taken":0.0},{"cards_removed":["Strike_G"],"damage_healed":0.0,"max_hp_gain":0.0,"max_hp_loss":0.0,"gold_gain":0.0,"event_name":"The Cleric","player_choice":"Card Removal","floor":10.0,"gold_loss":50.0,"damage_taken":0.0},{"damage_healed":0.0,"max_hp_gain":0.0,"max_hp_loss":0.0,"gold_gain":0.0,"event_name":"Golden Idol","player_choice":"Take Damage","floor":13.0,"gold_loss":0.0,"damage_taken":18.0,"relics_obtained":["Golden Idol"]},{"damage_healed":0.0,"max_hp_gain":0.0,"max_hp_loss":0.0,"gold_gain":0.0,"event_name":"Match and Keep!","player_choice":"1 cards matched","floor":29.0,"gold_loss":0.0,"damage_taken":0.0,"cards_obtained":["Wraith Form v2"]},{"cards_removed":["Strike_G"],"damage_healed":0.0,"max_hp_gain":0.0,"max_hp_loss":0.0,"gold_gain":0.0,"event_name":"Falling","player_choice":"Removed Attack","floor":37.0,"gold_loss":0.0,"damage_taken":0.0},{"damage_healed":0.0,"max_hp_gain":0.0,"max_hp_loss":0.0,"gold_gain":333.0,"event_name":"The Moai Head","player_choice":"Gave Idol","floor":38.0,"relics_lost":["Golden Idol"],"gold_loss":0.0,"damage_taken":0.0}],"is_beta":false,"boss_relics":[{"not_picked":["Coffee Dripper","Runic Pyramid"],"picked":"Tiny House"},{"not_picked":["Calling Bell","Velvet Choker"],"picked":"Fusion Hammer"}],"items_purged_floors":[3,36],"is_endless":false,"potions_floor_spawned":[1,14,19,20,27,31,35,39,42,48],"ascension_level":2}