{"gold_per_floor":[119,394,406,421,437,469,469,488,488,507,28,46,78,78,78,179,179,193,212,212,226,239,239,239],"floor_reached":24,"playtime":3550,"items_purged":["Regret"],"score":212,"play_id":"d3b4d6d0-ac98-4b05-a693-a73ac0a5b1ed","local_time":"20190311114459","is_ascension_mode":false,"campfire_choices":[{"floor":7,"key":"REST"},{"data":"Corruption","floor":15,"key":"SMITH"},{"floor":23,"key":"REST"}],"neow_cost":"NONE","seed_source_timestamp":1241696912167455,"circlet_count":0,"master_deck":["Strike_R","Strike_R","Strike_R","Strike_R","Strike_R","Defend_R","Defend_R","Defend_R","Defend_R","Bash","Iron Wave","Shrug It Off","Cleave","Cleave","Juggernaut","Rage","Rampage","Power Through","Iron Wave","Dramatic Entrance","Metallicize","Corruption+1","Armaments","Berserk","Thunderclap","Shrug It Off","Anger+1"],"relics":["Burning Blood","Meat on the Bone","Ornamental Fan","Lantern","Torii","Lizard Tail"],"potions_floor_usage":[19,21,22],"damage_taken":[{"damage":5,"enemies":"Cultist","floor":1,"turns":4},{"damage":14,"enemies":"Jaw Worm","floor":3,"turns":5},{"damage":3,"enemies":"Small Slimes","floor":4,"turns":4},{"damage":13,"enemies":"Exordium Thugs","floor":5,"turns":6},{"damage":39,"enemies":"Gremlin Nob","floor":6,"turns":6},{"damage":7,"enemies":"Red Slaver","floor":8,"turns":4},{"damage":12,"enemies":"Large Slime","floor":10,"turns":7},{"damage":0,"enemies":"Blue Slaver","floor":12,"turns":3},{"damage":7,"enemies":"Lagavulin","floor":13,"turns":5},{"damage":4,"enemies":"The Guardian","floor":16,"turns":11},{"damage":42,"enemies":"Chosen","floor":18,"turns":7},{"damage":45,"enemies":"2 Thieves","floor":19,"turns":4},{"damage":34,"enemies":"Colosseum Slavers","floor":20,"turns":6},{"damage":24,"enemies":"Shelled Parasite and Fungi","floor":21,"turns":8},{"damage":11,"enemies":"Centurion and Healer","floor":22,"turns":12},{"damage":101,"enemies":"Gremlin Leader","floor":24,"turns":9}],"seed_played":"-2999045927902052009","potions_obtained":[{"floor":3,"key":"FairyPotion"},{"floor":6,"key":"EssenceOfSteel"},{"floor":10,"key":"Dexterity Potion"},{"floor":12,"key":"Poison Potion"},{"floor":21,"key":"Ancient Potion"}],"is_trial":false,"path_per_floor":["M","?","M","M","M","E","R","M","T","M","$","M","E","$","R","B",null,"M","M","?","M","M","R","E"],"character_chosen":"IRONCLAD","items_purchased":["Power Through","Lantern","Iron Wave","Dramatic Entrance","Metallicize"],"campfire_rested":2,"item_purchase_floors":[11,11,11,11,11],"current_hp_per_floor":[88,88,80,83,76,43,69,68,68,62,62,68,67,67,67,69,88,52,25,26,20,27,53,0],"gold":239,"neow_bonus":"TEN_PERCENT_HP_BONUS","is_prod":false,"is_daily":false,"chose_seed":false,"campfire_upgraded":1,"win_rate":0.0,"timestamp":1552315499,"path_taken":["M","?","?","M","M","E","R","M","T","M","$","M","E","?","R","BOSS","M","M","?","M","M","R","E"],"build_version":"2019-01-23","purchased_purges":1,"victory":false,"max_hp_per_floor":[88,88,88,88,88,88,88,88,88,88,88,88,88,88,88,88,88,88,88,88,88,88,88,88],"card_choices":[{"not_picked":["Headbutt","Flex"],"picked":"Iron Wave","floor":1},{"not_picked":["Warcry","True Grit"],"picked":"Shrug It Off","floor":3},{"not_picked":["Body Slam","Infernal Blade"],"picked":"Cleave","floor":4},{"not_picked":["Flex","Clothesline"],"picked":"Cleave","floor":5},{"not_picked":["Feel No Pain","Searing Blow"],"picked":"Juggernaut","floor":6},{"not_picked":["Thunderclap","True Grit"],"picked":"Rage","floor":8},{"not_picked":["Anger","Thunderclap"],"picked":"Rampage","floor":10},{"not_picked":["Headbutt","Pommel Strike"],"picked":"Corruption","floor":12},{"not_picked":["Sword Boomerang","Twin Strike"],"picked":"Armaments","floor":13},{"not_picked":["Fiend Fire","Brutality"],"picked":"Berserk","floor":16},{"not_picked":["Clash","Clothesline","Sword Boomerang"],"picked":"SKIP","floor":18},{"not_picked":["Berserk","Warcry"],"picked":"Thunderclap","floor":19},{"not_picked":["Armaments","Headbutt"],"picked":"Shrug It Off","floor":21},{"not_picked":["Thunderclap","Rampage"],"picked":"Anger+1","floor":22}],"player_experience":73831,"relics_obtained":[{"floor":6,"key":"Meat on the Bone"},{"floor":9,"key":"Ornamental Fan"},{"floor":13,"key":"Torii"}],"event_choices":[{"damage_healed":0,"gold_gain":275,"player_choice":"Desecrate","damage_taken":0,"max_hp_gain":0,"max_hp_loss":0,"event_name":"Golden Shrine","floor":2,"gold_loss":0,"cards_obtained":["Regret"]},{"damage_healed":0,"gold_gain":0,"player_choice":"Fight","damage_taken":0,"max_hp_gain":0,"max_hp_loss":0,"event_name":"Colosseum","floor":20,"gold_loss":0},{"damage_healed":0,"gold_gain":0,"player_choice":"Fled From Nobs","damage_taken":0,"max_hp_gain":0,"max_hp_loss":0,"event_name":"Colosseum","floor":20,"gold_loss":0}],"is_beta":false,"boss_relics":[{"not_picked":["Cursed Key","Runic Cube"],"picked":"Lizard Tail"}],"items_purged_floors":[11],"is_endless":false,"potions_floor_spawned":[3,6,10,12,20,21],"killed_by":"Gremlin Leader","ascension_level":0}