{"gold_per_floor":[111,122,122,85,85,85,111,121,121,149,149,74,84,102,102,200,200,215,233,233,233,233,233],"floor_reached":23,"playtime":1531,"items_purged":["Defend_R"],"score":249,"play_id":"0cff1a28-b744-4df7-9104-cc7b9ea71ce7","local_time":"20190130232639","is_ascension_mode":true,"campfire_choices":[{"data":"Iron Wave","floor":6,"key":"SMITH"},{"data":"Uppercut","floor":15,"key":"SMITH"}],"neow_cost":"NONE","seed_source_timestamp":859084109767024,"circlet_count":0,"master_deck":["Strike_R","Strike_R","Strike_R","Defend_R","Defend_R","Bash","Flex","Iron Wave+1","Sword Boomerang","Uppercut+1","Flame Barrier","Cleave","Pommel Strike","Demon Form","Shrug It Off+1","Rupture+1","Reckless Charge+1","Evolve","Hemokinesis","Writhe","Purity","Enlightenment","Enlightenment"],"relics":["Burning Blood","NeowsBlessing","CultistMask","Champion Belt","Question Card","Potion Belt","Blood Vial","Astrolabe","Art of War"],"potions_floor_usage":[18,19,22,22],"damage_taken":[{"damage":0,"enemies":"Jaw Worm","floor":1,"turns":1},{"damage":0,"enemies":"2 Louse","floor":2,"turns":1},{"damage":0,"enemies":"Gremlin Nob","floor":7,"turns":1},{"damage":1,"enemies":"Cultist","floor":8,"turns":3},{"damage":26,"enemies":"Lagavulin","floor":10,"turns":7},{"damage":6,"enemies":"Exordium Wildlife","floor":13,"turns":2},{"damage":3,"enemies":"2 Fungi Beasts","floor":14,"turns":3},{"damage":72,"enemies":"Hexaghost","floor":16,"turns":12},{"damage":24,"enemies":"Shell Parasite","floor":18,"turns":5},{"damage":28,"enemies":"2 Thieves","floor":19,"turns":5},{"damage":15,"enemies":"Cultist and Chosen","floor":22,"turns":4},{"damage":13,"enemies":"Slavers","floor":23,"turns":1}],"seed_played":"-826105425261853597","potions_obtained":[{"floor":2,"key":"Swift Potion"},{"floor":7,"key":"SmokeBomb"},{"floor":16,"key":"Block Potion"},{"floor":19,"key":"PowerPotion"}],"is_trial":false,"path_per_floor":["M","M","?","?","?","R","E","M","T","E","T","$","M","M","R","B",null,"M","M","?","?","M","E"],"character_chosen":"IRONCLAD","items_purchased":[],"campfire_rested":0,"item_purchase_floors":[],"current_hp_per_floor":[80,80,85,85,85,85,85,85,85,65,65,65,67,72,72,8,85,67,47,47,15,8,0],"gold":233,"neow_bonus":"THREE_ENEMY_KILL","is_prod":false,"is_daily":false,"chose_seed":false,"campfire_upgraded":2,"win_rate":0,"timestamp":1548912399,"path_taken":["M","M","?","?","?","R","E","?","T","E","?","$","M","M","R","BOSS","M","M","?","?","M","E"],"build_version":"2019-01-23","purchased_purges":1,"victory":false,"max_hp_per_floor":[80,80,85,85,85,85,85,85,85,85,85,85,85,85,85,85,85,85,85,85,85,85,85],"card_choices":[{"not_picked":["Perfected Strike","Corruption"],"picked":"Flex","floor":1},{"not_picked":["Sword Boomerang","Seeing Red"],"picked":"Iron Wave","floor":2},{"not_picked":["Havoc","Flex"],"picked":"Sword Boomerang","floor":7},{"not_picked":["Clash","Havoc"],"picked":"Uppercut","floor":8},{"not_picked":["Shockwave","Ghostly Armor","Fire Breathing"],"picked":"Flame Barrier","floor":10},{"not_picked":["Clash","Infernal Blade","Whirlwind"],"picked":"Cleave","floor":13},{"not_picked":["Body Slam","Thunderclap","Whirlwind"],"picked":"Pommel Strike","floor":14},{"not_picked":["Feed","Juggernaut","Fiend Fire"],"picked":"Demon Form","floor":16},{"not_picked":["Rage","Shrug It Off","Pommel Strike"],"picked":"Evolve","floor":18},{"not_picked":["Perfected Strike","Rupture+1","Thunderclap"],"picked":"Hemokinesis","floor":19}],"player_experience":116729,"relics_obtained":[{"floor":7,"key":"Champion Belt"},{"floor":9,"key":"Question Card"},{"floor":10,"key":"Potion Belt"},{"floor":11,"key":"Blood Vial"}],"event_choices":[{"damage_healed":0,"gold_gain":0,"player_choice":"Donut","damage_taken":0,"max_hp_gain":5,"max_hp_loss":0,"event_name":"Big Fish","floor":3,"gold_loss":0},{"damage_healed":0,"gold_gain":0,"player_choice":"Left Gold","damage_taken":0,"max_hp_gain":0,"max_hp_loss":0,"event_name":"World of Goop","floor":4,"gold_loss":37},{"damage_healed":0,"gold_gain":0,"player_choice":"Trade","damage_taken":0,"relics_obtained":["CultistMask"],"max_hp_gain":0,"max_hp_loss":0,"event_name":"FaceTrader","floor":5,"gold_loss":0},{"damage_healed":0,"gold_gain":0,"player_choice":"Opened","damage_taken":0,"relics_obtained":["Art of War"],"max_hp_gain":0,"max_hp_loss":0,"event_name":"The Mausoleum","floor":20,"gold_loss":0,"cards_obtained":["Writhe"]},{"damage_healed":0,"gold_gain":0,"player_choice":"CARD CARD CARD ","damage_taken":32,"max_hp_gain":0,"max_hp_loss":0,"event_name":"Knowing Skull","floor":21,"potions_obtained":[],"gold_loss":0,"cards_obtained":["Purity","Enlightenment","Enlightenment"]}],"is_beta":false,"boss_relics":[{"not_picked":["Orrery","Tiny House"],"picked":"Astrolabe"}],"items_purged_floors":[12],"is_endless":false,"potions_floor_spawned":[2,7,16,19],"killed_by":"Slavers","ascension_level":2}