{"gold_per_floor":[112,127,146,146,146,176,2,2,2,36,51,64,82,96,96,196,196,206,233,233,281,133,133,167,167],"floor_reached":25,"playtime":2221,"items_purged":[],"score":256,"play_id":"1a57773b-af93-4d21-91e1-0459a27ea25b","local_time":"20190128143927","is_ascension_mode":false,"campfire_choices":[{"floor":8,"key":"RECALL"},{"data":"Apotheosis","floor":15,"key":"SMITH"},{"floor":23,"key":"REST"}],"neow_cost":"NONE","seed_source_timestamp":800329313311461,"circlet_count":0,"master_deck":["Bash+1","Shrug It Off","Flame Barrier","Shrug It Off","Apotheosis+1","Blood for Blood","Anger","Shrug It Off","Dual Wield","Feed","Fiend Fire","Clothesline","Disarm","Flame Barrier","Battle Trance","Evolve","Pommel Strike","Reckless Charge","Pummel","Rage","Iron Wave","Shrug It Off+1"],"relics":["Burning Blood","Pantograph","Dream Catcher","Pandora\u0027s Box","Red Mask","Red Skull","Vajra","Mercury Hourglass"],"potions_floor_usage":[16,18,24],"damage_taken":[{"damage":0,"enemies":"Cultist","floor":1,"turns":3},{"damage":2,"enemies":"2 Louse","floor":2,"turns":3},{"damage":3,"enemies":"Jaw Worm","floor":3,"turns":5},{"damage":25,"enemies":"3 Sentries","floor":6,"turns":14},{"damage":23,"enemies":"Gremlin Nob","floor":10,"turns":6},{"damage":4,"enemies":"Blue Slaver","floor":11,"turns":4},{"damage":4,"enemies":"3 Louse","floor":12,"turns":4},{"damage":0,"enemies":"Exordium Wildlife","floor":13,"turns":5},{"damage":2,"enemies":"2 Fungi Beasts","floor":14,"turns":5},{"damage":51,"enemies":"Slime Boss","floor":16,"turns":12},{"damage":6,"enemies":"2 Thieves","floor":18,"turns":4},{"damage":42,"enemies":"Masked Bandits","floor":19,"turns":5},{"damage":34,"enemies":"Gremlin Leader","floor":24,"turns":4},{"damage":0,"enemies":"Chosen","floor":25,"turns":2}],"seed_played":"-2723904643770054987","potions_obtained":[{"floor":3,"key":"GamblersBrew"},{"floor":10,"key":"Energy Potion"},{"floor":11,"key":"Weak Potion"},{"floor":19,"key":"Fire Potion"},{"floor":24,"key":"Block Potion"}],"is_trial":false,"path_per_floor":["M","M","M","?","?","E","$","R","T","E","M","M","M","M","R","B",null,"M","?","?","T","$","R","E","M"],"character_chosen":"IRONCLAD","items_purchased":["Apotheosis","Vajra"],"campfire_rested":1,"item_purchase_floors":[7,22],"current_hp_per_floor":[80,80,80,80,64,45,45,45,45,28,30,32,38,42,42,22,80,84,48,48,48,48,73,45,45],"gold":167,"neow_bonus":"THREE_CARDS","is_prod":false,"is_daily":false,"chose_seed":false,"campfire_upgraded":1,"win_rate":0,"timestamp":1548722367,"path_taken":["M","M","M","?","?","E","?","R","T","E","M","M","M","M","R","BOSS","M","?","?","?","$","R","E","M"],"build_version":"2019-01-23","purchased_purges":0,"victory":false,"max_hp_per_floor":[80,80,80,80,80,80,80,80,80,80,80,80,80,80,80,80,80,84,84,84,84,84,84,84,84],"card_choices":[{"not_picked":["Havoc","Thunderclap"],"picked":"Shrug It Off","floor":0},{"not_picked":["Twin Strike","Dual Wield"],"picked":"Flame Barrier","floor":1},{"not_picked":["Thunderclap","Battle Trance"],"picked":"Shrug It Off","floor":2},{"not_picked":["Sword Boomerang","Carnage","Twin Strike"],"picked":"SKIP","floor":3},{"not_picked":["Sever Soul","Sword Boomerang","Bloodletting"],"picked":"SKIP","floor":6},{"not_picked":["Burning Pact","Flex"],"picked":"Blood for Blood","floor":10},{"not_picked":["Clash","Feel No Pain"],"picked":"Anger","floor":11},{"not_picked":["Armaments","Clash"],"picked":"Shrug It Off","floor":12},{"not_picked":["Sever Soul","Pommel Strike"],"picked":"Dual Wield","floor":13},{"not_picked":["Twin Strike","Reaper","Warcry"],"picked":"SKIP","floor":14},{"not_picked":["Double Tap","Impervious"],"picked":"Feed","floor":16},{"not_picked":["Spot Weakness","Perfected Strike+1"],"picked":"Rage","floor":18},{"not_picked":["Twin Strike","Cleave"],"picked":"Iron Wave","floor":19},{"not_picked":["Spot Weakness","Hemokinesis"],"picked":"Shrug It Off+1","floor":23},{"not_picked":["Clothesline+1","Disarm","True Grit"],"picked":"SKIP","floor":24}],"player_experience":385049,"relics_obtained":[{"floor":6,"key":"Pantograph"},{"floor":10,"key":"Dream Catcher"},{"floor":19,"key":"Red Mask"},{"floor":21,"key":"Red Skull"},{"floor":24,"key":"Mercury Hourglass"}],"event_choices":[{"damage_healed":0,"gold_gain":0,"player_choice":"Leave","damage_taken":0,"max_hp_gain":0,"max_hp_loss":0,"event_name":"The Cleric","floor":4,"gold_loss":0},{"damage_healed":0,"gold_gain":0,"player_choice":"Entered Light","damage_taken":16,"max_hp_gain":0,"max_hp_loss":0,"event_name":"Shining Light","floor":5,"gold_loss":0,"cards_upgraded":["Strike_R","Bash"]},{"damage_healed":0,"gold_gain":0,"player_choice":"Fought Bandits","damage_taken":0,"max_hp_gain":0,"max_hp_loss":0,"event_name":"Masked Bandits","floor":19,"gold_loss":0},{"damage_healed":0,"gold_gain":0,"player_choice":"Ignored","damage_taken":0,"max_hp_gain":0,"max_hp_loss":0,"event_name":"Ghosts","floor":20,"gold_loss":0}],"is_beta":false,"boss_relics":[{"not_picked":["Snecko Eye","Runic Pyramid"],"picked":"Pandora\u0027s Box"}],"items_purged_floors":[],"is_endless":false,"potions_floor_spawned":[3,10,11,12,19,24],"killed_by":"Chosen","ascension_level":0}