{"gold_per_floor":[112,123,139,153,45,45,70,70,97,109,139,151,188,210,222,311,323,308,35,46,59,77,77,102,152,152,152],"floor_reached":27,"playtime":1552,"items_purged":[],"score":491,"play_id":"72d6e917-a7ff-4a1e-a4aa-613f9f1da198","local_time":"20190308124330","is_ascension_mode":true,"campfire_choices":[{"data":"Footwork","floor":6.0,"key":"SMITH"},{"floor":12.0,"key":"REST"},{"floor":15.0,"key":"REST"},{"data":"Noxious Fumes","floor":23.0,"key":"SMITH"}],"neow_cost":"NONE","seed_source_timestamp":154390541156992,"circlet_count":0,"master_deck":["AscendersBane","Defend_G","Defend_G","Defend_G","Defend_G","Defend_G","Strike_G","Strike_G","Strike_G","Strike_G","Strike_G","Survivor","Neutralize","Deadly Poison","Leg Sweep","Flechettes","Bane","Footwork+1","PiercingWail","Bane","Noxious Fumes+1","Night Terror","PiercingWail","Burst","Normality"],"special_seed":0,"relics":["Ring of the Snake","Orichalcum","MawBank","FaceOfCleric","Snake Skull","Cursed Key","Meat on the Bone","Dodecahedron","Bottled Tornado"],"potions_floor_usage":[],"damage_taken":[{"damage":9.0,"enemies":"Cultist","floor":1.0,"turns":5.0},{"damage":9.0,"enemies":"2 Louse","floor":2.0,"turns":4.0},{"damage":0.0,"enemies":"Jaw Worm","floor":3.0,"turns":4.0},{"damage":10.0,"enemies":"Looter","floor":4.0,"turns":4.0},{"damage":20.0,"enemies":"Lagavulin","floor":7.0,"turns":8.0},{"damage":14.0,"enemies":"Large Slime","floor":11.0,"turns":9.0},{"damage":14.0,"enemies":"3 Sentries","floor":13.0,"turns":9.0},{"damage":12.0,"enemies":"Lots of Slimes","floor":14.0,"turns":6.0},{"damage":26.0,"enemies":"The Guardian","floor":16.0,"turns":11.0},{"damage":2.0,"enemies":"2 Thieves","floor":18.0,"turns":4.0},{"damage":9.0,"enemies":"Shell Parasite","floor":20.0,"turns":6.0},{"damage":7.0,"enemies":"Snake Plant","floor":21.0,"turns":6.0},{"damage":22.0,"enemies":"Sentry and Sphere","floor":22.0,"turns":6.0},{"damage":13.0,"enemies":"Gremlin Leader","floor":24.0,"turns":10.0},{"damage":40,"enemies":"Slavers","floor":27,"turns":3}],"seed_played":"7411758784330293370","potions_obtained":[{"floor":2.0,"key":"Fruit Juice"},{"floor":4.0,"key":"Swift Potion"},{"floor":7.0,"key":"PowerPotion"},{"floor":11.0,"key":"AttackPotion"},{"floor":14.0,"key":"Ancient Potion"},{"floor":20.0,"key":"Fire Potion"}],"is_trial":false,"path_per_floor":["M","M","M","M","$","R","E","?","T","?","M","R","E","M","R","B",null,"M","$","M","M","M","R","E","?","T","E"],"character_chosen":"THE_SILENT","items_purchased":["Footwork","PiercingWail","Meat on the Bone"],"campfire_rested":2,"item_purchase_floors":[5,5,19],"current_hp_per_floor":[56,52,52,42,42,42,22,22,22,22,9,32,19,8,32,7,63,62,62,54,48,39,39,39,39,39,0],"gold":152,"neow_bonus":"TEN_PERCENT_HP_BONUS","is_prod":false,"is_daily":false,"chose_seed":false,"campfire_upgraded":2,"win_rate":0,"timestamp":1552045410,"path_taken":["M","M","M","M","$","R","E","?","T","?","M","R","E","?","R","BOSS","M","$","M","M","M","R","E","?","T","E"],"build_version":"2019-01-23","purchased_purges":0,"victory":false,"max_hp_per_floor":[72,77,77,77,77,77,77,77,77,77,78,78,79,80,80,81,81,82,82,83,84,85,85,86,86,86,86],"card_choices":[{"not_picked":["Blade Dance","Prepared"],"picked":"Deadly Poison","floor":1.0},{"not_picked":["Acrobatics","Dagger Throw"],"picked":"Leg Sweep","floor":2.0},{"not_picked":["Predator","Masterful Stab"],"picked":"Flechettes","floor":3.0},{"not_picked":["Flying Knee","Underhanded Strike"],"picked":"Bane","floor":4.0},{"not_picked":["Choke","Prepared"],"picked":"Bane","floor":7.0},{"not_picked":["Choke","Outmaneuver"],"picked":"Noxious Fumes","floor":11.0},{"not_picked":["Leg Sweep","Poisoned Stab"],"picked":"Night Terror","floor":13.0},{"not_picked":["Poisoned Stab","Footwork"],"picked":"PiercingWail","floor":14.0},{"not_picked":["Tools of the Trade","Unload"],"picked":"Burst","floor":16.0},{"not_picked":["Blade Dance","Underhanded Strike","Accuracy"],"picked":"SKIP","floor":18.0},{"not_picked":["Deadly Poison","Quick Slash+1","Blade Dance+1"],"picked":"SKIP","floor":20.0},{"not_picked":["Underhanded Strike","Dash","Slice"],"picked":"SKIP","floor":21.0},{"not_picked":["Outmaneuver","Dagger Throw","Slice"],"picked":"SKIP","floor":22.0},{"not_picked":["Noxious Fumes","Distraction","Prepared+1"],"picked":"SKIP","floor":24.0}],"player_experience":934481,"relics_obtained":[{"floor":7.0,"key":"Orichalcum"},{"floor":9.0,"key":"MawBank"},{"floor":13.0,"key":"Snake Skull"},{"floor":24.0,"key":"Dodecahedron"},{"floor":26.0,"key":"Bottled Tornado"}],"event_choices":[{"damage_healed":0.0,"max_hp_gain":0.0,"max_hp_loss":0.0,"gold_gain":0.0,"event_name":"Liars Game","player_choice":"Ignored","floor":8.0,"gold_loss":0.0,"damage_taken":0.0},{"damage_healed":0.0,"max_hp_gain":0.0,"max_hp_loss":0.0,"gold_gain":0.0,"event_name":"FaceTrader","player_choice":"Trade","floor":10.0,"gold_loss":0.0,"damage_taken":0.0,"relics_obtained":["FaceOfCleric"]},{"damage_healed":0.0,"max_hp_gain":0.0,"max_hp_loss":0.0,"gold_gain":50.0,"event_name":"Nest","player_choice":"Stole From Cult","floor":25.0,"gold_loss":0.0,"damage_taken":0.0}],"is_beta":false,"boss_relics":[{"not_picked":["Eternal Feather","Tiny House"],"picked":"Cursed Key"}],"items_purged_floors":[],"is_endless":false,"potions_floor_spawned":[2,4,7,11,14,20],"killed_by":"Slavers","ascension_level":18}