{"gold_per_floor":[118,118,118,83,94,94,128,128,155,175,190,201,201,25,25,128,128,148,148],"floor_reached":19,"playtime":1372,"items_purged":[],"score":167,"play_id":"cd632fd9-8761-4206-87a8-796225c1f246","local_time":"20190209181152","is_ascension_mode":false,"campfire_choices":[{"floor":6,"key":"RECALL"},{"floor":8,"key":"REST"},{"floor":13,"key":"REST"},{"floor":15,"key":"REST"}],"neow_cost":"PERCENT_DAMAGE","seed_source_timestamp":290818130005385,"circlet_count":0,"master_deck":["Strike_B","Strike_B","Strike_B","Defend_B+1","Defend_B+1","Defend_B","Zap","Dualcast","Tempest","Stack","Thunder Strike","Stack","Genetic Algorithm","Mind Blast","Storm","Thunder Strike","Undo+1","Doom and Gloom+1","Defragment+1","Redo"],"relics":["Cracked Core","WingedGreaves","Kunai","Orichalcum","War Paint","Astrolabe"],"potions_floor_usage":[16,16],"damage_taken":[{"damage":1,"enemies":"Cultist","floor":1,"turns":3},{"damage":1,"enemies":"Jaw Worm","floor":5,"turns":4},{"damage":45,"enemies":"Lagavulin","floor":7,"turns":7},{"damage":4,"enemies":"2 Louse","floor":10,"turns":3},{"damage":4,"enemies":"Exordium Wildlife","floor":11,"turns":4},{"damage":1,"enemies":"2 Fungi Beasts","floor":12,"turns":3},{"damage":42,"enemies":"Hexaghost","floor":16,"turns":10},{"damage":34,"enemies":"3 Byrds","floor":18,"turns":6},{"damage":51,"enemies":"Colosseum Slavers","floor":19,"turns":4}],"seed_played":"-1432567171008337422","potions_obtained":[{"floor":5,"key":"Dexterity Potion"},{"floor":7,"key":"GamblersBrew"},{"floor":12,"key":"PowerPotion"},{"floor":18,"key":"Strength Potion"}],"is_trial":false,"path_per_floor":["M","?","?","?","M","R","E","R","T","M","M","M","R","$","R","B",null,"M","?"],"character_chosen":"DEFECT","items_purchased":["Mind Blast","Storm"],"campfire_rested":3,"item_purchase_floors":[14,14],"current_hp_per_floor":[53,35,35,53,52,52,7,29,29,25,21,20,42,42,64,22,75,41,0],"gold":148,"neow_bonus":"ONE_RARE_RELIC","is_prod":false,"is_daily":false,"chose_seed":false,"campfire_upgraded":0,"win_rate":0,"timestamp":1549771912,"path_taken":["M","?","?","?","?","R","E","R","T","M","M","M","R","$","R","BOSS","M","?"],"build_version":"2019-01-23","purchased_purges":0,"victory":false,"max_hp_per_floor":[75,75,75,75,75,75,75,75,75,75,75,75,75,75,75,75,75,75,75],"card_choices":[{"not_picked":["Go for the Eyes","Consume"],"picked":"Tempest","floor":1},{"not_picked":["Hologram","Loop"],"picked":"Stack","floor":5},{"not_picked":["Ball Lightning","Doom and Gloom"],"picked":"Thunder Strike","floor":7},{"not_picked":["Gash","Auto Shields"],"picked":"Heatsinks","floor":10},{"not_picked":["Barrage","Steam"],"picked":"Stack","floor":11},{"not_picked":["FTL","Darkness"],"picked":"Genetic Algorithm","floor":12},{"not_picked":["Hyperbeam","Machine Learning"],"picked":"Thunder Strike","floor":16},{"not_picked":["Melter","Rebound"],"picked":"Redo","floor":18}],"player_experience":403779,"relics_obtained":[{"floor":7,"key":"Orichalcum"},{"floor":9,"key":"War Paint"}],"event_choices":[{"damage_healed":0,"gold_gain":0,"player_choice":"Success","damage_taken":18,"relics_obtained":["Kunai"],"max_hp_gain":0,"max_hp_loss":0,"event_name":"Scrap Ooze","floor":2,"gold_loss":0},{"damage_healed":0,"gold_gain":0,"cards_transformed":["Defend_B"],"player_choice":"Change","damage_taken":0,"max_hp_gain":0,"max_hp_loss":0,"event_name":"Living Wall","floor":3,"gold_loss":0,"cards_obtained":["Cold Snap"]},{"damage_healed":18,"gold_gain":0,"player_choice":"Healed","damage_taken":0,"max_hp_gain":0,"max_hp_loss":0,"event_name":"The Cleric","floor":4,"gold_loss":35},{"damage_healed":0,"gold_gain":0,"player_choice":"Fight","damage_taken":0,"max_hp_gain":0,"max_hp_loss":0,"event_name":"Colosseum","floor":19,"gold_loss":0}],"is_beta":false,"boss_relics":[{"not_picked":["Runic Dome","Fusion Hammer"],"picked":"Astrolabe"}],"items_purged_floors":[],"is_endless":false,"potions_floor_spawned":[5,7,12,18],"killed_by":"Colosseum Slavers","ascension_level":0}