{"gold_per_floor":[119,119,69,69,84,84,84,84,84,117,55,55,73,98,98,98],"floor_reached":16,"playtime":152,"items_purged":[],"score":123,"play_id":"47fa3b8e-b40f-466e-b55f-7d95a7b7cf76","local_time":"20190104002908","is_ascension_mode":false,"campfire_choices":[{"data":"Quick Slash","floor":6,"key":"SMITH"},{"data":"Sucker Punch","floor":8,"key":"SMITH"},{"floor":15,"key":"REST"}],"neow_cost":"NONE","seed_source_timestamp":26986877541614,"circlet_count":0,"master_deck":["Defend_G","Defend_G","Defend_G","Defend_G","Strike_G","Strike_G","Strike_G","Strike_G","Strike_G","Survivor","Neutralize","Quick Slash+1","Sucker Punch+1","Escape Plan","Noxious Fumes","Noxious Fumes"],"relics":["Ring of the Snake","NeowsBlessing","Golden Idol","Matryoshka","MawBank","Darkstone Periapt","Happy Flower"],"potions_floor_usage":[],"damage_taken":[{"damage":0,"enemies":"Cultist","floor":1,"turns":1},{"damage":0,"enemies":"2 Louse","floor":5,"turns":1},{"damage":0,"enemies":"Lagavulin","floor":10,"turns":1},{"damage":8,"enemies":"Jaw Worm","floor":13,"turns":3},{"damage":6,"enemies":"Large Slime","floor":14,"turns":4},{"damage":0,"enemies":"The Guardian","floor":16,"turns":1}],"seed_played":"4478099178240910446","potions_obtained":[{"floor":1,"key":"Weak Potion"},{"floor":10,"key":"SpeedPotion"}],"is_trial":false,"path_per_floor":["M","?","?","$","M","R","?","R","T","E","$","T","M","M","R","B"],"character_chosen":"THE_SILENT","items_purchased":["Escape Plan"],"campfire_rested":1,"item_purchase_floors":[11],"current_hp_per_floor":[70,75,75,75,75,75,57,57,57,57,57,57,49,43,65,65],"gold":98,"neow_bonus":"THREE_ENEMY_KILL","is_prod":false,"is_daily":false,"chose_seed":false,"campfire_upgraded":2,"win_rate":0,"timestamp":1546568948,"path_taken":["M","?","?","?","M","R","?","R","T","E","$","?","M","M","R","BOSS"],"build_version":"2019-01-03","purchased_purges":0,"victory":false,"max_hp_per_floor":[70,75,75,75,75,75,75,75,75,75,75,75,75,75,75,75],"card_choices":[{"not_picked":["Acrobatics","Blade Dance"],"picked":"Quick Slash","floor":1},{"not_picked":["Dodge and Roll","Flying Knee"],"picked":"Sucker Punch","floor":5},{"not_picked":["PiercingWail","Outmaneuver","Deflect"],"picked":"SKIP","floor":10},{"not_picked":["Underhanded Strike","Bouncing Flask"],"picked":"Noxious Fumes","floor":13},{"not_picked":["Quick Slash","PiercingWail"],"picked":"Noxious Fumes","floor":14}],"player_experience":668296,"relics_obtained":[{"floor":9,"key":"Matryoshka"},{"floor":10,"key":"MawBank"},{"floor":12,"key":"Darkstone Periapt"},{"floor":12,"key":"Happy Flower"}],"event_choices":[{"damage_healed":0,"gold_gain":0,"player_choice":"Donut","damage_taken":0,"max_hp_gain":5,"max_hp_loss":0,"event_name":"Big Fish","floor":2,"gold_loss":0},{"cards_removed":["Defend_G"],"damage_healed":0,"gold_gain":0,"player_choice":"Card Removal","damage_taken":0,"max_hp_gain":0,"max_hp_loss":0,"event_name":"The Cleric","floor":3,"gold_loss":50},{"damage_healed":0,"gold_gain":0,"player_choice":"Take Damage","damage_taken":18,"relics_obtained":["Golden Idol"],"max_hp_gain":0,"max_hp_loss":0,"event_name":"Golden Idol","floor":7,"gold_loss":0}],"is_beta":false,"boss_relics":[],"items_purged_floors":[],"is_endless":false,"potions_floor_spawned":[1,10],"killed_by":"The Guardian","ascension_level":0}