{"gold_per_floor":[110,125,90,90,109,109,129,149,172,182,212,212,238,255,255,255],"floor_reached":16,"playtime":430,"items_purged":[],"score":202,"play_id":"13594349-5ff8-43ac-a4c9-69090aef41b7","local_time":"20190227153112","is_ascension_mode":true,"campfire_choices":[{"data":"Limit Break","floor":6,"key":"SMITH"},{"floor":15,"key":"REST"}],"neow_cost":"PERCENT_DAMAGE","seed_source_timestamp":631171077817164,"circlet_count":0,"master_deck":["AscendersBane","Strike_R","Strike_R","Strike_R","Strike_R","Defend_R","Defend_R+1","Defend_R+1","Defend_R","Bash","Limit Break+1","Whirlwind","Anger","Heavy Blade","Spot Weakness+1","Infernal Blade","Headbutt"],"relics":["Burning Blood","Odd Mushroom","Bronze Scales","War Paint","Paper Frog"],"potions_floor_usage":[7,7,13,16],"damage_taken":[{"damage":11,"enemies":"Cultist","floor":1,"turns":4},{"damage":0,"enemies":"Small Slimes","floor":2,"turns":2},{"damage":0,"enemies":"2 Louse","floor":5,"turns":1},{"damage":19,"enemies":"The Mushroom Lair","floor":7,"turns":3},{"damage":21,"enemies":"Looter","floor":8,"turns":4},{"damage":0,"enemies":"Gremlin Gang","floor":10,"turns":2},{"damage":34,"enemies":"Gremlin Nob","floor":11,"turns":4},{"damage":10,"enemies":"3 Sentries","floor":13,"turns":4},{"damage":20,"enemies":"Exordium Thugs","floor":14,"turns":2},{"damage":33,"enemies":"Hexaghost","floor":16,"turns":7}],"seed_played":"5011862819744586280","potions_obtained":[{"floor":1,"key":"Weak Potion"},{"floor":5,"key":"Swift Potion"},{"floor":10,"key":"Explosive Potion"},{"floor":14,"key":"PowerPotion"}],"is_trial":false,"path_per_floor":["M","M","?","?","M","R","?","M","T","M","E","?","E","M","R","B"],"character_chosen":"IRONCLAD","items_purchased":[],"campfire_rested":1,"item_purchase_floors":[],"current_hp_per_floor":[45,51,69,69,75,75,62,47,47,53,25,25,21,7,29,0],"gold":255,"neow_bonus":"THREE_RARE_CARDS","is_prod":false,"is_daily":false,"chose_seed":false,"campfire_upgraded":1,"win_rate":0,"timestamp":1551317472,"path_taken":["M","M","?","?","?","R","?","M","T","M","E","?","E","M","R","BOSS"],"build_version":"2019-01-23","purchased_purges":0,"victory":false,"max_hp_per_floor":[75,75,75,75,75,75,75,75,75,75,75,75,75,75,75,75],"card_choices":[{"not_picked":["Dark Embrace","Fiend Fire"],"picked":"Limit Break","floor":0},{"not_picked":["Sword Boomerang","Shockwave"],"picked":"Whirlwind","floor":1},{"not_picked":["Bloodletting","Perfected Strike"],"picked":"Anger","floor":2},{"not_picked":["Rupture","Perfected Strike","Corruption"],"picked":"SKIP","floor":5},{"not_picked":["Armaments","True Grit"],"picked":"Heavy Blade","floor":7},{"not_picked":["Warcry","Anger"],"picked":"Spot Weakness","floor":8},{"not_picked":["Armaments","Anger","Wild Strike"],"picked":"SKIP","floor":10},{"not_picked":["Body Slam","Rampage","Heavy Blade"],"picked":"SKIP","floor":11},{"not_picked":["Whirlwind","Brutality"],"picked":"Infernal Blade","floor":13},{"not_picked":["Disarm","Whirlwind"],"picked":"Headbutt","floor":14}],"player_experience":473005,"relics_obtained":[{"floor":7,"key":"Odd Mushroom"},{"floor":9,"key":"Bronze Scales"},{"floor":11,"key":"War Paint"},{"floor":13,"key":"Paper Frog"}],"event_choices":[{"damage_healed":18,"gold_gain":0,"player_choice":"Healed","damage_taken":0,"max_hp_gain":0,"max_hp_loss":0,"event_name":"The Cleric","floor":3,"gold_loss":35},{"cards_removed":["Strike_R"],"damage_healed":0,"gold_gain":0,"player_choice":"Purged","damage_taken":0,"max_hp_gain":0,"max_hp_loss":0,"event_name":"Purifier","floor":4,"gold_loss":0},{"damage_healed":0,"gold_gain":0,"player_choice":"Fought Mushrooms","damage_taken":0,"max_hp_gain":0,"max_hp_loss":0,"event_name":"Mushrooms","floor":7,"gold_loss":0},{"damage_healed":0,"gold_gain":0,"player_choice":"Forge","damage_taken":0,"max_hp_gain":0,"max_hp_loss":0,"event_name":"Accursed Blacksmith","floor":12,"gold_loss":0,"cards_upgraded":["Spot Weakness"]}],"is_beta":false,"boss_relics":[],"items_purged_floors":[],"is_endless":false,"potions_floor_spawned":[1,5,10,14],"killed_by":"Hexaghost","ascension_level":16}