{"gold_per_floor":[17,17,30,49,65,124,140,171,196,224,236,236,38,38,38,140,140,157,171,188,33,33,33,46,58,84,84,9,9,26,36,36,36],"floor_reached":33,"playtime":2005,"items_purged":[],"score":523,"play_id":"2ec9427a-b1e1-4932-b725-add2722175c7","local_time":"20181024190526","is_ascension_mode":true,"campfire_choices":[{"data":"Creative AI","floor":12,"key":"SMITH"},{"data":"Ball Lightning","floor":15,"key":"SMITH"},{"data":"Hologram","floor":23,"key":"SMITH"},{"data":"Hologram","floor":27,"key":"SMITH"},{"data":"Ball Lightning","floor":29,"key":"SMITH"},{"data":"Seek","floor":32,"key":"SMITH"}],"neow_cost":"NO_GOLD","seed_source_timestamp":3872972565948,"circlet_count":0,"master_deck":["Strike_B","Strike_B","Strike_B","Strike_B","Defend_B","Defend_B","Defend_B","Defend_B","Zap","Dualcast","AscendersBane","Ball Lightning+1","Ball Lightning+1","Cold Snap","Creative AI+1","Cold Snap","Conserve Battery","Leap","Hologram+1","Seek+1","Go for the Eyes","Go for the Eyes+1","FTL","Finesse","Hologram+1","Leap","Amplify","Conserve Battery+1"],"relics":["Cracked Core","FossilizedHelix","Tiny Chest","Mango","Boot","Anchor","PreservedInsect","Cursed Key","Oddly Smooth Stone"],"potions_floor_usage":[2,5,5,6,10,24,24,33],"damage_taken":[{"damage":0,"enemies":"Jaw Worm","floor":1,"turns":3},{"damage":0,"enemies":"Cultist","floor":3,"turns":4},{"damage":0,"enemies":"2 Louse","floor":4,"turns":2},{"damage":11,"enemies":"Exordium Thugs","floor":5,"turns":3},{"damage":0,"enemies":"Gremlin Nob","floor":6,"turns":3},{"damage":1,"enemies":"Blue Slaver","floor":7,"turns":3},{"damage":18,"enemies":"Lagavulin","floor":8,"turns":5},{"damage":0,"enemies":"Gremlin Nob","floor":10,"turns":3},{"damage":5,"enemies":"Lots of Slimes","floor":11,"turns":4},{"damage":40,"enemies":"The Guardian","floor":16,"turns":16},{"damage":4,"enemies":"Shell Parasite","floor":18,"turns":7},{"damage":12,"enemies":"3 Byrds","floor":19,"turns":4},{"damage":22,"enemies":"Centurion and Healer","floor":20,"turns":10},{"damage":8,"enemies":"Snake Plant","floor":24,"turns":3},{"damage":13,"enemies":"Shelled Parasite and Fungi","floor":25,"turns":6},{"damage":0,"enemies":"Centurion and Healer","floor":30,"turns":9},{"damage":14,"enemies":"Sentry and Sphere","floor":31,"turns":6},{"damage":84,"enemies":"Collector","floor":33,"turns":7}],"seed_played":"-2051021712851409168","potions_obtained":[{"floor":2,"key":"Fruit Juice"},{"floor":2,"key":"FocusPotion"},{"floor":2,"key":"SkillPotion"},{"floor":5,"key":"Fruit Juice"},{"floor":6,"key":"Explosive Potion"},{"floor":10,"key":"Dexterity Potion"},{"floor":18,"key":"Fire Potion"},{"floor":20,"key":"Fire Potion"},{"floor":31,"key":"Regen Potion"}],"is_trial":false,"path_per_floor":["M","?","M","M","M","E","M","E","T","E","M","R","$","?","R","B",null,"M","M","M","$","?","R","M","M","T","R","?","R","M","M","R"],"character_chosen":"DEFECT","items_purchased":["PreservedInsect","Hologram","FTL","Finesse"],"campfire_rested":0,"item_purchase_floors":[13,13,21,21],"current_hp_per_floor":[68,73,73,73,67,67,66,62,62,62,57,57,57,57,57,17,79,75,63,41,41,99,99,91,78,78,78,78,78,78,64,64,0],"gold":36,"neow_bonus":"ONE_RARE_RELIC","is_prod":false,"is_daily":false,"chose_seed":false,"campfire_upgraded":6,"win_rate":0,"timestamp":1540415126,"path_taken":["M","?","M","M","M","E","M","E","T","E","M","R","$","?","R","BOSS","M","M","M","?","?","R","?","M","T","R","?","R","M","M","R","BOSS"],"build_version":"2018-10-18","purchased_purges":0,"victory":false,"max_hp_per_floor":[75,80,80,80,85,85,85,99,99,99,99,99,99,99,99,99,99,99,99,99,99,99,99,99,99,99,99,99,99,99,99,99,99],"card_choices":[{"not_picked":["Gash","Compile Driver"],"picked":"Ball Lightning","floor":1},{"not_picked":["Gash","Cold Snap"],"picked":"Ball Lightning","floor":3},{"not_picked":["Stack","Scrape","Force Field"],"picked":"SKIP","floor":4},{"not_picked":["Steam","Steam Power"],"picked":"Cold Snap","floor":5},{"not_picked":["Undo","Blizzard"],"picked":"Creative AI","floor":6},{"not_picked":["Fusion","Skim"],"picked":"Cold Snap","floor":7},{"not_picked":["Redo","Sweeping Beam"],"picked":"Conserve Battery","floor":8},{"not_picked":["Gash","Barrage"],"picked":"Leap","floor":10},{"not_picked":["Hyperbeam","Compile Driver","Barrage"],"picked":"SKIP","floor":11},{"not_picked":["Rainbow","Electrodynamics"],"picked":"Seek","floor":16},{"not_picked":["Steam Power","Recycle"],"picked":"FTL","floor":18},{"not_picked":["Compile Driver","Hello World"],"picked":"Go for the Eyes","floor":19},{"not_picked":["Beam Cell+1","Steam"],"picked":"Go for the Eyes+1","floor":20},{"not_picked":["Consume","Tempest+1"],"picked":"Hologram","floor":24},{"not_picked":["Melter","Sweeping Beam"],"picked":"Leap","floor":25},{"not_picked":["Static Discharge+1","Lockon"],"picked":"Amplify","floor":30},{"not_picked":["Leap","Gash"],"picked":"Conserve Battery+1","floor":31}],"player_experience":593623,"relics_obtained":[{"floor":6,"key":"Tiny Chest"},{"floor":8,"key":"Mango"},{"floor":9,"key":"Boot"},{"floor":10,"key":"Anchor"},{"floor":26,"key":"Oddly Smooth Stone"}],"event_choices":[{"damage_healed":0,"gold_gain":0,"player_choice":"Got Potions","damage_taken":0,"max_hp_gain":0,"max_hp_loss":0,"event_name":"The Lab","floor":2,"gold_loss":0},{"damage_healed":0,"gold_gain":0,"player_choice":"Ignored","damage_taken":0,"max_hp_gain":0,"max_hp_loss":0,"event_name":"Liars Game","floor":14,"gold_loss":0},{"cards_removed":["FTL"],"damage_healed":58,"gold_gain":0,"player_choice":"Offered Uncommon","damage_taken":0,"max_hp_gain":0,"max_hp_loss":0,"event_name":"Bonfire Elementals","floor":22,"gold_loss":0},{"cards_removed":["Writhe"],"damage_healed":0,"gold_gain":0,"player_choice":"Gave Gold","damage_taken":0,"max_hp_gain":0,"max_hp_loss":0,"event_name":"Beggar","floor":28,"gold_loss":75}],"is_beta":false,"boss_relics":[{"not_picked":["White Beast Statue","Velvet Choker"],"picked":"Cursed Key"}],"items_purged_floors":[],"is_endless":false,"potions_floor_spawned":[4,5,6,10,18,20,31],"killed_by":"Collector","ascension_level":11}