{"gold_per_floor":[311,329,329,343,418,418,451,463,463,481,509,509],"floor_reached":12,"playtime":472,"items_purged":[],"score":135,"play_id":"267f836a-ae92-4c16-8916-61472de8c2cd","local_time":"20190306235300","is_ascension_mode":true,"campfire_choices":[{"data":"Bash","floor":6,"key":"SMITH"}],"neow_cost":"NO_GOLD","seed_source_timestamp":35938818850347,"circlet_count":0,"master_deck":["AscendersBane","Strike_R","Strike_R","Strike_R","Strike_R","Strike_R","Defend_R","Defend_R","Defend_R","Defend_R","Bash+1","Intimidate","Shrug It Off","Thunderclap","Demon Form","Havoc","Shrug It Off"],"relics":["Burning Blood","Old Coin","Bag of Preparation","Gremlin Horn","Shuriken"],"potions_floor_usage":[7,11,11],"damage_taken":[{"damage":1,"enemies":"Cultist","floor":1,"turns":4},{"damage":10,"enemies":"Small Slimes","floor":2,"turns":4},{"damage":5,"enemies":"2 Louse","floor":4,"turns":4},{"damage":30,"enemies":"Gremlin Nob","floor":7,"turns":5},{"damage":7,"enemies":"Looter","floor":8,"turns":4},{"damage":32,"enemies":"Large Slime","floor":10,"turns":9},{"damage":13,"enemies":"Lagavulin","floor":11,"turns":6},{"damage":8,"enemies":"Exordium Thugs","floor":12,"turns":3}],"seed_played":"-7584863695356750945","potions_obtained":[{"floor":1,"key":"SpeedPotion"},{"floor":8,"key":"Strength Potion"},{"floor":10,"key":"Dexterity Potion"}],"is_trial":false,"path_per_floor":["M","M","?","M","?","R","E","M","T","M","E","M"],"character_chosen":"IRONCLAD","items_purchased":[],"campfire_rested":0,"item_purchase_floors":[],"current_hp_per_floor":[77,73,78,79,68,68,44,43,43,17,10,2],"gold":509,"neow_bonus":"ONE_RARE_RELIC","is_prod":false,"is_daily":false,"chose_seed":false,"campfire_upgraded":1,"win_rate":0,"timestamp":1551927180,"path_taken":["M","M","?","M","?","R","E","M","T","M","E","M"],"build_version":"2019-01-23","purchased_purges":0,"victory":false,"max_hp_per_floor":[80,80,85,85,85,85,85,85,85,85,85,85],"card_choices":[{"not_picked":["Shockwave","Perfected Strike"],"picked":"Intimidate","floor":1},{"not_picked":["Rupture","Reckless Charge"],"picked":"Shrug It Off","floor":2},{"not_picked":["Wild Strike","Combust"],"picked":"Thunderclap","floor":4},{"not_picked":["Bloodletting","Sword Boomerang"],"picked":"Demon Form","floor":7},{"not_picked":["Seeing Red","Iron Wave"],"picked":"Havoc","floor":8},{"not_picked":["Rupture","Power Through","Wild Strike"],"picked":"SKIP","floor":10},{"not_picked":["Perfected Strike","Warcry"],"picked":"Shrug It Off","floor":11}],"player_experience":704937,"relics_obtained":[{"floor":7,"key":"Bag of Preparation"},{"floor":9,"key":"Gremlin Horn"},{"floor":11,"key":"Shuriken"}],"event_choices":[{"damage_healed":0,"gold_gain":0,"player_choice":"Donut","damage_taken":0,"max_hp_gain":5,"max_hp_loss":0,"event_name":"Big Fish","floor":3,"gold_loss":0},{"damage_healed":0,"gold_gain":75,"player_choice":"Gather Gold","damage_taken":11,"max_hp_gain":0,"max_hp_loss":0,"event_name":"World of Goop","floor":5,"gold_loss":0}],"is_beta":false,"boss_relics":[],"items_purged_floors":[],"is_endless":false,"potions_floor_spawned":[1,8,10],"killed_by":"Exordium Thugs","ascension_level":10}