{"gold_per_floor":[115,115,134,148,161,161,173,448,527,537,550,563,563,0,0,77,77,96,96,113,38,38],"floor_reached":22,"playtime":2108,"items_purged":["Regret"],"score":383,"play_id":"61b46819-c6ff-4cb6-94df-ac81d30e1882","local_time":"20190301140414","is_ascension_mode":true,"campfire_choices":[{"floor":6,"key":"REST"},{"floor":13,"key":"REST"},{"floor":15,"key":"REST"}],"neow_cost":"NONE","seed_source_timestamp":18166739635595,"circlet_count":0,"master_deck":["AscendersBane","Strike_R","Strike_R","Strike_R","Strike_R","Defend_R","Defend_R","Defend_R+1","Defend_R","Bash+1","Feed","Flame Barrier","Whirlwind","Rampage","Shrug It Off","Armaments","Double Tap","Spot Weakness","Apotheosis","Limit Break","Clothesline"],"relics":["Burning Blood","The Courier","Meat on the Bone","Black Star"],"potions_floor_usage":[7,16,20],"damage_taken":[{"damage":1,"enemies":"2 Louse","floor":1,"turns":4},{"damage":0,"enemies":"Jaw Worm","floor":3,"turns":4},{"damage":9,"enemies":"Cultist","floor":4,"turns":5},{"damage":8,"enemies":"Looter","floor":5,"turns":5},{"damage":25,"enemies":"Exordium Thugs","floor":7,"turns":5},{"damage":22,"enemies":"Large Slime","floor":10,"turns":5},{"damage":8,"enemies":"Looter","floor":11,"turns":3},{"damage":29,"enemies":"Exordium Thugs","floor":12,"turns":7},{"damage":13,"enemies":"Slime Boss","floor":16,"turns":10},{"damage":41,"enemies":"Spheric Guardian","floor":18,"turns":6},{"damage":59,"enemies":"Chosen","floor":20,"turns":6},{"damage":53,"enemies":"Centurion and Healer","floor":22,"turns":7}],"seed_played":"6900738141496706749","potions_obtained":[{"floor":1,"key":"AttackPotion"},{"floor":3,"key":"Dexterity Potion"},{"floor":10,"key":"Energy Potion"}],"is_trial":false,"path_per_floor":["M","?","M","M","M","R","M","?","T","M","M","M","R","$","R","B",null,"M","$","M","?","M"],"character_chosen":"IRONCLAD","items_purchased":["Double Tap","Spot Weakness","Apotheosis","Meat on the Bone"],"campfire_rested":3,"item_purchase_floors":[14,14,14,14],"current_hp_per_floor":[76,53,62,62,63,87,71,71,71,58,59,39,68,68,97,94,101,70,70,33,33,0],"gold":38,"neow_bonus":"ONE_RANDOM_RARE_CARD","is_prod":false,"is_daily":false,"chose_seed":false,"campfire_upgraded":0,"win_rate":0,"timestamp":1551485054,"path_taken":["M","?","M","M","M","R","M","?","T","M","M","?","R","$","R","BOSS","M","$","M","?","M"],"build_version":"2019-01-23","purchased_purges":1,"victory":false,"max_hp_per_floor":[78,78,81,84,87,87,90,90,90,93,96,99,99,99,99,103,103,107,107,111,111,111],"card_choices":[{"not_picked":["Inflame","Wild Strike"],"picked":"Flame Barrier","floor":1},{"not_picked":["Pommel Strike","Flex"],"picked":"Whirlwind","floor":3},{"not_picked":["Feel No Pain","True Grit","Carnage"],"picked":"SKIP","floor":4},{"not_picked":["Seeing Red","Warcry"],"picked":"Rampage","floor":5},{"not_picked":["Pummel","Sword Boomerang"],"picked":"Shrug It Off","floor":7},{"not_picked":["Shrug It Off","Sword Boomerang"],"picked":"Armaments","floor":10},{"not_picked":["Havoc","Pummel","Anger"],"picked":"SKIP","floor":11},{"not_picked":["Iron Wave","Twin Strike","Rage"],"picked":"SKIP","floor":12},{"not_picked":["Berserk","Exhume"],"picked":"Limit Break","floor":16},{"not_picked":["Cleave","Armaments+1"],"picked":"Clothesline","floor":18},{"not_picked":["Cleave","Hemokinesis","Twin Strike+1"],"picked":"SKIP","floor":20}],"player_experience":485739,"relics_obtained":[{"floor":9,"key":"The Courier"}],"event_choices":[{"damage_healed":0,"gold_gain":0,"player_choice":"Entered Light","damage_taken":23,"max_hp_gain":0,"max_hp_loss":0,"event_name":"Shining Light","floor":2,"gold_loss":0,"cards_upgraded":["Defend_R","Bash"]},{"damage_healed":0,"gold_gain":275,"player_choice":"Desecrate","damage_taken":0,"max_hp_gain":0,"max_hp_loss":0,"event_name":"Golden Shrine","floor":8,"gold_loss":0,"cards_obtained":["Regret"]},{"cards_removed":["Strike_R"],"damage_healed":0,"gold_gain":0,"player_choice":"Gave Gold","damage_taken":0,"max_hp_gain":0,"max_hp_loss":0,"event_name":"Beggar","floor":21,"gold_loss":75}],"is_beta":false,"boss_relics":[{"not_picked":["Ectoplasm","Mark of Pain"],"picked":"Black Star"}],"items_purged_floors":[14],"is_endless":false,"potions_floor_spawned":[1,3,5,10,12],"killed_by":"Centurion and Healer","ascension_level":17}