{"gold_per_floor":[15,30,30,50,15,41,54,66,66,66,136,69,69,80,80,175,175,187,197,197,127,97,97,117,149,149,63,63,83,83,93,93,192,192,209,209,228,246,256,256,288,288,334,334,85,85,98,118,118,118],"floor_reached":51,"playtime":4613,"items_purged":["Strike_B+1"],"score":674,"play_id":"b038a37d-7e7f-40d2-87a5-a9c2b9682705","local_time":"20190307004032","is_ascension_mode":false,"campfire_choices":[{"floor":10,"key":"REST"},{"data":"Streamline","floor":13,"key":"SMITH"},{"floor":15,"key":"REST"},{"floor":23,"key":"REST"},{"floor":28,"key":"REST"},{"floor":32,"key":"REST"},{"floor":40,"key":"REST"},{"floor":42,"key":"REST"},{"floor":46,"key":"REST"},{"floor":49,"key":"REST"}],"neow_cost":"NO_GOLD","seed_source_timestamp":855126012315595,"circlet_count":0,"master_deck":["Strike_B+1","Strike_B+1","Strike_B+1","Defend_B+1","Defend_B+1","Defend_B+1","Defend_B+1","Zap","Dualcast","Genetic Algorithm","Cold Snap","BootSequence","Redo","Coolheaded","Streamline+1","Hello World","Doom and Gloom","Buffer","Leap","Redo","Consume","Ball Lightning","Machine Learning","Bandage Up","Gash","RitualDagger","Storm","Biased Cognition","Steam Power+1","Master of Strategy","Steam","Static Discharge","Hologram","Sweeping Beam","Blizzard","Chill","Self Repair","Go for the Eyes","Conserve Battery+1"],"relics":["Cracked Core","Calipers","Juzu Bracelet","Meat on the Bone","Busted Crown","Pen Nib","Sundial","Inserter","Ornamental Fan","Regal Pillow"],"potions_floor_usage":[6,6,6,16,16,16,25,25,33,35,38,41,47,48,48,50,50,50,50],"damage_taken":[{"damage":7,"enemies":"Small Slimes","floor":1,"turns":3},{"damage":3,"enemies":"Jaw Worm","floor":2,"turns":3},{"damage":2,"enemies":"Cultist","floor":4,"turns":4},{"damage":22,"enemies":"Gremlin Nob","floor":6,"turns":5},{"damage":5,"enemies":"Looter","floor":7,"turns":4},{"damage":7,"enemies":"2 Fungi Beasts","floor":8,"turns":4},{"damage":4,"enemies":"Red Slaver","floor":14,"turns":3},{"damage":42,"enemies":"Slime Boss","floor":16,"turns":10},{"damage":16,"enemies":"3 Byrds","floor":18,"turns":5},{"damage":9,"enemies":"Chosen","floor":19,"turns":7},{"damage":12,"enemies":"Centurion and Healer","floor":24,"turns":6},{"damage":39,"enemies":"Book of Stabbing","floor":25,"turns":7},{"damage":18,"enemies":"Snecko","floor":29,"turns":6},{"damage":6,"enemies":"Snake Plant","floor":31,"turns":3},{"damage":35,"enemies":"Champ","floor":33,"turns":12},{"damage":35,"enemies":"3 Darklings","floor":35,"turns":5},{"damage":8,"enemies":"3 Shapes","floor":37,"turns":4},{"damage":28,"enemies":"Maw","floor":38,"turns":8},{"damage":30,"enemies":"Spire Growth","floor":39,"turns":8},{"damage":30,"enemies":"Nemesis","floor":41,"turns":7},{"damage":25,"enemies":"Transient","floor":47,"turns":5},{"damage":40,"enemies":"Sphere and 2 Shapes","floor":48,"turns":8},{"damage":69,"enemies":"Awakened One","floor":50,"turns":17}],"seed_played":"-1182305128644067519","potions_obtained":[{"floor":2,"key":"Block Potion"},{"floor":4,"key":"EntropicBrew"},{"floor":7,"key":"AttackPotion"},{"floor":22,"key":"Poison Potion"},{"floor":22,"key":"Swift Potion"},{"floor":24,"key":"SpeedPotion"},{"floor":25,"key":"SteroidPotion"},{"floor":29,"key":"Weak Potion"},{"floor":33,"key":"PowerPotion"},{"floor":35,"key":"EssenceOfSteel"},{"floor":41,"key":"EssenceOfSteel"},{"floor":44,"key":"Fire Potion"},{"floor":44,"key":"EntropicBrew"},{"floor":47,"key":"SpeedPotion"}],"is_trial":false,"path_per_floor":["M","M","$","M","?","E","M","M","T","R","?","$","R","M","R","B",null,"M","M","?","$","?","R","M","E","T","$","R","M","?","M","R","B",null,"M","?","M","M","M","R","E","R","T","?","$","R","M","M","R","B",null],"character_chosen":"DEFECT","items_purchased":["Hello World","Consume","Bandage Up","Blizzard","Chill","Self Repair"],"campfire_rested":9,"item_purchase_floors":[12,21,27,45,45,45],"current_hp_per_floor":[68,65,65,63,75,53,48,41,41,63,63,63,63,59,75,45,75,59,50,50,50,50,72,60,33,33,33,55,41,35,41,63,44,75,44,39,47,35,21,43,29,51,51,51,51,75,50,33,70,24],"gold":118,"neow_bonus":"ONE_RARE_RELIC","is_prod":false,"is_daily":false,"chose_seed":false,"campfire_upgraded":1,"win_rate":0.0,"timestamp":1551930032,"path_taken":["M","M","$","M","?","E","M","M","T","R","?","$","R","M","R","BOSS","M","M","?","$","?","R","M","E","T","$","R","M","?","M","R","BOSS","M","?","M","M","M","R","E","R","T","?","$","R","M","M","R","BOSS"],"build_version":"2019-01-23","purchased_purges":1,"victory":true,"max_hp_per_floor":[75,75,75,75,75,75,75,75,75,75,75,75,75,75,75,75,75,75,75,75,75,75,75,75,75,75,75,75,75,75,75,75,75,75,75,75,75,75,75,75,75,75,75,75,75,75,75,75,75,75],"card_choices":[{"not_picked":["Hologram","Steam Power"],"picked":"Genetic Algorithm","floor":1},{"not_picked":["Force Field","Steam Power"],"picked":"Cold Snap","floor":2},{"not_picked":["Ball Lightning","Beam Cell"],"picked":"BootSequence","floor":4},{"not_picked":["Loop","Fusion"],"picked":"Redo","floor":6},{"not_picked":["Barrage","Compile Driver"],"picked":"Coolheaded","floor":7},{"not_picked":["Hologram","Force Field"],"picked":"Streamline","floor":8},{"not_picked":["Fusion","Stack"],"picked":"Doom and Gloom","floor":14},{"not_picked":["Multi-Cast","Reboot"],"picked":"Buffer","floor":16},{"not_picked":[],"picked":"Leap","floor":18},{"not_picked":[],"picked":"Redo","floor":19},{"not_picked":[],"picked":"Ball Lightning","floor":24},{"not_picked":[],"picked":"Machine Learning","floor":25},{"not_picked":[],"picked":"Gash","floor":29},{"not_picked":[],"picked":"Storm","floor":31},{"not_picked":[],"picked":"Biased Cognition","floor":33},{"not_picked":[],"picked":"Steam Power+1","floor":35},{"not_picked":[],"picked":"Master of Strategy","floor":36},{"not_picked":[],"picked":"Steam","floor":37},{"not_picked":[],"picked":"Static Discharge","floor":38},{"not_picked":[],"picked":"Hologram","floor":39},{"not_picked":[],"picked":"Sweeping Beam","floor":41},{"not_picked":[],"picked":"Go for the Eyes","floor":47},{"not_picked":[],"picked":"Conserve Battery+1","floor":48}],"player_experience":5255,"relics_obtained":[{"floor":6,"key":"Juzu Bracelet"},{"floor":9,"key":"Meat on the Bone"},{"floor":25,"key":"Pen Nib"},{"floor":26,"key":"Sundial"},{"floor":41,"key":"Ornamental Fan"},{"floor":43,"key":"Regal Pillow"}],"event_choices":[{"damage_healed":18,"gold_gain":0,"player_choice":"Healed","damage_taken":0,"max_hp_gain":0,"max_hp_loss":0,"event_name":"The Cleric","floor":5,"gold_loss":35},{"damage_healed":0,"gold_gain":70,"player_choice":"Gained Gold","damage_taken":0,"max_hp_gain":0,"max_hp_loss":0,"event_name":"Golden Wing","floor":11,"gold_loss":0},{"damage_healed":0,"gold_gain":0,"player_choice":"Simplicity","damage_taken":0,"max_hp_gain":0,"max_hp_loss":0,"event_name":"Back to Basics","floor":20,"gold_loss":0,"cards_upgraded":["Strike_B","Strike_B","Strike_B","Strike_B","Defend_B","Defend_B","Defend_B","Defend_B"]},{"damage_healed":0,"gold_gain":0,"player_choice":"Bought 2 Potions","damage_taken":0,"max_hp_gain":0,"max_hp_loss":0,"event_name":"The Woman in Blue","floor":22,"gold_loss":0},{"damage_healed":0,"gold_gain":0,"player_choice":"Joined the Cult","damage_taken":6,"max_hp_gain":0,"max_hp_loss":0,"event_name":"Nest","floor":30,"gold_loss":0,"cards_obtained":["RitualDagger"]},{"damage_healed":0,"gold_gain":0,"player_choice":"Memory 2","damage_taken":5,"max_hp_gain":0,"max_hp_loss":0,"event_name":"SensoryStone","floor":36,"gold_loss":0},{"damage_healed":0,"gold_gain":0,"player_choice":"Got Potions","damage_taken":0,"max_hp_gain":0,"max_hp_loss":0,"event_name":"Lab","floor":44,"gold_loss":0}],"is_beta":false,"boss_relics":[{"not_picked":["Calling Bell","Coffee Dripper"],"picked":"Busted Crown"},{"not_picked":["Runic Dome","Snecko Eye"],"picked":"Inserter"}],"items_purged_floors":[45],"is_endless":false,"potions_floor_spawned":[2,4,7,14,24,25,29,33,35,41,47],"ascension_level":0}