{"gold_per_floor":[116,0,14,28,46,79,79,111,111,125,90,104,104,133,133,212,212,191,116,135,147,165,165,198,298,322,357,367,317,317,317],"floor_reached":31,"playtime":6585,"items_purged":["Strike_G"],"score":564,"play_id":"f28ce313-a558-44b6-815b-d50d5e0f5f93","local_time":"20190305164519","is_ascension_mode":true,"campfire_choices":[{"floor":13,"key":"REST"},{"floor":15,"key":"REST"},{"floor":23,"key":"REST"},{"floor":30,"key":"REST"}],"neow_cost":"NONE","seed_source_timestamp":305532897727794,"circlet_count":0,"master_deck":["AscendersBane","Defend_G","Defend_G","Defend_G","Defend_G","Defend_G","Strike_G","Strike_G","Strike_G","Survivor","Neutralize","Deadly Poison","Finisher","Noxious Fumes","Catalyst","Caltrops","PiercingWail","Glass Knife","Dash","After Image","Cloak And Dagger","Backstab","Endless Agony","Deadly Poison","Well Laid Plans"],"relics":["Ring of the Snake","PreservedInsect","Bag of Preparation","Gambling Chip","StoneCalendar","Tough Bandages","WristBlade","Dead Branch","FossilizedHelix","Sundial","Pen Nib","Ninja Scroll"],"potions_floor_usage":[5,6,6,10,24,24,27],"damage_taken":[{"damage":0,"enemies":"Cultist","floor":1,"turns":4},{"damage":0,"enemies":"2 Louse","floor":3,"turns":2},{"damage":4,"enemies":"Jaw Worm","floor":4,"turns":4},{"damage":24,"enemies":"3 Louse","floor":5,"turns":4},{"damage":8,"enemies":"Gremlin Nob","floor":6,"turns":3},{"damage":24,"enemies":"Lagavulin","floor":8,"turns":7},{"damage":1,"enemies":"Blue Slaver","floor":10,"turns":4},{"damage":8,"enemies":"2 Fungi Beasts","floor":12,"turns":4},{"damage":20,"enemies":"3 Sentries","floor":14,"turns":6},{"damage":27,"enemies":"Hexaghost","floor":16,"turns":8},{"damage":5,"enemies":"2 Thieves","floor":18,"turns":4},{"damage":0,"enemies":"Shell Parasite","floor":20,"turns":6},{"damage":17,"enemies":"Snecko","floor":21,"turns":6},{"damage":4,"enemies":"Centurion and Healer","floor":22,"turns":7},{"damage":5,"enemies":"Book of Stabbing","floor":24,"turns":5},{"damage":0,"enemies":"Colosseum Slavers","floor":25,"turns":4},{"damage":15,"enemies":"Colosseum Nobs","floor":25,"turns":5},{"damage":14,"enemies":"Gremlin Leader","floor":27,"turns":6},{"damage":0,"enemies":"3 Cultists","floor":28,"turns":3},{"damage":28,"enemies":"Book of Stabbing","floor":31,"turns":5}],"seed_played":"-4494428798838969993","potions_obtained":[{"floor":1,"key":"Regen Potion"},{"floor":3,"key":"SteroidPotion"},{"floor":5,"key":"Weak Potion"},{"floor":8,"key":"SkillPotion"},{"floor":16,"key":"Dexterity Potion"},{"floor":18,"key":"Ancient Potion"},{"floor":20,"key":"GhostInAJar"},{"floor":25,"key":"Swift Potion"}],"is_trial":false,"path_per_floor":["M","$","M","M","M","E","?","E","T","M","?","M","R","E","R","B",null,"M","$","M","M","M","R","E","?","T","E","M","?","R","E"],"character_chosen":"THE_SILENT","items_purchased":["Finisher","Noxious Fumes"],"campfire_rested":4,"item_purchase_floors":[2,2],"current_hp_per_floor":[59,59,59,55,43,35,28,4,4,3,19,11,30,10,29,2,50,45,45,45,28,24,43,38,23,23,9,9,9,28,0],"gold":317,"neow_bonus":"RANDOM_COMMON_RELIC","is_prod":false,"is_daily":false,"chose_seed":false,"campfire_upgraded":0,"win_rate":0,"timestamp":1551800719,"path_taken":["M","$","M","M","M","E","?","E","T","M","?","M","R","E","R","BOSS","M","$","M","M","M","R","E","?","T","E","M","?","R","E"],"build_version":"2019-01-23","purchased_purges":1,"victory":false,"max_hp_per_floor":[66,66,66,66,66,66,66,66,66,66,66,66,66,66,66,66,66,66,66,66,66,66,66,66,66,66,66,66,66,66,66],"card_choices":[{"not_picked":["Flechettes","Distraction"],"picked":"Deadly Poison","floor":1},{"not_picked":["Dagger Spray","Choke"],"picked":"Catalyst","floor":3},{"not_picked":["Dodge and Roll","Poisoned Stab"],"picked":"Caltrops","floor":4},{"not_picked":["Noxious Fumes","Finisher"],"picked":"PiercingWail","floor":5},{"not_picked":["Slice","Tactician"],"picked":"Glass Knife","floor":6},{"not_picked":["Outmaneuver","Riddle With Holes","Slice"],"picked":"SKIP","floor":8},{"not_picked":["Dagger Throw","Finisher","Dodge and Roll"],"picked":"SKIP","floor":10},{"not_picked":["Escape Plan","Backflip"],"picked":"Dash","floor":12},{"not_picked":["Outmaneuver","Quick Slash","Blade Dance"],"picked":"SKIP","floor":14},{"not_picked":["A Thousand Cuts","Grand Finale"],"picked":"After Image","floor":16},{"not_picked":["Deflect","Blur","Flying Knee+1"],"picked":"SKIP","floor":18},{"not_picked":["Bane","Slice"],"picked":"Cloak And Dagger","floor":20},{"not_picked":["Deflect","Flying Knee"],"picked":"Backstab","floor":21},{"not_picked":["Calculated Gamble","Flying Knee"],"picked":"Endless Agony","floor":22},{"not_picked":["Backflip","Sucker Punch"],"picked":"Deadly Poison","floor":24},{"not_picked":["Dagger Throw","Prepared","Deflect"],"picked":"SKIP","floor":27},{"not_picked":["Underhanded Strike","Reflex"],"picked":"Well Laid Plans","floor":28}],"player_experience":888719,"relics_obtained":[{"floor":6,"key":"Bag of Preparation"},{"floor":8,"key":"Gambling Chip"},{"floor":9,"key":"StoneCalendar"},{"floor":14,"key":"Tough Bandages"},{"floor":24,"key":"Dead Branch"},{"floor":25,"key":"FossilizedHelix"},{"floor":25,"key":"Sundial"},{"floor":26,"key":"Pen Nib"},{"floor":27,"key":"Ninja Scroll"}],"event_choices":[{"cards_removed":["Strike_G"],"damage_healed":0,"gold_gain":0,"player_choice":"Card Removal","damage_taken":7,"max_hp_gain":0,"max_hp_loss":0,"event_name":"Golden Wing","floor":7,"gold_loss":0},{"damage_healed":16,"gold_gain":0,"player_choice":"Healed","damage_taken":0,"max_hp_gain":0,"max_hp_loss":0,"event_name":"The Cleric","floor":11,"gold_loss":35},{"damage_healed":0,"gold_gain":0,"player_choice":"Fight","damage_taken":0,"max_hp_gain":0,"max_hp_loss":0,"event_name":"Colosseum","floor":25,"gold_loss":0},{"damage_healed":0,"gold_gain":0,"player_choice":"Fought Nobs","damage_taken":0,"max_hp_gain":0,"max_hp_loss":0,"event_name":"Colosseum","floor":25,"gold_loss":0},{"damage_healed":0,"gold_gain":0,"player_choice":"Bet on Owner","damage_taken":0,"max_hp_gain":0,"max_hp_loss":0,"event_name":"The Joust","floor":29,"gold_loss":50}],"is_beta":false,"boss_relics":[{"not_picked":["Ring of the Serpent","Runic Pyramid"],"picked":"WristBlade"}],"items_purged_floors":[19],"is_endless":false,"potions_floor_spawned":[1,3,5,8,16,18,20,25],"killed_by":"Book of Stabbing","ascension_level":18}