{"gold_per_floor":[218,52,62,38,48,80,80,41,41,59,59,73,103,21,21,119,169,184,197,42,55,66,66,66,166,166,166,201,201,216,251,251,251],"floor_reached":33,"playtime":1819,"items_purged":["Parasite"],"score":290,"play_id":"24a9e236-e1d0-4053-b4c3-0d7250366e10","local_time":"20190308005655","is_ascension_mode":false,"campfire_choices":[{"floor":7,"key":"REST"},{"data":"Storm","floor":15,"key":"SMITH"},{"floor":23,"key":"REST"},{"data":"Electrodynamics","floor":27,"key":"SMITH"},{"data":"Capacitor","floor":29,"key":"SMITH"},{"floor":32,"key":"REST"}],"neow_cost":"NONE","seed_source_timestamp":945334180050685,"circlet_count":0,"master_deck":["Strike_B","Strike_B","Strike_B","Strike_B","Defend_B+1","Defend_B","Defend_B","Defend_B","Zap","Dualcast","Ball Lightning","Conserve Battery","Turbo","Sunder","Ball Lightning","Turbo","BootSequence","Conserve Battery","Self Repair","Storm+1","Turbo","Loop","Electrodynamics+1","Skim","Capacitor+1","Go for the Eyes","Self Repair","Force Field","Turbo","Self Repair","Double Energy+1"],"relics":["Cracked Core","Juzu Bracelet","Sundial","Orichalcum","Tiny House","Toxic Egg 2","Question Card","Red Mask"],"potions_floor_usage":[16,16,18,19,21,31],"damage_taken":[{"damage":1,"enemies":"Cultist","floor":1,"turns":3},{"damage":0,"enemies":"2 Louse","floor":3,"turns":1},{"damage":4,"enemies":"Jaw Worm","floor":5,"turns":2},{"damage":13,"enemies":"Gremlin Nob","floor":6,"turns":4},{"damage":16,"enemies":"Exordium Wildlife","floor":10,"turns":4},{"damage":0,"enemies":"Large Slime","floor":12,"turns":4},{"damage":47,"enemies":"Hexaghost","floor":16,"turns":8},{"damage":14,"enemies":"Shell Parasite","floor":18,"turns":6},{"damage":24,"enemies":"2 Thieves","floor":19,"turns":5},{"damage":16,"enemies":"Snake Plant","floor":21,"turns":3},{"damage":4,"enemies":"Centurion and Healer","floor":22,"turns":7},{"damage":19,"enemies":"Slavers","floor":28,"turns":3},{"damage":18,"enemies":"Snecko","floor":30,"turns":5},{"damage":47,"enemies":"Masked Bandits","floor":31,"turns":5},{"damage":82,"enemies":"Champ","floor":33,"turns":14}],"seed_played":"-129682184969078524","potions_obtained":[{"floor":10,"key":"PowerPotion"},{"floor":12,"key":"SteroidPotion"},{"floor":16,"key":"Fire Potion"},{"floor":17,"key":"Block Potion"},{"floor":19,"key":"Poison Potion"},{"floor":22,"key":"Weak Potion"},{"floor":30,"key":"Energy Potion"}],"is_trial":false,"path_per_floor":["M","$","M","$","M","E","R","$","T","M","?","M","?","$","R","B",null,"M","M","$","M","M","R","?","?","T","R","E","R","M","?","R","B"],"character_chosen":"DEFECT","items_purchased":["Conserve Battery","Turbo","Sunder","Turbo","Self Repair","Loop","Self Repair"],"campfire_rested":3,"item_purchase_floors":[2,2,2,4,8,14,20],"current_hp_per_floor":[74,74,74,74,70,57,75,75,75,66,75,75,75,75,75,35,80,73,56,56,47,57,77,77,77,77,77,72,72,68,42,65,0],"gold":251,"neow_bonus":"HUNDRED_GOLD","is_prod":false,"is_daily":false,"chose_seed":false,"campfire_upgraded":3,"win_rate":0,"timestamp":1552017415,"path_taken":["M","$","M","?","?","E","R","?","T","M","?","M","?","?","R","BOSS","M","M","$","M","M","R","?","?","T","R","E","R","M","?","R","BOSS"],"build_version":"2019-01-23","purchased_purges":1,"victory":false,"max_hp_per_floor":[75,75,75,75,75,75,75,75,75,75,75,75,75,75,75,75,80,80,80,77,77,77,77,77,77,77,77,77,77,77,77,77,77],"card_choices":[{"not_picked":["Cold Snap","Leap"],"picked":"Ball Lightning","floor":1},{"not_picked":["Sweeping Beam","Stack"],"picked":"Ball Lightning","floor":3},{"not_picked":["Streamline","Skim"],"picked":"BootSequence","floor":5},{"not_picked":["Steam","Rainbow"],"picked":"Conserve Battery","floor":6},{"not_picked":["Steam","Compile Driver"],"picked":"Storm","floor":10},{"not_picked":["Cold Snap","Hello World"],"picked":"Turbo","floor":12},{"not_picked":["Reboot","Machine Learning"],"picked":"Electrodynamics","floor":16},{"not_picked":["Auto Shields","Consume"],"picked":"Skim","floor":17},{"not_picked":["Coolheaded","Go for the Eyes"],"picked":"Capacitor","floor":18},{"not_picked":["Barrage+1","Sweeping Beam"],"picked":"Go for the Eyes","floor":19},{"not_picked":["Beam Cell","Genetic Algorithm"],"picked":"Force Field","floor":21},{"not_picked":["Hologram","Sweeping Beam"],"picked":"Turbo","floor":22},{"not_picked":["Melter","Lockon","Beam Cell"],"picked":"SKIP","floor":28},{"not_picked":["Rip and Tear+1","Lockon","Echo Form","Gash"],"picked":"SKIP","floor":30},{"not_picked":["Turbo+1","Ball Lightning","Barrage"],"picked":"Double Energy+1","floor":31}],"player_experience":39003,"relics_obtained":[{"floor":6,"key":"Juzu Bracelet"},{"floor":9,"key":"Sundial"},{"floor":26,"key":"Toxic Egg 2"},{"floor":28,"key":"Question Card"},{"floor":31,"key":"Red Mask"}],"event_choices":[{"damage_healed":18,"gold_gain":0,"player_choice":"Healed and dodged fight","damage_taken":0,"max_hp_gain":0,"max_hp_loss":0,"event_name":"Mushrooms","floor":11,"gold_loss":0,"cards_obtained":["Parasite"]},{"damage_healed":0,"gold_gain":30,"player_choice":"Searched \u00273\u0027 times","damage_taken":0,"relics_obtained":["Orichalcum"],"max_hp_gain":0,"max_hp_loss":0,"event_name":"Dead Adventurer","floor":13,"gold_loss":0},{"damage_healed":0,"gold_gain":0,"player_choice":"Read","damage_taken":0,"max_hp_gain":0,"max_hp_loss":0,"event_name":"The Library","floor":24,"gold_loss":0,"cards_obtained":["Self Repair"]},{"damage_healed":0,"gold_gain":100,"player_choice":"Pray","damage_taken":0,"max_hp_gain":0,"max_hp_loss":0,"event_name":"Golden Shrine","floor":25,"gold_loss":0},{"damage_healed":0,"gold_gain":0,"player_choice":"Fought Bandits","damage_taken":0,"max_hp_gain":0,"max_hp_loss":0,"event_name":"Masked Bandits","floor":31,"gold_loss":0}],"is_beta":false,"boss_relics":[{"not_picked":["Runic Dome","White Beast Statue"],"picked":"Tiny House"}],"items_purged_floors":[20],"is_endless":false,"potions_floor_spawned":[10,12,16,19,22,30],"killed_by":"Champ","ascension_level":0}