{"gold_per_floor":[112,37,37,49,49,82,82,108,185,185,185,185,200,215,215,315,315,331,166,91,91,91,91,91,103,103,3,17,31,31,31],"floor_reached":31,"playtime":3163,"items_purged":["Strike_R","Anger","Normality"],"score":314,"play_id":"e054847b-c43d-4c4b-8f28-db118b594176","local_time":"20190309061442","is_ascension_mode":true,"campfire_choices":[{"data":"Rampage","floor":7.0,"key":"SMITH"},{"floor":10.0,"key":"REST"},{"floor":12.0,"key":"REST"},{"data":"Shrug It Off","floor":15.0,"key":"SMITH"},{"floor":23.0,"key":"REST"},{"data":"Ghostly","floor":30.0,"key":"SMITH"}],"neow_cost":"NONE","seed_source_timestamp":397902744459197,"circlet_count":0,"master_deck":["Strike_R","Strike_R","Defend_R","Defend_R","Defend_R","Defend_R","Bash","Armaments","Rampage+1","Shrug It Off+1","Barricade","Shrug It Off+1","Shrug It Off","True Grit","Ghostly","Ghostly+1","Ghostly+1","Ghostly","Ghostly","Flame Barrier"],"special_seed":0,"relics":["Burning Blood","Red Skull","The Courier","Sundial","Cursed Key"],"potions_floor_usage":[],"damage_taken":[{"damage":6.0,"enemies":"Cultist","floor":1.0,"turns":4.0},{"damage":2.0,"enemies":"2 Louse","floor":4.0,"turns":2.0},{"damage":45.0,"enemies":"Lagavulin","floor":6.0,"turns":8.0},{"damage":40.0,"enemies":"3 Sentries","floor":8.0,"turns":7.0},{"damage":4.0,"enemies":"Small Slimes","floor":13.0,"turns":4.0},{"damage":25.0,"enemies":"Exordium Thugs","floor":14.0,"turns":4.0},{"damage":31.0,"enemies":"Hexaghost","floor":16.0,"turns":11.0},{"damage":51.0,"enemies":"Spheric Guardian","floor":18.0,"turns":8.0},{"damage":2.0,"enemies":"Chosen","floor":25.0,"turns":9.0},{"damage":0.0,"enemies":"Centurion and Healer","floor":28.0,"turns":12.0},{"damage":8.0,"enemies":"Chosen and Byrds","floor":29.0,"turns":13.0},{"damage":49,"enemies":"Book of Stabbing","floor":31,"turns":7}],"seed_played":"1583096346451418465","potions_obtained":[{"floor":1.0,"key":"Energy Potion"},{"floor":14.0,"key":"Ancient Potion"},{"floor":28.0,"key":"Strength Potion"}],"is_trial":false,"path_per_floor":["M","$","?","M","?","E","R","E","T","R","?","R","M","M","R","B",null,"M","$","?","?","?","R","?","M","T","$","M","M","R","E"],"character_chosen":"IRONCLAD","items_purchased":["Shrug It Off","True Grit"],"campfire_rested":3,"item_purchase_floors":[19,19],"current_hp_per_floor":[88,88,81,85,90,51,51,17,17,44,44,71,73,54,54,29,93,48,48,48,30,30,44,44,48,48,48,49,47,47,0],"gold":31,"neow_bonus":"TEN_PERCENT_HP_BONUS","is_prod":false,"is_daily":false,"chose_seed":false,"campfire_upgraded":3,"win_rate":0,"timestamp":1552133682,"path_taken":["M","$","?","M","?","E","R","E","T","R","?","R","?","M","R","BOSS","M","$","?","?","?","R","?","?","T","$","M","M","R","E"],"build_version":"2019-01-23","purchased_purges":3,"victory":false,"max_hp_per_floor":[88,88,88,88,93,93,93,93,93,93,93,93,93,93,93,93,93,93,93,93,98,49,49,49,49,49,49,49,49,49,49],"card_choices":[{"not_picked":["Seeing Red","Warcry"],"picked":"Anger","floor":1.0},{"not_picked":["Sword Boomerang","Heavy Blade"],"picked":"Armaments","floor":4.0},{"not_picked":["Rupture","Perfected Strike"],"picked":"Rampage","floor":6.0},{"not_picked":["Pommel Strike","Heavy Blade","Infernal Blade"],"picked":"SKIP","floor":8.0},{"not_picked":["Sword Boomerang","Havoc","Reckless Charge"],"picked":"SKIP","floor":13.0},{"not_picked":["Clash","Wild Strike"],"picked":"Shrug It Off","floor":14.0},{"not_picked":["Feed","Dark Embrace"],"picked":"Barricade","floor":16.0},{"not_picked":["Uppercut","Iron Wave+1"],"picked":"Shrug It Off+1","floor":18.0},{"not_picked":["Rampage+1","Twin Strike"],"picked":"Flame Barrier","floor":25.0},{"not_picked":["Carnage","Headbutt","Dropkick+1"],"picked":"SKIP","floor":28.0},{"not_picked":["Sword Boomerang","Perfected Strike","Cleave"],"picked":"SKIP","floor":29.0}],"player_experience":251244,"relics_obtained":[{"floor":6.0,"key":"Red Skull"},{"floor":8.0,"key":"The Courier"},{"floor":9.0,"key":"Sundial"}],"event_choices":[{"cards_removed":["Strike_R"],"damage_healed":0.0,"max_hp_gain":0.0,"max_hp_loss":0.0,"gold_gain":0.0,"event_name":"Golden Wing","player_choice":"Card Removal","floor":3.0,"gold_loss":0.0,"damage_taken":7.0},{"damage_healed":0.0,"max_hp_gain":5.0,"max_hp_loss":0.0,"gold_gain":0.0,"event_name":"Big Fish","player_choice":"Donut","floor":5.0,"gold_loss":0.0,"damage_taken":0.0},{"damage_healed":0.0,"max_hp_gain":0.0,"max_hp_loss":0.0,"gold_gain":0.0,"event_name":"Match and Keep!","player_choice":"0 cards matched","floor":11.0,"gold_loss":0.0,"damage_taken":0.0,"cards_obtained":[]},{"cards_removed":["Strike_R"],"damage_healed":0.0,"max_hp_gain":0.0,"max_hp_loss":0.0,"gold_gain":0.0,"event_name":"Beggar","player_choice":"Gave Gold","floor":20.0,"gold_loss":75.0,"damage_taken":0.0},{"damage_healed":0.0,"max_hp_gain":5.0,"max_hp_loss":0.0,"gold_gain":0.0,"event_name":"Forgotten Altar","player_choice":"Shed Blood","floor":21.0,"gold_loss":0.0,"damage_taken":23.0},{"damage_healed":0.0,"max_hp_gain":0.0,"max_hp_loss":49.0,"gold_gain":0.0,"event_name":"Ghosts","player_choice":"Became a Ghost","floor":22.0,"gold_loss":0.0,"damage_taken":0.0,"cards_obtained":["Ghostly","Ghostly","Ghostly","Ghostly","Ghostly"]},{"damage_healed":0.0,"max_hp_gain":0.0,"max_hp_loss":0.0,"gold_gain":0.0,"event_name":"Upgrade Shrine","player_choice":"Upgraded","floor":24.0,"gold_loss":0.0,"damage_taken":0.0,"cards_upgraded":["Ghostly"]}],"is_beta":false,"boss_relics":[{"not_picked":["Philosopher\u0027s Stone","Calling Bell"],"picked":"Cursed Key"}],"items_purged_floors":[2,19,27],"is_endless":false,"potions_floor_spawned":[1,14,28],"killed_by":"Book of Stabbing","ascension_level":4}