{"gold_per_floor":[115,190,190,205,205,205,218,218,218,218,228,238,45,45,45,143,143,159,159,99,111,122,122,22,22,102,102,117,117],"floor_reached":29,"playtime":2117,"items_purged":["Strike_G"],"score":288,"play_id":"37b47d1f-bb97-4f23-aac7-8b006da1992d","local_time":"20190305172439","is_ascension_mode":false,"campfire_choices":[{"data":"Deflect","floor":6,"key":"SMITH"},{"data":"Neutralize","floor":8,"key":"SMITH"},{"data":"Survivor","floor":10,"key":"SMITH"},{"floor":15,"key":"REST"},{"data":"Writhe","floor":23,"key":"PURGE"},{"data":"Injury","floor":27,"key":"PURGE"}],"neow_cost":"NONE","seed_source_timestamp":11179413731074,"circlet_count":0,"master_deck":["Defend_G+1","Defend_G+1","Defend_G","Strike_G","Strike_G","Strike_G","Survivor+1","Neutralize+1","Deflect+1","Bouncing Flask","Cloak And Dagger","Noxious Fumes","Escape Plan","Night Terror","Parasite","Cloak And Dagger","Blur","Deadly Poison","Catalyst","Backflip","Deadly Poison"],"relics":["Ring of the Snake","Tough Bandages","Darkstone Periapt","Calling Bell","Juzu Bracelet","Letter Opener","Peace Pipe","Dodecahedron"],"potions_floor_usage":[21,21,22,29],"damage_taken":[{"damage":0,"enemies":"Jaw Worm","floor":1,"turns":6},{"damage":0,"enemies":"Small Slimes","floor":4,"turns":3},{"damage":0,"enemies":"2 Louse","floor":7,"turns":3},{"damage":0,"enemies":"Lots of Slimes","floor":11,"turns":7},{"damage":0,"enemies":"Exordium Wildlife","floor":12,"turns":3},{"damage":0,"enemies":"The Guardian","floor":16,"turns":9},{"damage":5,"enemies":"Chosen","floor":18,"turns":6},{"damage":5,"enemies":"2 Thieves","floor":20,"turns":4},{"damage":42,"enemies":"3 Cultists","floor":21,"turns":7},{"damage":0,"enemies":"Centurion and Healer","floor":22,"turns":7},{"damage":31,"enemies":"Cultist and Chosen","floor":28,"turns":6},{"damage":12,"enemies":"Shelled Parasite and Fungi","floor":29,"turns":4}],"seed_played":"-1886503899610494872","potions_obtained":[{"floor":4,"key":"SkillPotion"},{"floor":11,"key":"Swift Potion"},{"floor":18,"key":"Explosive Potion"},{"floor":21,"key":"Poison Potion"},{"floor":28,"key":"LiquidBronze"}],"is_trial":false,"path_per_floor":["M","?","?","M","?","R","M","R","T","R","M","M","$","?","R","B",null,"M","?","M","M","M","R","$","?","T","R","M","M"],"character_chosen":"THE_SILENT","items_purchased":["Noxious Fumes","Escape Plan","Catalyst","Backflip"],"campfire_rested":1,"item_purchase_floors":[13,13,24,24],"current_hp_per_floor":[70,59,45,45,45,45,45,45,45,45,45,45,45,27,48,48,88,83,83,78,36,36,36,36,36,36,36,5,0],"gold":117,"neow_bonus":"REMOVE_CARD","is_prod":false,"is_daily":false,"chose_seed":false,"campfire_upgraded":3,"win_rate":0.0,"timestamp":1551803079,"path_taken":["M","?","?","M","?","R","M","R","T","R","M","M","$","?","R","BOSS","M","?","M","M","M","R","$","?","T","R","M","M"],"build_version":"2019-01-23","purchased_purges":1,"victory":false,"max_hp_per_floor":[70,70,70,70,70,70,70,70,70,70,70,70,70,70,70,70,88,88,88,88,88,88,88,88,88,88,88,88,88],"card_choices":[{"not_picked":["Outmaneuver","Quick Slash"],"picked":"Deflect","floor":1},{"not_picked":["Crippling Poison","Distraction","Flechettes"],"picked":"SKIP","floor":4},{"not_picked":["Quick Slash","Flechettes","Bane"],"picked":"SKIP","floor":7},{"not_picked":["Flying Knee","Predator"],"picked":"Bouncing Flask","floor":11},{"not_picked":["Dagger Spray","Underhanded Strike"],"picked":"Cloak And Dagger","floor":12},{"not_picked":["Bullet Time","Glass Knife"],"picked":"Night Terror","floor":16},{"not_picked":["Sucker Punch","Slice"],"picked":"Cloak And Dagger","floor":18},{"not_picked":["Endless Agony+1","Heel Hook","Backstab"],"picked":"SKIP","floor":20},{"not_picked":["Quick Slash","Backstab"],"picked":"Blur","floor":21},{"not_picked":["Predator","Deflect"],"picked":"Deadly Poison","floor":22},{"not_picked":["Predator","Underhanded Strike"],"picked":"Deadly Poison","floor":28}],"player_experience":55547,"relics_obtained":[{"floor":9,"key":"Tough Bandages"},{"floor":17,"key":"Juzu Bracelet"},{"floor":17,"key":"Letter Opener"},{"floor":17,"key":"Peace Pipe"},{"floor":26,"key":"Dodecahedron"}],"event_choices":[{"damage_healed":0,"gold_gain":75,"player_choice":"Gather Gold","damage_taken":11,"max_hp_gain":0,"max_hp_loss":0,"event_name":"World of Goop","floor":2,"gold_loss":0},{"damage_healed":0,"gold_gain":0,"player_choice":"Entered Light","damage_taken":14,"max_hp_gain":0,"max_hp_loss":0,"event_name":"Shining Light","floor":3,"gold_loss":0,"cards_upgraded":["Defend_G","Defend_G"]},{"cards_removed":["Defend_G"],"damage_healed":0,"gold_gain":0,"player_choice":"Forget","damage_taken":0,"max_hp_gain":0,"max_hp_loss":0,"event_name":"Living Wall","floor":5,"gold_loss":0},{"damage_healed":0,"gold_gain":0,"player_choice":"Success","damage_taken":18,"relics_obtained":["Darkstone Periapt"],"max_hp_gain":0,"max_hp_loss":0,"event_name":"Scrap Ooze","floor":14,"gold_loss":0},{"cards_removed":["Strike_G"],"damage_healed":0,"gold_gain":0,"player_choice":"Offered Basic","damage_taken":0,"max_hp_gain":0,"max_hp_loss":0,"event_name":"Bonfire Elementals","floor":19,"gold_loss":0},{"damage_healed":0,"gold_gain":0,"player_choice":"Ignored","damage_taken":0,"max_hp_gain":0,"max_hp_loss":0,"event_name":"Beggar","floor":25,"gold_loss":0}],"is_beta":false,"boss_relics":[{"not_picked":["Coffee Dripper","Velvet Choker"],"picked":"Calling Bell"}],"items_purged_floors":[13],"is_endless":false,"potions_floor_spawned":[4,11,18,21,28],"killed_by":"Shelled Parasite and Fungi","ascension_level":0}