{"gold_per_floor":[16,36,186,205,220,253,253,285,353,388,388,50,66,76,76,151,151,106,106,106,106,106,106,106,106,106,106,106,106,106,106,106,106],"floor_reached":33,"playtime":2125,"items_purged":["Doubt"],"score":520,"play_id":"d2c23921-90e9-48a7-ab91-51ebd86bb0e9","local_time":"20190301092549","is_ascension_mode":true,"campfire_choices":[{"floor":7,"key":"REST"},{"floor":15,"key":"REST"},{"floor":23,"key":"REST"},{"floor":29,"key":"REST"},{"data":"Battle Trance","floor":32,"key":"SMITH"}],"neow_cost":"NO_GOLD","seed_source_timestamp":1440771162457,"circlet_count":0,"master_deck":["AscendersBane","Strike_R","Strike_R","Strike_R","Strike_R","Strike_R","Defend_R","Defend_R","Defend_R","Defend_R","Bash","Clothesline","Shrug It Off","Disarm","Inflame","True Grit","Warcry","Uppercut","Secret Technique","Whirlwind","Battle Trance+1","Feed","Pommel Strike","Evolve","Disarm+1","Heavy Blade","Uppercut","Warcry","Immolate","Shrug It Off","Metallicize"],"relics":["Burning Blood","Bronze Scales","Gambling Chip","Question Card","Potion Belt","Ectoplasm","Centennial Puzzle"],"potions_floor_usage":[8,8,16,16,16,16,16,18,20,20,22,25,28],"damage_taken":[{"damage":9,"enemies":"Jaw Worm","floor":1,"turns":5},{"damage":6,"enemies":"Cultist","floor":2,"turns":3},{"damage":2,"enemies":"2 Louse","floor":4,"turns":3},{"damage":25,"enemies":"Lots of Slimes","floor":5,"turns":6},{"damage":32,"enemies":"Gremlin Nob","floor":6,"turns":4},{"damage":7,"enemies":"Lagavulin","floor":8,"turns":4},{"damage":30,"enemies":"Gremlin Nob","floor":10,"turns":4},{"damage":7,"enemies":"Red Slaver","floor":13,"turns":5},{"damage":6,"enemies":"2 Fungi Beasts","floor":14,"turns":3},{"damage":56,"enemies":"The Guardian","floor":16,"turns":10},{"damage":18,"enemies":"2 Thieves","floor":18,"turns":4},{"damage":4,"enemies":"Chosen","floor":19,"turns":5},{"damage":32,"enemies":"Centurion and Healer","floor":20,"turns":7},{"damage":28,"enemies":"Snake Plant","floor":21,"turns":5},{"damage":35,"enemies":"3 Cultists","floor":22,"turns":5},{"damage":11,"enemies":"Shelled Parasite and Fungi","floor":24,"turns":7},{"damage":27,"enemies":"Cultist and Chosen","floor":25,"turns":5},{"damage":3,"enemies":"3 Cultists","floor":28,"turns":4},{"damage":6,"enemies":"Snake Plant","floor":30,"turns":4},{"damage":115,"enemies":"Automaton","floor":33,"turns":12}],"seed_played":"2997426117852202640","potions_obtained":[{"floor":5,"key":"SneckoOil"},{"floor":6,"key":"SteroidPotion"},{"floor":11,"key":"Dexterity Potion"},{"floor":11,"key":"EntropicBrew"},{"floor":14,"key":"PowerPotion"},{"floor":16,"key":"SteroidPotion"},{"floor":18,"key":"Strength Potion"},{"floor":19,"key":"FearPotion"},{"floor":24,"key":"Fire Potion"},{"floor":25,"key":"SkillPotion"}],"is_trial":false,"path_per_floor":["M","M","?","M","M","E","R","E","T","E","?","$","M","M","R","B",null,"M","M","M","M","M","R","M","M","T","?","M","R","M","?","R","B"],"character_chosen":"IRONCLAD","items_purchased":["Uppercut","Secret Technique"],"campfire_rested":4,"item_purchase_floors":[12,12],"current_hp_per_floor":[79,79,79,83,64,38,64,63,63,39,39,39,38,38,64,14,70,61,63,40,18,15,44,42,24,24,24,27,58,58,104,104,0],"gold":106,"neow_bonus":"TWENTY_PERCENT_HP_BONUS","is_prod":false,"is_daily":false,"chose_seed":false,"campfire_upgraded":1,"win_rate":0,"timestamp":1551468349,"path_taken":["M","M","?","M","M","E","R","E","T","E","?","$","M","?","R","BOSS","M","M","?","?","M","R","M","M","T","?","?","R","M","?","R","BOSS"],"build_version":"2019-01-23","purchased_purges":1,"victory":false,"max_hp_per_floor":[89,89,89,89,89,89,89,89,89,89,89,89,89,89,89,89,89,92,92,95,95,98,98,101,104,104,104,104,104,104,104,104,104],"card_choices":[{"not_picked":["Body Slam","Flex"],"picked":"Clothesline","floor":1},{"not_picked":["Armaments","Twin Strike"],"picked":"Carnage","floor":2},{"not_picked":["Pommel Strike","Perfected Strike"],"picked":"Shrug It Off","floor":4},{"not_picked":["Sword Boomerang","Wild Strike"],"picked":"Disarm","floor":5},{"not_picked":["Havoc","Wild Strike"],"picked":"Inflame","floor":6},{"not_picked":["Dark Embrace","Clothesline"],"picked":"True Grit","floor":8},{"not_picked":["Fire Breathing","Flex","Dropkick"],"picked":"Warcry","floor":10},{"not_picked":["Pommel Strike","Anger","Perfected Strike"],"picked":"Whirlwind","floor":13},{"not_picked":["Anger","Ghostly Armor","Pommel Strike"],"picked":"Battle Trance","floor":14},{"not_picked":["Bludgeon","Double Tap","Dark Embrace"],"picked":"Feed","floor":16},{"not_picked":["Heavy Blade","Clash","Armaments"],"picked":"Pommel Strike","floor":18},{"not_picked":["Thunderclap","Twin Strike","Second Wind"],"picked":"Evolve","floor":19},{"not_picked":["Flex","Spot Weakness","Metallicize"],"picked":"Disarm","floor":20},{"not_picked":["Infernal Blade","Flex","Twin Strike"],"picked":"Heavy Blade","floor":21},{"not_picked":["Spot Weakness","Perfected Strike","Blood for Blood"],"picked":"Uppercut","floor":22},{"not_picked":["Blood for Blood","Twin Strike","Flex"],"picked":"Warcry","floor":24},{"not_picked":["Havoc","Dual Wield","Clash"],"picked":"Immolate","floor":25},{"not_picked":["Headbutt","Anger","Corruption+1"],"picked":"Shrug It Off","floor":28},{"not_picked":["Sword Boomerang+1","Berserk","Cleave"],"picked":"Metallicize","floor":30}],"player_experience":479153,"relics_obtained":[{"floor":6,"key":"Bronze Scales"},{"floor":8,"key":"Gambling Chip"},{"floor":9,"key":"Question Card"},{"floor":10,"key":"Potion Belt"},{"floor":26,"key":"Centennial Puzzle"}],"event_choices":[{"damage_healed":0,"gold_gain":150,"player_choice":"AGREE","damage_taken":0,"max_hp_gain":0,"max_hp_loss":0,"event_name":"Liars Game","floor":3,"gold_loss":0,"cards_obtained":["Doubt"]},{"damage_healed":0,"gold_gain":0,"player_choice":"Got Potions","damage_taken":0,"max_hp_gain":0,"max_hp_loss":0,"event_name":"Lab","floor":11,"gold_loss":0},{"damage_healed":0,"gold_gain":0,"player_choice":"Upgraded","damage_taken":0,"max_hp_gain":0,"max_hp_loss":0,"event_name":"Upgrade Shrine","floor":27,"gold_loss":0,"cards_upgraded":["Disarm"]},{"cards_removed":["Carnage"],"damage_healed":46,"gold_gain":0,"player_choice":"Offered Uncommon","damage_taken":0,"max_hp_gain":0,"max_hp_loss":0,"event_name":"Bonfire Elementals","floor":31,"gold_loss":0}],"is_beta":false,"boss_relics":[{"not_picked":["Calling Bell","Black Star"],"picked":"Ectoplasm"}],"items_purged_floors":[12],"is_endless":false,"potions_floor_spawned":[5,6,14,16,18,19,24,25],"killed_by":"Automaton","ascension_level":16}