{"gold_per_floor":[17,17,17,40,61,97,97,135,184,184,209,259,259,279,279,372,372,396,396,190,240,51,51,74,74,99,99,1,1,34,57,57,148,211,227,352,685,700,712,712,741,741,741,741,212,222,12,12,12,12],"floor_reached":50,"playtime":2839,"items_purged":["Strike_G","Strike_G","Blade Dance"],"score":985,"play_id":"5dddb4be-6fc1-4663-8be3-0a398213acd2","local_time":"20190304190940","is_ascension_mode":true,"campfire_choices":[{"floor":7,"key":"REST"},{"floor":10,"key":"REST"},{"data":"Leg Sweep","floor":13,"key":"SMITH"},{"floor":15,"key":"REST"},{"data":"After Image","floor":23,"key":"SMITH"},{"data":"Footwork","floor":25,"key":"SMITH"},{"floor":29,"key":"REST"},{"floor":32,"key":"REST"},{"data":"Terror","floor":40,"key":"SMITH"},{"floor":42,"key":"REST"},{"floor":49,"key":"REST"}],"neow_cost":"NO_GOLD","seed_source_timestamp":231530998896763,"circlet_count":0,"master_deck":["AscendersBane","Defend_G+1","Defend_G+1","Defend_G+1","Defend_G+1","Defend_G+1","Strike_G+1","Strike_G+1","Strike_G+1","Survivor","Neutralize","Infinite Blades+1","Leg Sweep+1","Sucker Punch","Blade Dance","After Image+1","Crippling Poison","RitualDagger","Footwork+1","Backflip","Well Laid Plans","Caltrops","Cloak And Dagger","Infinite Blades","Corpse Explosion","Choke","Glass Knife","Terror+1","Choke+1","Blade Dance+1","Apotheosis","Tools of the Trade","Noxious Fumes"],"relics":["Ring of the Snake","WingedGreaves","Ninja Scroll","Potion Belt","Pen Nib","Sozu","Ancient Tea Set","Strawberry","Tiny House","Gambling Chip","Tingsha","Question Card","Ice Cream","Darkstone Periapt"],"potions_floor_usage":[6,6,24],"damage_taken":[{"damage":4,"enemies":"Small Slimes","floor":1,"turns":4},{"damage":3,"enemies":"Cultist","floor":4,"turns":5},{"damage":0,"enemies":"Jaw Worm","floor":5,"turns":6},{"damage":26,"enemies":"3 Sentries","floor":6,"turns":9},{"damage":36,"enemies":"Lagavulin","floor":8,"turns":9},{"damage":8,"enemies":"Blue Slaver","floor":11,"turns":5},{"damage":4,"enemies":"Large Slime","floor":14,"turns":5},{"damage":27,"enemies":"The Guardian","floor":16,"turns":20},{"damage":5,"enemies":"Shell Parasite","floor":18,"turns":7},{"damage":8,"enemies":"2 Thieves","floor":24,"turns":5},{"damage":7,"enemies":"Book of Stabbing","floor":30,"turns":7},{"damage":0,"enemies":"Centurion and Healer","floor":31,"turns":10},{"damage":34,"enemies":"Champ","floor":33,"turns":14},{"damage":2,"enemies":"Orb Walker","floor":35,"turns":4},{"damage":9,"enemies":"Mind Bloom Boss Battle","floor":36,"turns":7},{"damage":0,"enemies":"3 Shapes","floor":38,"turns":1},{"damage":5,"enemies":"Maw","floor":39,"turns":7},{"damage":29,"enemies":"Nemesis","floor":41,"turns":7},{"damage":0,"enemies":"4 Shapes","floor":46,"turns":4},{"damage":64,"enemies":"Time Eater","floor":50,"turns":12}],"seed_played":"7001028599544506250","potions_obtained":[{"floor":1,"key":"SkillPotion"},{"floor":5,"key":"Swift Potion"},{"floor":16,"key":"AttackPotion"}],"is_trial":false,"path_per_floor":["M","?","$","M","M","E","R","E","T","R","M","?","R","M","R","B",null,"M","?","$","?","$","R","M","R","T","?","$","R","E","M","R","B",null,"M","?","?","M","M","R","E","R","T","?","$","M","$","T","R","B"],"character_chosen":"THE_SILENT","items_purchased":["Footwork","Backflip","Well Laid Plans","Cloak And Dagger","Infinite Blades","Ice Cream","Apotheosis","Noxious Fumes"],"campfire_rested":7,"item_purchase_floors":[20,20,22,28,28,45,45,47],"current_hp_per_floor":[55,55,55,52,52,26,44,8,8,26,18,18,18,14,32,5,46,41,35,35,29,29,29,21,21,21,21,21,39,39,39,59,25,62,60,51,51,51,46,46,17,38,38,38,38,38,38,38,59,0],"gold":12,"neow_bonus":"ONE_RARE_RELIC","is_prod":false,"is_daily":false,"chose_seed":false,"campfire_upgraded":4,"win_rate":0,"timestamp":1551722980,"path_taken":["M","?","$","M","M","E","R","E","T","R","M","?","R","?","R","BOSS","M","?","$","?","$","R","?","R","T","?","$","R","E","M","R","BOSS","M","?","?","M","M","R","E","R","T","?","$","M","$","?","R","BOSS"],"build_version":"2019-01-23","purchased_purges":3,"victory":false,"max_hp_per_floor":[66,60,60,60,60,60,60,60,60,60,60,60,60,60,60,60,60,60,60,60,60,60,60,60,60,60,60,60,60,67,67,67,67,72,72,72,72,72,72,72,72,72,72,72,72,72,72,72,72,72],"card_choices":[{"not_picked":["Expertise","Bane"],"picked":"Infinite Blades","floor":1},{"not_picked":["Distraction","Dagger Spray"],"picked":"Leg Sweep","floor":4},{"not_picked":["Backflip","Calculated Gamble"],"picked":"Sucker Punch","floor":5},{"not_picked":["Sucker Punch","Bane"],"picked":"Blade Dance","floor":6},{"not_picked":["Flying Knee","Heel Hook","Flechettes"],"picked":"SKIP","floor":8},{"not_picked":["Caltrops","Slice"],"picked":"Blade Dance","floor":11},{"not_picked":["Flying Knee","Masterful Stab","Acrobatics"],"picked":"SKIP","floor":14},{"not_picked":["Unload","Burst"],"picked":"After Image","floor":16},{"not_picked":["Backflip","Quick Slash+1"],"picked":"Crippling Poison","floor":18},{"not_picked":["Slice","All Out Attack"],"picked":"Caltrops","floor":24},{"not_picked":["Quick Slash","Dagger Spray"],"picked":"Corpse Explosion","floor":30},{"not_picked":["Heel Hook","Dagger Throw"],"picked":"Choke","floor":31},{"not_picked":["Doppelganger","Phantasmal Killer"],"picked":"Glass Knife","floor":33},{"not_picked":["Prepared+1","Riddle With Holes"],"picked":"Terror","floor":34},{"not_picked":["Deflect","Bane","Slice"],"picked":"SKIP","floor":35},{"not_picked":["Slice+1","Blur"],"picked":"Choke+1","floor":36},{"not_picked":["Dagger Throw+1","All Out Attack+1","Crippling Poison"],"picked":"SKIP","floor":38},{"not_picked":["Outmaneuver","Acrobatics+1","Predator"],"picked":"SKIP","floor":39},{"not_picked":["Underhanded Strike","Dagger Throw"],"picked":"Blade Dance+1","floor":41},{"not_picked":["Choke","Outmaneuver","Blade Dance+1"],"picked":"Tools of the Trade","floor":46}],"player_experience":847343,"relics_obtained":[{"floor":6,"key":"Ninja Scroll"},{"floor":8,"key":"Potion Belt"},{"floor":9,"key":"Pen Nib"},{"floor":26,"key":"Ancient Tea Set"},{"floor":30,"key":"Strawberry"},{"floor":36,"key":"Gambling Chip"},{"floor":41,"key":"Tingsha"},{"floor":43,"key":"Question Card"},{"floor":48,"key":"Darkstone Periapt"}],"event_choices":[{"damage_healed":0,"gold_gain":0,"player_choice":"Lose Max HP","damage_taken":0,"relics_obtained":["Golden Idol"],"max_hp_gain":0,"max_hp_loss":6,"event_name":"Golden Idol","floor":2,"gold_loss":0},{"damage_healed":0,"gold_gain":50,"player_choice":"Pray","damage_taken":0,"max_hp_gain":0,"max_hp_loss":0,"event_name":"Golden Shrine","floor":12,"gold_loss":0},{"damage_healed":0,"gold_gain":0,"player_choice":"Joined the Cult","damage_taken":6,"max_hp_gain":0,"max_hp_loss":0,"event_name":"Nest","floor":19,"gold_loss":0,"cards_obtained":["RitualDagger"]},{"damage_healed":0,"gold_gain":50,"player_choice":"Touch","damage_taken":6,"max_hp_gain":0,"max_hp_loss":0,"event_name":"FaceTrader","floor":21,"gold_loss":0},{"damage_healed":0,"gold_gain":0,"player_choice":"Simplicity","damage_taken":0,"max_hp_gain":0,"max_hp_loss":0,"event_name":"Back to Basics","floor":27,"gold_loss":0,"cards_upgraded":["Defend_G","Defend_G","Defend_G","Defend_G","Defend_G","Strike_G","Strike_G","Strike_G"]},{"damage_healed":0,"gold_gain":0,"player_choice":"Fight","damage_taken":0,"max_hp_gain":0,"max_hp_loss":0,"event_name":"MindBloom","floor":36,"gold_loss":0},{"damage_healed":0,"gold_gain":333,"player_choice":"Gave Idol","damage_taken":0,"max_hp_gain":0,"max_hp_loss":0,"event_name":"The Moai Head","floor":37,"relics_lost":["Golden Idol"],"gold_loss":0},{"damage_healed":0,"gold_gain":0,"player_choice":"Memory 1","damage_taken":0,"max_hp_gain":0,"max_hp_loss":0,"event_name":"SensoryStone","floor":44,"gold_loss":0}],"is_beta":false,"boss_relics":[{"not_picked":["Philosopher\u0027s Stone","Calling Bell"],"picked":"Sozu"},{"not_picked":["Runic Pyramid","Busted Crown"],"picked":"Tiny House"}],"items_purged_floors":[20,22,47],"is_endless":false,"potions_floor_spawned":[1,5,16,24,30,33,39,41,46],"killed_by":"Time Eater","ascension_level":17}