{"gold_per_floor":[114,131,131,131,105,140,140,175,225,225,250,269,295,46,46,177,177,197,18,33,33,56,56,71,90,90,108,108],"floor_reached":28,"playtime":722,"items_purged":["Regret"],"score":230,"play_id":"4efee3df-fc35-4679-9a04-0183b183760c","local_time":"20190301143522","is_ascension_mode":false,"campfire_choices":[{"data":"Bash","floor":7,"key":"SMITH"},{"data":"Heavy Blade","floor":10,"key":"SMITH"},{"data":"Havoc","floor":15,"key":"SMITH"},{"data":"Enlightenment","floor":23,"key":"SMITH"}],"neow_cost":"NONE","seed_source_timestamp":1191829985882554,"circlet_count":0,"master_deck":["Strike_R","Strike_R","Strike_R","Strike_R","Defend_R","Defend_R","Defend_R","Defend_R","Bash+1","Feel No Pain","Thunderclap","Headbutt","Twin Strike","Heavy Blade+1","Feed","Havoc+1","Fiend Fire","Parasite","Injury","Flex+1","Enlightenment+1","Spot Weakness","True Grit+1","Battle Trance"],"relics":["Coffee Dripper","Golden Idol","Bronze Scales","Shuriken","Blood Vial","Smiling Mask","Self Forming Clay","Calling Bell","Orichalcum","Dodecahedron","Torii","Incense Burner"],"potions_floor_usage":[6,20,27,28],"damage_taken":[{"damage":0,"enemies":"Cultist","floor":1,"turns":2},{"damage":6,"enemies":"2 Louse","floor":2,"turns":2},{"damage":16,"enemies":"Lagavulin","floor":6,"turns":7},{"damage":14,"enemies":"Gremlin Nob","floor":8,"turns":3},{"damage":5,"enemies":"Small Slimes","floor":11,"turns":2},{"damage":0,"enemies":"Exordium Wildlife","floor":12,"turns":1},{"damage":26,"enemies":"Hexaghost","floor":16,"turns":7},{"damage":15,"enemies":"Chosen","floor":18,"turns":5},{"damage":0,"enemies":"Spheric Guardian","floor":20,"turns":2},{"damage":0,"enemies":"Chosen and Byrds","floor":22,"turns":4},{"damage":14,"enemies":"Centurion and Healer","floor":24,"turns":3},{"damage":24,"enemies":"Snake Plant","floor":25,"turns":5},{"damage":13,"enemies":"Shelled Parasite and Fungi","floor":27,"turns":3},{"damage":20,"enemies":"Gremlin Leader","floor":28,"turns":5}],"seed_played":"6166489393705118954","potions_obtained":[{"floor":2,"key":"Energy Potion"},{"floor":12,"key":"SpeedPotion"},{"floor":16,"key":"Block Potion"},{"floor":18,"key":"AttackPotion"},{"floor":22,"key":"FearPotion"},{"floor":27,"key":"SteroidPotion"}],"is_trial":false,"path_per_floor":["M","M","?","?","$","E","R","E","T","R","M","M","T","$","R","B",null,"M","$","M","$","M","R","M","M","T","M","E"],"character_chosen":"IRONCLAD","items_purchased":["Headbutt","Self Forming Clay","Enlightenment","Spot Weakness"],"campfire_rested":0,"item_purchase_floors":[5,14,19,19],"current_hp_per_floor":[80,74,74,74,74,58,58,44,44,44,41,43,43,43,43,19,74,59,59,61,61,63,63,51,29,29,18,0],"gold":108,"neow_bonus":"BOSS_RELIC","is_prod":false,"is_daily":false,"chose_seed":false,"campfire_upgraded":4,"win_rate":0,"timestamp":1551429322,"path_taken":["M","?","?","?","$","E","R","E","T","R","M","?","?","?","R","BOSS","M","$","M","$","M","R","M","M","T","M","E"],"build_version":"2019-01-23","purchased_purges":1,"victory":false,"max_hp_per_floor":[80,80,74,74,74,74,74,74,74,74,74,74,74,74,74,74,74,74,74,74,74,74,74,74,74,74,74,74],"card_choices":[{"not_picked":["Warcry","Heavy Blade"],"picked":"Feel No Pain","floor":1},{"not_picked":["Metallicize","Perfected Strike"],"picked":"Thunderclap","floor":2},{"not_picked":["Headbutt","Sever Soul"],"picked":"Twin Strike","floor":6},{"not_picked":["Warcry","Havoc"],"picked":"Heavy Blade","floor":8},{"not_picked":["Corruption","Flame Barrier"],"picked":"Feed","floor":11},{"not_picked":["Fire Breathing","Corruption"],"picked":"Havoc","floor":12},{"not_picked":["Barricade","Brutality"],"picked":"Fiend Fire","floor":16},{"not_picked":["Carnage","Power Through+1"],"picked":"Flex+1","floor":18},{"not_picked":["Twin Strike+1","Carnage"],"picked":"True Grit+1","floor":20},{"not_picked":["Spot Weakness+1","Rupture","Inflame"],"picked":"SKIP","floor":22},{"not_picked":["Shockwave","Bloodletting+1"],"picked":"Battle Trance","floor":24},{"not_picked":["Clash","Sword Boomerang","Perfected Strike"],"picked":"SKIP","floor":25},{"not_picked":["Armaments","Perfected Strike","Clash"],"picked":"SKIP","floor":27}],"player_experience":924831,"relics_obtained":[{"floor":6,"key":"Bronze Scales"},{"floor":8,"key":"Shuriken"},{"floor":9,"key":"Blood Vial"},{"floor":13,"key":"Smiling Mask"},{"floor":17,"key":"Orichalcum"},{"floor":17,"key":"Dodecahedron"},{"floor":17,"key":"Torii"},{"floor":26,"key":"Incense Burner"}],"event_choices":[{"damage_healed":0,"gold_gain":0,"player_choice":"Lose Max HP","damage_taken":0,"relics_obtained":["Golden Idol"],"max_hp_gain":0,"max_hp_loss":6,"event_name":"Golden Idol","floor":3,"gold_loss":0},{"cards_removed":["Strike_R"],"damage_healed":0,"gold_gain":0,"player_choice":"Purged","damage_taken":0,"max_hp_gain":0,"max_hp_loss":0,"event_name":"Purifier","floor":4,"gold_loss":0}],"is_beta":false,"boss_relics":[{"not_picked":["Cursed Key","Astrolabe"],"picked":"Calling Bell"}],"items_purged_floors":[19],"is_endless":false,"potions_floor_spawned":[2,12,16,18,22,27],"killed_by":"Gremlin Leader","ascension_level":0}