{"gold_per_floor":[216,216,3,16,31,31,62,62,62,62,90,90,124,135,135,211,211,229,239,239,249,123,152,152,7,34,49,59,59,59,73,73,147,147,167,186,199,199,27,27,27,27,50,50,0,0,14,26,26,26,26,26,26,58,58],"floor_reached":55,"playtime":3880,"items_purged":["Strike_B","Compile Driver","Ball Lightning"],"score":1255,"play_id":"b7d8d6cc-932a-4962-816f-29283a7991c4","local_time":"20190304234316","is_ascension_mode":true,"campfire_choices":[{"data":"Defragment","floor":6,"key":"SMITH"},{"data":"Cold Snap","floor":8,"key":"SMITH"},{"floor":12,"key":"REST"},{"floor":15,"key":"REST"},{"data":"Hologram","floor":24,"key":"SMITH"},{"data":"Creative AI","floor":32,"key":"SMITH"},{"floor":40,"key":"RECALL"},{"data":"Defragment","floor":42,"key":"SMITH"},{"data":"Chill","floor":44,"key":"SMITH"},{"data":"Reinforced Body","floor":49,"key":"SMITH"},{"data":"Blizzard","floor":52,"key":"SMITH"}],"neow_cost":"NONE","seed_source_timestamp":12717605879598,"circlet_count":0,"master_deck":["AscendersBane","Strike_B+1","Strike_B+1","Defend_B","Defend_B","Defend_B+1","Defend_B","Zap+1","Dualcast","Melter","Defragment+1","Go for the Eyes","Ball Lightning","Cold Snap+1","Conserve Battery","Self Repair","Creative AI+1","Hologram","Seek","Reinforced Body+1","Hologram+1","Glacier","Blizzard+1","Conserve Battery","Ghostly","Ghostly","Ghostly","Ghostly","Ghostly","Steam","Core Surge","Chill+1","BootSequence+1","Defragment+1","Force Field","Buffer"],"relics":["Cracked Core","DataDisk","Incense Burner","Matryoshka","Bag of Preparation","Question Card","Coffee Dripper","Nunchaku","Pen Nib","Darkstone Periapt","Whetstone","Inserter","Smiling Mask","Cables"],"potions_floor_usage":[7,16,23,23,33,50,54,55],"damage_taken":[{"damage":0,"enemies":"2 Louse","floor":1,"turns":3},{"damage":0,"enemies":"Cultist","floor":4,"turns":3},{"damage":7,"enemies":"Jaw Worm","floor":5,"turns":3},{"damage":5,"enemies":"3 Sentries","floor":7,"turns":3},{"damage":9,"enemies":"Gremlin Nob","floor":11,"turns":3},{"damage":15,"enemies":"Lagavulin","floor":13,"turns":4},{"damage":5,"enemies":"Exordium Thugs","floor":14,"turns":3},{"damage":21,"enemies":"The Guardian","floor":16,"turns":8},{"damage":0,"enemies":"Chosen","floor":18,"turns":4},{"damage":0,"enemies":"Spheric Guardian","floor":19,"turns":1},{"damage":55,"enemies":"3 Cultists","floor":21,"turns":6},{"damage":32,"enemies":"Book of Stabbing","floor":23,"turns":6},{"damage":0,"enemies":"Centurion and Healer","floor":27,"turns":10},{"damage":0,"enemies":"Cultist and Chosen","floor":28,"turns":5},{"damage":6,"enemies":"Colosseum Slavers","floor":29,"turns":5},{"damage":0,"enemies":"Shelled Parasite and Fungi","floor":31,"turns":4},{"damage":5,"enemies":"Automaton","floor":33,"turns":11},{"damage":0,"enemies":"Orb Walker","floor":35,"turns":3},{"damage":0,"enemies":"3 Darklings","floor":36,"turns":36},{"damage":0,"enemies":"Maw","floor":37,"turns":8},{"damage":0,"enemies":"Transient","floor":47,"turns":5},{"damage":17,"enemies":"Jaw Worm Horde","floor":48,"turns":7},{"damage":0,"enemies":"Donu and Deca","floor":50,"turns":11},{"damage":0,"enemies":"Shield and Spear","floor":54,"turns":9},{"damage":40,"enemies":"The Heart","floor":55,"turns":11}],"seed_played":"-1385467388479343219","potions_obtained":[{"floor":1,"key":"PowerPotion"},{"floor":13,"key":"LiquidBronze"},{"floor":14,"key":"EssenceOfSteel"},{"floor":21,"key":"Regen Potion"},{"floor":23,"key":"Weak Potion"},{"floor":28,"key":"SteroidPotion"},{"floor":31,"key":"Block Potion"},{"floor":37,"key":"FocusPotion"},{"floor":46,"key":"Ancient Potion"},{"floor":47,"key":"FocusPotion"},{"floor":54,"key":"Swift Potion"}],"is_trial":false,"path_per_floor":["M","?","$","M","M","R","E","R","T","?","E","R","E","M","R","B",null,"M","M","?","M","$","E","R","$","T","M","M","?","?","M","R","B",null,"M","M","M","?","$","R","?","R","T","R","$","?","M","M","R","B",null,"R","$","E","B"],"character_chosen":"DEFECT","items_purchased":["DataDisk","Defragment","Hologram","Pen Nib","Defragment"],"campfire_rested":2,"item_purchase_floors":[3,3,22,25,39],"current_hp_per_floor":[68,53,53,53,46,46,41,41,41,41,32,54,39,41,63,49,69,75,75,75,27,27,17,17,17,17,24,31,32,32,32,32,34,36,36,37,37,37,37,37,35,35,35,35,35,35,35,25,25,32,34,34,34,35,0],"gold":58,"neow_bonus":"HUNDRED_GOLD","is_prod":false,"is_daily":false,"chose_seed":false,"campfire_upgraded":8,"win_rate":0,"timestamp":1551753796,"path_taken":["M","?","$","M","M","R","E","R","T","?","E","R","E","M","R","BOSS","M","?","?","M","?","E","R","$","T","M","M","?","?","M","R","BOSS","M","M","M","?","$","R","?","R","T","R","$","?","?","M","R","BOSS","R","$","E","BOSS"],"build_version":"2019-01-23","purchased_purges":3,"victory":false,"max_hp_per_floor":[75,75,75,75,75,75,75,75,75,75,75,75,75,75,75,75,75,75,75,75,75,75,75,75,75,75,75,75,75,37,37,37,37,37,37,37,37,37,37,37,35,35,35,35,35,35,35,35,35,35,35,35,35,35,35],"card_choices":[{"not_picked":["Self Repair","Barrage"],"picked":"Melter","floor":1},{"not_picked":["Self Repair","Sweeping Beam"],"picked":"Go for the Eyes","floor":4},{"not_picked":["Streamline","White Noise"],"picked":"Ball Lightning","floor":5},{"not_picked":["Conserve Battery","Capacitor"],"picked":"Cold Snap","floor":7},{"not_picked":["Beam Cell","Coolheaded"],"picked":"Conserve Battery","floor":11},{"not_picked":["Rebound","Hologram"],"picked":"Self Repair","floor":13},{"not_picked":["Blizzard","Stack","Heatsinks"],"picked":"Ball Lightning","floor":14},{"not_picked":["Biased Cognition","Echo Form","Reboot"],"picked":"Creative AI","floor":16},{"not_picked":["Beam Cell","Redo","Sweeping Beam"],"picked":"Hologram","floor":18},{"not_picked":["Redo","Turbo","Cold Snap"],"picked":"Seek","floor":19},{"not_picked":["Leap","Force Field","Conserve Battery"],"picked":"Reinforced Body","floor":21},{"not_picked":["Steam","Aggregate","Cold Snap"],"picked":"Glacier","floor":23},{"not_picked":["Capacitor","Barrage","Streamline"],"picked":"Blizzard","floor":27},{"not_picked":["Ball Lightning","Stack","Barrage"],"picked":"Conserve Battery","floor":28},{"not_picked":["Thunder Strike","Self Repair","White Noise"],"picked":"Steam","floor":31},{"not_picked":["Echo Form","Seek","All For One"],"picked":"Core Surge","floor":33},{"not_picked":["Beam Cell","Cold Snap","Sweeping Beam"],"picked":"Chill","floor":35},{"not_picked":["Scrape","Melter+1","FTL"],"picked":"BootSequence+1","floor":36},{"not_picked":["Barrage","Stack","Gash+1","Skim"],"picked":"SKIP","floor":37},{"not_picked":["Streamline","Go for the Eyes","Skim","Redo"],"picked":"SKIP","floor":47},{"not_picked":["Genetic Algorithm","Auto Shields","Steam"],"picked":"Force Field","floor":48},{"not_picked":["Hologram","Auto Shields+1","Barrage"],"picked":"Buffer","floor":54}],"player_experience":692799,"relics_obtained":[{"floor":7,"key":"Incense Burner"},{"floor":9,"key":"Matryoshka"},{"floor":11,"key":"Bag of Preparation"},{"floor":13,"key":"Question Card"},{"floor":23,"key":"Nunchaku"},{"floor":26,"key":"Darkstone Periapt"},{"floor":26,"key":"Whetstone"},{"floor":43,"key":"Smiling Mask"},{"floor":54,"key":"Cables"}],"event_choices":[{"damage_healed":0,"gold_gain":0,"player_choice":"Entered Light","damage_taken":15,"max_hp_gain":0,"max_hp_loss":0,"event_name":"Shining Light","floor":2,"gold_loss":0,"cards_upgraded":["Zap","Defend_B"]},{"damage_healed":0,"gold_gain":0,"player_choice":"Bought 0 Potions","damage_taken":0,"max_hp_gain":0,"max_hp_loss":0,"event_name":"The Woman in Blue","floor":10,"gold_loss":0},{"damage_healed":0,"gold_gain":0,"cards_transformed":["Strike_B"],"player_choice":"Transformed","damage_taken":0,"max_hp_gain":0,"max_hp_loss":0,"event_name":"Transmorgrifier","floor":20,"gold_loss":0,"cards_obtained":["Compile Driver"]},{"damage_healed":0,"gold_gain":0,"player_choice":"Fight","damage_taken":0,"max_hp_gain":0,"max_hp_loss":0,"event_name":"Colosseum","floor":29,"gold_loss":0},{"damage_healed":0,"gold_gain":0,"player_choice":"Fled From Nobs","damage_taken":0,"max_hp_gain":0,"max_hp_loss":0,"event_name":"Colosseum","floor":29,"gold_loss":0},{"damage_healed":0,"gold_gain":0,"player_choice":"Became a Ghost","damage_taken":0,"max_hp_gain":0,"max_hp_loss":38,"event_name":"Ghosts","floor":30,"gold_loss":0,"cards_obtained":["Ghostly","Ghostly","Ghostly","Ghostly","Ghostly"]},{"damage_healed":0,"gold_gain":0,"player_choice":"Ignored","damage_taken":0,"max_hp_gain":0,"max_hp_loss":0,"event_name":"Tomb of Lord Red Mask","floor":38,"gold_loss":0},{"damage_healed":0,"gold_gain":0,"player_choice":"Max HP","damage_taken":0,"max_hp_gain":0,"max_hp_loss":2,"event_name":"Winding Halls","floor":41,"gold_loss":0},{"damage_healed":0,"gold_gain":0,"player_choice":"Got Potions","damage_taken":0,"max_hp_gain":0,"max_hp_loss":0,"event_name":"Lab","floor":46,"gold_loss":0}],"is_beta":false,"boss_relics":[{"not_picked":["Black Star","Empty Cage"],"picked":"Coffee Dripper"},{"not_picked":["Orrery","Runic Dome"],"picked":"Inserter"}],"items_purged_floors":[22,39,45],"is_endless":false,"potions_floor_spawned":[1,13,14,21,23,28,31,37,47,48,54],"killed_by":"The Heart","ascension_level":13}