{"gold_per_floor":[115,127,147,167,184,184,184,184,239,270,270,285,285,303,303,303],"floor_reached":16,"playtime":558,"items_purged":[],"score":182,"play_id":"b4f4dab9-f45b-4c8c-8d80-8a5b8a687c2f","local_time":"20190226141829","is_ascension_mode":true,"campfire_choices":[{"data":"Infernal Blade","floor":6,"key":"SMITH"},{"floor":8,"key":"REST"},{"floor":13,"key":"REST"},{"data":"Infernal Blade","floor":15,"key":"SMITH"}],"neow_cost":"NONE","seed_source_timestamp":540276769558293,"circlet_count":0,"master_deck":["AscendersBane","Strike_R+1","Strike_R","Strike_R","Strike_R","Strike_R","Defend_R","Defend_R","Defend_R+1","Defend_R","Bash+1","Infernal Blade+1","Flame Barrier","Reaper","Headbutt","Battle Trance","Anger","Infernal Blade+1"],"relics":["Burning Blood","Tiny Chest","Centennial Puzzle"],"potions_floor_usage":[4,10,10],"damage_taken":[{"damage":5,"enemies":"Small Slimes","floor":1,"turns":5},{"damage":5,"enemies":"Cultist","floor":2,"turns":4},{"damage":7,"enemies":"Jaw Worm","floor":3,"turns":3},{"damage":33,"enemies":"Exordium Wildlife","floor":4,"turns":7},{"damage":8,"enemies":"Blue Slaver","floor":5,"turns":5},{"damage":14,"enemies":"Gremlin Nob","floor":10,"turns":3},{"damage":0,"enemies":"Large Slime","floor":12,"turns":4},{"damage":6,"enemies":"Exordium Wildlife","floor":14,"turns":3},{"damage":87,"enemies":"Hexaghost","floor":16,"turns":9}],"seed_played":"-8572191179991422802","potions_obtained":[{"floor":3,"key":"Strength Potion"},{"floor":4,"key":"Fire Potion"},{"floor":5,"key":"Fruit Juice"},{"floor":12,"key":"Strength Potion"}],"is_trial":false,"path_per_floor":["M","M","M","M","M","R","?","R","T","E","?","M","R","M","R","B"],"character_chosen":"IRONCLAD","items_purchased":[],"campfire_rested":2,"item_purchase_floors":[],"current_hp_per_floor":[76,77,76,55,53,53,28,52,52,53,53,63,87,87,87,0],"gold":303,"neow_bonus":"TEN_PERCENT_HP_BONUS","is_prod":false,"is_daily":false,"chose_seed":false,"campfire_upgraded":2,"win_rate":0,"timestamp":1551226709,"path_taken":["M","M","M","M","M","R","?","R","T","E","?","M","R","?","R","BOSS"],"build_version":"2019-01-23","purchased_purges":0,"victory":false,"max_hp_per_floor":[82,82,82,82,82,82,82,82,82,87,87,87,87,87,87,87],"card_choices":[{"not_picked":["True Grit","Perfected Strike"],"picked":"Infernal Blade","floor":1},{"not_picked":["Headbutt","Iron Wave"],"picked":"Flame Barrier","floor":2},{"not_picked":["Havoc","Headbutt"],"picked":"Reaper","floor":3},{"not_picked":["Pummel","Pommel Strike","Rage"],"picked":"SKIP","floor":4},{"not_picked":["Second Wind","Sword Boomerang"],"picked":"Headbutt","floor":5},{"not_picked":["Sever Soul","Cleave"],"picked":"Battle Trance","floor":10},{"not_picked":["Warcry","Havoc"],"picked":"Anger","floor":12},{"not_picked":["Feel No Pain","Heavy Blade"],"picked":"Infernal Blade","floor":14}],"player_experience":463958,"relics_obtained":[{"floor":9,"key":"Tiny Chest"},{"floor":10,"key":"Centennial Puzzle"}],"event_choices":[{"damage_healed":0,"gold_gain":0,"player_choice":"Entered Light","damage_taken":25,"max_hp_gain":0,"max_hp_loss":0,"event_name":"Shining Light","floor":7,"gold_loss":0,"cards_upgraded":["Defend_R","Strike_R"]},{"damage_healed":0,"gold_gain":0,"player_choice":"Upgraded","damage_taken":0,"max_hp_gain":0,"max_hp_loss":0,"event_name":"Upgrade Shrine","floor":11,"gold_loss":0,"cards_upgraded":["Bash"]}],"is_beta":false,"boss_relics":[],"items_purged_floors":[],"is_endless":false,"potions_floor_spawned":[3,4,5,12],"killed_by":"Hexaghost","ascension_level":15}