{"gold_per_floor":[111,128,138,153,28,53,53,63,89,89,120,120,120,135,135,255,255,255],"floor_reached":18,"playtime":4882,"items_purged":[],"score":172,"play_id":"80d82bdb-b365-4f73-aa03-0d0b7d26df21","local_time":"20190211203411","is_ascension_mode":false,"campfire_choices":[{"floor":7,"key":"REST"},{"floor":10,"key":"REST"}],"neow_cost":"NONE","seed_source_timestamp":20714244633035,"circlet_count":0,"master_deck":["elementalist:Defend_Elemblue","elementalist:Defend_Elemblue","elementalist:Defend_Elemblue","elementalist:Defend_Elemblue","elementalist:Defend_Elemblue","elementalist:Elemental_Strike","elementalist:Firestrike","elementalist:Earthstrike","elementalist:Waterstrike","elementalist:Airstrike","elementalist:Crystal_Chalk","elementalist:Accelerant","elementalist:Fission_Lance","elementalist:Spark","elementalist:Etherstrike","elementalist:Astral_Form","Thinking Ahead","Chrysalis+1","Mind Blast","elementalist:Ignition","elementalist:Caution","elementalist:Air_Emblem","elementalist:Momentum","elementalist:Monument","elementalist:Refract"],"relics":["elementalistmod:MagusStaff","ReplayTheSpireMod:ShopPack","Juzu Bracelet","Gambling Chip","Replay:Rubber Ducky","Vajra","elementalistmod:GreenCirclet","Replay:Ringing Soul","Black Star"],"potions_floor_usage":[6,11,16],"damage_taken":[{"damage":2,"enemies":"Cultist","floor":1,"turns":5},{"damage":0,"enemies":"2 Louse","floor":2,"turns":3},{"damage":3,"enemies":"Jaw Worm","floor":3,"turns":3},{"damage":0,"enemies":"Large Slime","floor":4,"turns":3},{"damage":48,"enemies":"Gremlin Nob","floor":6,"turns":6},{"damage":7,"enemies":"2 Fungi Beasts","floor":8,"turns":2},{"damage":22,"enemies":"3 Sentries","floor":11,"turns":8},{"damage":0,"enemies":"2 Fungi Beasts","floor":14,"turns":3},{"damage":20,"enemies":"Slime Boss","floor":16,"turns":9},{"damage":26,"enemies":"3 Byrds","floor":18,"turns":4}],"seed_played":"-7332790108915202144","potions_obtained":[{"floor":2,"key":"Swift Potion"},{"floor":4,"key":"SteroidPotion"},{"floor":6,"key":"Elixir"},{"floor":16,"key":"SpeedPotion"}],"is_trial":false,"path_per_floor":["M","M","M","M","$","E","R","M","T","R","E","?","?","M","R","B",null,"M"],"character_chosen":"THE_ELEMENTALIST","items_purchased":["ReplayTheSpireMod:ShopPack"],"campfire_rested":2,"item_purchase_floors":[5],"current_hp_per_floor":[68,68,65,65,65,17,38,31,31,52,30,30,30,33,58,43,80,54],"gold":255,"neow_bonus":"ONE_RANDOM_RARE_CARD","is_prod":false,"is_daily":false,"chose_seed":false,"campfire_upgraded":0,"win_rate":0.0,"timestamp":1549924451,"path_taken":["M","M","M","M","$","E","R","M","T","R","E","?","?","M","R","BOSS","M"],"build_version":"2019-01-23","purchased_purges":0,"victory":false,"max_hp_per_floor":[70,70,70,70,70,70,70,70,70,70,70,70,70,73,76,80,80,80],"card_choices":[{"not_picked":["elementalist:Breeze","elementalist:Wards"],"picked":"elementalist:Fission_Lance","floor":1},{"not_picked":["elementalist:Stone_to_Mud","elementalist:Magma_Shot"],"picked":"elementalist:Spark","floor":2},{"not_picked":["elementalist:Geomancy","elementalist:Overheat"],"picked":"elementalist:Etherstrike","floor":3},{"not_picked":["elementalist:Stone_to_Mud","elementalist:Magma_Shot"],"picked":"elementalist:Astral_Form","floor":4},{"not_picked":["Transmutation","Secret Technique"],"picked":"Thinking Ahead","floor":5},{"not_picked":["ReplayTheSpireMod:Necrogeddon","Flash of Steel"],"picked":"Chrysalis","floor":5},{"not_picked":["ReplayTheSpireMod:Private Reserves","Flash of Steel"],"picked":"Mind Blast","floor":5},{"not_picked":["elementalist:Aegis","elementalist:Flame"],"picked":"elementalist:Ignition","floor":6},{"not_picked":["elementalist:Prepared_Sand","elementalist:Etherstrike"],"picked":"elementalist:Caution","floor":8},{"not_picked":["elementalist:Prepared_Sand","elementalist:Aegis"],"picked":"elementalist:Momentum","floor":11},{"not_picked":["elementalist:Etherstrike","elementalist:Quadmire"],"picked":"elementalist:Monument","floor":14},{"not_picked":["elementalist:Absolute_Zero","elementalist:Quake"],"picked":"elementalist:Refract","floor":16}],"player_experience":752003,"relics_obtained":[{"floor":6,"key":"Gambling Chip"},{"floor":9,"key":"Replay:Rubber Ducky"},{"floor":11,"key":"Vajra"},{"floor":13,"key":"Replay:Ringing Soul"}],"event_choices":[],"is_beta":false,"boss_relics":[{"not_picked":["Abe\u0027s Treasure","Ring of Chaos"],"picked":"Black Star"}],"items_purged_floors":[],"is_endless":false,"potions_floor_spawned":[2,4,6,16],"killed_by":"3 Byrds","ascension_level":0}