{"gold_per_floor":[119,69,82,82,99,125,136,136,136,155,155,185,199,199],"floor_reached":14,"playtime":446,"items_purged":[],"score":163,"play_id":"11cf953a-75c1-4e86-b297-2424d6079a39","local_time":"20190102184535","is_ascension_mode":true,"campfire_choices":[{"floor":8,"key":"REST"}],"neow_cost":"TEN_PERCENT_HP_LOSS","seed_source_timestamp":2157781355887,"circlet_count":0,"master_deck":["AscendersBane","Strike_B","Strike_B","Strike_B","Defend_B+1","Defend_B","Defend_B","Zap+1","Dualcast","Echo Form","Hologram","Beam Cell","Ball Lightning","Conserve Battery","Thunder Strike","Leap","Ball Lightning","Coolheaded"],"relics":["Cracked Core","Potion Belt","War Paint","Bottled Flame"],"potions_floor_usage":[],"damage_taken":[{"damage":4,"enemies":"Small Slimes","floor":1,"turns":3},{"damage":12,"enemies":"Jaw Worm","floor":3,"turns":4},{"damage":0,"enemies":"2 Louse","floor":5,"turns":2},{"damage":15,"enemies":"Lagavulin","floor":6,"turns":5},{"damage":8,"enemies":"Blue Slaver","floor":7,"turns":4},{"damage":7,"enemies":"Exordium Thugs","floor":10,"turns":4},{"damage":25,"enemies":"Gremlin Nob","floor":12,"turns":5},{"damage":6,"enemies":"Looter","floor":13,"turns":3},{"damage":10,"enemies":"Gremlin Gang","floor":14,"turns":1}],"seed_played":"-1620917229123478404","potions_obtained":[{"floor":6,"key":"Ancient Potion"},{"floor":10,"key":"LiquidBronze"},{"floor":13,"key":"Swift Potion"}],"is_trial":false,"path_per_floor":["M","?","M","?","M","E","M","R","T","M","?","E","M","M"],"character_chosen":"DEFECT","items_purchased":[],"campfire_rested":1,"item_purchase_floors":[],"current_hp_per_floor":[64,64,52,57,57,42,34,55,55,48,41,16,10,0],"gold":199,"neow_bonus":"THREE_RARE_CARDS","is_prod":false,"is_daily":false,"chose_seed":false,"campfire_upgraded":0,"win_rate":0,"timestamp":1546461935,"path_taken":["M","?","M","?","M","E","M","R","T","M","?","E","M","M"],"build_version":"2018-12-20","purchased_purges":0,"victory":false,"max_hp_per_floor":[68,68,68,73,73,73,73,73,73,73,73,73,73,73],"card_choices":[{"not_picked":["Electrodynamics","Hyperbeam"],"picked":"Echo Form","floor":0},{"not_picked":["Turbo","Streamline"],"picked":"Hologram","floor":1},{"not_picked":["Streamline","Undo"],"picked":"Beam Cell","floor":3},{"not_picked":["Go for the Eyes","Cold Snap"],"picked":"Ball Lightning","floor":5},{"not_picked":["Blizzard","Turbo"],"picked":"Conserve Battery","floor":6},{"not_picked":["Coolheaded","Streamline"],"picked":"Thunder Strike","floor":7},{"not_picked":["Sweeping Beam","Sunder"],"picked":"Leap","floor":10},{"not_picked":["Beam Cell","Consume"],"picked":"Ball Lightning","floor":12},{"not_picked":["Rebound","Static Discharge"],"picked":"Coolheaded","floor":13}],"player_experience":662330,"relics_obtained":[{"floor":6,"key":"Potion Belt"},{"floor":9,"key":"War Paint"},{"floor":12,"key":"Bottled Flame"}],"event_choices":[{"cards_removed":["Strike_B"],"damage_healed":0,"gold_gain":0,"player_choice":"Card Removal","damage_taken":0,"max_hp_gain":0,"max_hp_loss":0,"event_name":"The Cleric","floor":2,"gold_loss":50},{"damage_healed":0,"gold_gain":0,"player_choice":"Donut","damage_taken":0,"max_hp_gain":5,"max_hp_loss":0,"event_name":"Big Fish","floor":4,"gold_loss":0},{"cards_removed":["Defend_B"],"damage_healed":0,"gold_gain":0,"player_choice":"Card Removal","damage_taken":7,"max_hp_gain":0,"max_hp_loss":0,"event_name":"Golden Wing","floor":11,"gold_loss":0}],"is_beta":false,"boss_relics":[],"items_purged_floors":[],"is_endless":false,"potions_floor_spawned":[6,10,13],"killed_by":"Gremlin Gang","ascension_level":12}