{"gold_per_floor":[116,135,35,52,68,68,78,93,93,93,93,20,20,34,34,135,135,155,155,155,174,129,129,146,146,170,189,203,203],"floor_reached":29,"playtime":1251,"items_purged":["Strike_R"],"score":219,"play_id":"42eb6cb6-b131-4f6f-810b-97bb9cac4970","local_time":"20190223215026","is_ascension_mode":false,"campfire_choices":[{"data":"True Grit","floor":6,"key":"SMITH"},{"data":"Bash","floor":11,"key":"SMITH"},{"floor":15,"key":"REST"},{"data":"Heavy Blade","floor":23,"key":"SMITH"},{"floor":25,"key":"REST"}],"neow_cost":"NONE","seed_source_timestamp":782467730742547,"circlet_count":0,"master_deck":["Strike_R+1","Strike_R","Defend_R","Defend_R","Defend_R","Bash+1","Brutality","Shrug It Off","True Grit+1","Sword Boomerang+1","Heavy Blade+1","Metallicize","Spot Weakness","Reaper+1","Flex","Combust","Flex","Flex"],"relics":["Burning Blood","Bottled Tornado","Empty Cage","Whetstone"],"potions_floor_usage":[16],"damage_taken":[{"damage":2,"enemies":"2 Louse","floor":1,"turns":3},{"damage":9,"enemies":"Jaw Worm","floor":2,"turns":5},{"damage":6,"enemies":"Cultist","floor":4,"turns":3},{"damage":7,"enemies":"3 Louse","floor":5,"turns":4},{"damage":12,"enemies":"Looter","floor":7,"turns":3},{"damage":16,"enemies":"Exordium Wildlife","floor":8,"turns":5},{"damage":18,"enemies":"Exordium Thugs","floor":14,"turns":6},{"damage":18,"enemies":"Slime Boss","floor":16,"turns":10},{"damage":32,"enemies":"2 Thieves","floor":18,"turns":3},{"damage":17,"enemies":"Spheric Guardian","floor":21,"turns":5},{"damage":30,"enemies":"Chosen and Byrds","floor":24,"turns":7},{"damage":32,"enemies":"Cultist and Chosen","floor":27,"turns":5},{"damage":16,"enemies":"Snecko","floor":28,"turns":5},{"damage":34,"enemies":"Sentry and Sphere","floor":29,"turns":4}],"seed_played":"-3114028335837690639","potions_obtained":[{"floor":1,"key":"Fire Potion"},{"floor":7,"key":"Weak Potion"},{"floor":16,"key":"SteroidPotion"},{"floor":24,"key":"PowerPotion"}],"is_trial":false,"path_per_floor":["M","M","$","M","M","R","M","M","T","?","R","$","?","M","R","B",null,"M","$","?","M","$","R","M","R","T","M","M","M"],"character_chosen":"IRONCLAD","items_purchased":["Sword Boomerang","Metallicize","Flex"],"campfire_rested":2,"item_purchase_floors":[3,12,22],"current_hp_per_floor":[80,77,77,77,76,76,70,60,60,60,60,60,60,48,72,60,80,54,54,54,43,43,43,29,53,53,37,27,0],"gold":203,"neow_bonus":"ONE_RANDOM_RARE_CARD","is_prod":false,"is_daily":false,"chose_seed":false,"campfire_upgraded":3,"win_rate":0,"timestamp":1550976626,"path_taken":["M","M","$","M","M","R","M","M","T","?","R","$","?","M","R","BOSS","M","$","?","M","$","R","M","R","T","M","M","M"],"build_version":"2019-01-23","purchased_purges":1,"victory":false,"max_hp_per_floor":[80,80,80,80,80,80,80,80,80,80,80,80,80,80,80,80,80,80,80,80,80,80,80,80,80,80,80,80,80],"card_choices":[{"not_picked":["Ghostly Armor","Clothesline"],"picked":"Shrug It Off","floor":1},{"not_picked":["Spot Weakness","Havoc"],"picked":"True Grit","floor":2},{"not_picked":["Twin Strike","Thunderclap","Clash"],"picked":"SKIP","floor":4},{"not_picked":["Warcry","Armaments"],"picked":"Heavy Blade","floor":5},{"not_picked":["Anger","Dropkick","Twin Strike"],"picked":"SKIP","floor":7},{"not_picked":["Twin Strike","Sword Boomerang","Exhume"],"picked":"SKIP","floor":8},{"not_picked":["Cleave","Wild Strike"],"picked":"Spot Weakness","floor":14},{"not_picked":["Dark Embrace","Double Tap"],"picked":"Reaper","floor":16},{"not_picked":["Body Slam","Clothesline"],"picked":"Flex","floor":18},{"not_picked":["Clash","Sword Boomerang","Bludgeon"],"picked":"SKIP","floor":21},{"not_picked":["Wild Strike+1","Evolve+1","Searing Blow"],"picked":"SKIP","floor":24},{"not_picked":["Heavy Blade","Cleave+1","Perfected Strike"],"picked":"SKIP","floor":27},{"not_picked":["Heavy Blade+1","Wild Strike"],"picked":"Flex","floor":28}],"player_experience":1089131,"relics_obtained":[{"floor":9,"key":"Bottled Tornado"},{"floor":26,"key":"Whetstone"}],"event_choices":[{"damage_healed":0,"gold_gain":0,"player_choice":"Grow","damage_taken":0,"max_hp_gain":0,"max_hp_loss":0,"event_name":"Living Wall","floor":10,"gold_loss":0,"cards_upgraded":["Sword Boomerang"]},{"cards_removed":["Strike_R"],"damage_healed":0,"gold_gain":0,"player_choice":"Offered Basic","damage_taken":0,"max_hp_gain":0,"max_hp_loss":0,"event_name":"Bonfire Elementals","floor":13,"gold_loss":0},{"damage_healed":0,"gold_gain":0,"player_choice":"Read","damage_taken":0,"max_hp_gain":0,"max_hp_loss":0,"event_name":"The Library","floor":20,"gold_loss":0,"cards_obtained":["Combust"]}],"is_beta":false,"boss_relics":[{"not_picked":["Sozu","Black Blood"],"picked":"Empty Cage"}],"items_purged_floors":[3],"is_endless":false,"potions_floor_spawned":[1,7,16,24,27,28],"killed_by":"Sentry and Sphere","ascension_level":0}