{"gold_per_floor":[113,127,52,52,62,81,81,100,126,142,142,154,154,172,172,267,267,278,178,192,67,67,67,99,99,168,188,188,198,398,418,418,520,520,538,388,401,401,13,13],"floor_reached":40,"playtime":5799,"items_purged":["Strike_B","Strike_B","Fusion","Defend_B","Defend_B"],"score":460,"play_id":"fd6886ef-7efe-4971-b691-19c168360d9f","local_time":"20190308210052","is_ascension_mode":true,"campfire_choices":[{"floor":13,"key":"REST"},{"floor":15,"key":"REST"},{"data":"Dualcast","floor":23,"key":"SMITH"},{"floor":28,"key":"REST"},{"floor":32,"key":"REST"}],"neow_cost":"PERCENT_DAMAGE","seed_source_timestamp":362292028507699,"circlet_count":0,"master_deck":["Defend_B","Defend_B","Zap","Dualcast+1","Ball Lightning","Rainbow","Conserve Battery","Cold Snap","Conserve Battery","Leap","All For One","FTL","Beam Cell","Turbo","Chill+1","Go for the Eyes","Cold Snap+1","Reinforced Body+1","Scrape+1","Meteor Strike+1","Panache","Go for the Eyes+1"],"relics":["Cracked Core","Bronze Scales","Orrery","Kunai","Orichalcum","Molten Egg 2","Cursed Key"],"potions_floor_usage":[20,24,24,40,40],"damage_taken":[{"damage":1,"enemies":"Cultist","floor":1,"turns":4},{"damage":0,"enemies":"Small Slimes","floor":2,"turns":3},{"damage":8,"enemies":"2 Louse","floor":5,"turns":2},{"damage":2,"enemies":"Large Slime","floor":6,"turns":5},{"damage":20,"enemies":"Lots of Slimes","floor":8,"turns":4},{"damage":0,"enemies":"2 Fungi Beasts","floor":10,"turns":2},{"damage":5,"enemies":"3 Louse","floor":12,"turns":2},{"damage":4,"enemies":"Blue Slaver","floor":14,"turns":3},{"damage":10,"enemies":"The Guardian","floor":16,"turns":11},{"damage":13,"enemies":"Chosen","floor":18,"turns":5},{"damage":4,"enemies":"Shell Parasite","floor":20,"turns":5},{"damage":56,"enemies":"Gremlin Leader","floor":24,"turns":8},{"damage":4,"enemies":"Centurion and Healer","floor":27,"turns":8},{"damage":6,"enemies":"Snecko","floor":29,"turns":5},{"damage":3,"enemies":"Snake Plant","floor":31,"turns":4},{"damage":31,"enemies":"Automaton","floor":33,"turns":17},{"damage":10,"enemies":"Orb Walker","floor":35,"turns":4},{"damage":15,"enemies":"3 Darklings","floor":37,"turns":6},{"damage":75,"enemies":"Giant Head","floor":40,"turns":10}],"seed_played":"-9055152479169963425","potions_obtained":[{"floor":2,"key":"Swift Potion"},{"floor":6,"key":"LiquidBronze"},{"floor":8,"key":"FearPotion"},{"floor":16,"key":"Explosive Potion"},{"floor":18,"key":"SkillPotion"},{"floor":33,"key":"Dexterity Potion"},{"floor":37,"key":"AttackPotion"}],"is_trial":false,"path_per_floor":["M","M","$","?","M","M","$","M","T","M","?","M","R","M","R","B",null,"M","$","M","$","T","R","E","?","T","M","R","M","?","M","R","B",null,"M","$","M","?","$","E"],"character_chosen":"DEFECT","items_purchased":["Panache","Go for the Eyes+1"],"campfire_rested":4,"item_purchase_floors":[39,39],"current_hp_per_floor":[53,53,53,58,50,48,48,28,28,28,20,15,39,35,59,49,80,67,67,63,63,63,63,7,7,7,3,27,21,21,18,42,11,80,70,70,55,55,55,0],"gold":13,"neow_bonus":"REMOVE_TWO","is_prod":false,"is_daily":false,"chose_seed":false,"campfire_upgraded":1,"win_rate":0,"timestamp":1552100452,"path_taken":["M","M","$","?","M","M","$","M","T","M","?","M","R","M","R","BOSS","M","$","M","$","?","R","E","?","T","M","R","M","?","?","R","BOSS","M","$","M","?","$","E"],"build_version":"2019-01-23","purchased_purges":5,"victory":false,"max_hp_per_floor":[75,75,75,80,80,80,80,80,80,80,80,80,80,80,80,80,80,80,80,80,80,80,80,80,80,80,80,80,80,80,80,80,80,80,80,80,80,80,80,80],"card_choices":[{"not_picked":["Hologram","Barrage","Steam Power"],"picked":"SKIP","floor":1},{"not_picked":["Melter","Streamline"],"picked":"Ball Lightning","floor":2},{"not_picked":["Double Energy","Go for the Eyes"],"picked":"Rainbow","floor":5},{"not_picked":["Turbo","Genetic Algorithm"],"picked":"Conserve Battery","floor":6},{"not_picked":["Turbo","Aggregate"],"picked":"Cold Snap","floor":8},{"not_picked":["Streamline","Steam"],"picked":"Fusion","floor":10},{"not_picked":["Rebound","Tempest"],"picked":"Conserve Battery","floor":12},{"not_picked":["Steam","Sunder"],"picked":"Leap","floor":14},{"not_picked":["Buffer","Amplify"],"picked":"All For One","floor":16},{"not_picked":["Melter","Coolheaded"],"picked":"FTL","floor":17},{"not_picked":["Sweeping Beam","Static Discharge"],"picked":"Beam Cell","floor":17},{"not_picked":["Hologram","Cold Snap"],"picked":"Turbo","floor":17},{"not_picked":["Steam","Coolheaded","Rebound"],"picked":"SKIP","floor":18},{"not_picked":["Electrodynamics","Streamline","Redo"],"picked":"SKIP","floor":20},{"not_picked":["Sweeping Beam","Cold Snap"],"picked":"Chill+1","floor":24},{"not_picked":["Ball Lightning+1","Stack"],"picked":"Cold Snap+1","floor":27},{"not_picked":["Redo+1","Steam Power"],"picked":"Reinforced Body+1","floor":29},{"not_picked":["Cold Snap+1","Turbo"],"picked":"Scrape+1","floor":31},{"not_picked":["Biased Cognition","Echo Form"],"picked":"Meteor Strike+1","floor":33},{"not_picked":["Coolheaded+1","Barrage+1","Rebound+1"],"picked":"SKIP","floor":35},{"not_picked":["Streamline+1","Coolheaded","Ball Lightning+1"],"picked":"SKIP","floor":37}],"player_experience":235505,"relics_obtained":[{"floor":9,"key":"Bronze Scales"},{"floor":22,"key":"Kunai"},{"floor":24,"key":"Orichalcum"},{"floor":26,"key":"Molten Egg 2"}],"event_choices":[{"damage_healed":0,"gold_gain":0,"player_choice":"Donut","damage_taken":0,"max_hp_gain":5,"max_hp_loss":0,"event_name":"Big Fish","floor":4,"gold_loss":0},{"damage_healed":0,"gold_gain":0,"player_choice":"Damaged","damage_taken":8,"max_hp_gain":0,"max_hp_loss":0,"event_name":"Wheel of Change","floor":11,"gold_loss":0},{"damage_healed":0,"gold_gain":0,"player_choice":"Read","damage_taken":0,"max_hp_gain":0,"max_hp_loss":0,"event_name":"The Library","floor":25,"gold_loss":0,"cards_obtained":["Go for the Eyes"]},{"damage_healed":0,"gold_gain":200,"player_choice":"Gold","damage_taken":0,"max_hp_gain":0,"max_hp_loss":0,"event_name":"Wheel of Change","floor":30,"gold_loss":0},{"damage_healed":0,"gold_gain":0,"player_choice":"Ignored","damage_taken":0,"max_hp_gain":0,"max_hp_loss":0,"event_name":"Tomb of Lord Red Mask","floor":38,"gold_loss":0}],"is_beta":false,"boss_relics":[{"not_picked":["Runic Pyramid","Fusion Hammer"],"picked":"Orrery"},{"not_picked":["White Beast Statue","Pandora\u0027s Box"],"picked":"Cursed Key"}],"items_purged_floors":[3,19,21,36,39],"is_endless":false,"potions_floor_spawned":[2,6,8,16,18,33,37],"killed_by":"Giant Head","ascension_level":3}