{"gold_per_floor":[115,65,82,82,43,43,69,69,69,89,14,14,45,63,63,160,160,172,16,34,49,49,49,74,74,74,74,14,25,25,40,40,144,144,163,163,163,163,15,15,15,32,55,55,85,85,101,118,118,118,118,118,32,66,66],"floor_reached":55,"playtime":3418,"items_purged":["Strike_MRS"],"score":782,"play_id":"dd3f6106-1f8a-4d0b-ab14-867e3be4b91d","local_time":"20190108160057","is_ascension_mode":true,"campfire_choices":[{"data":"UnstableBomb","floor":6,"key":"SMITH"},{"data":"FairyDestructionRay","floor":8,"key":"SMITH"},{"data":"LuminesStrike","floor":15,"key":"SMITH"},{"floor":23,"key":"REST"},{"data":"StarlightTyphoon","floor":27,"key":"SMITH"},{"data":"BinaryStars","floor":32,"key":"SMITH"},{"data":"Apotheosis","floor":40,"key":"SMITH"},{"data":"OortCloud","floor":44,"key":"SMITH"},{"floor":49,"key":"RECALL"},{"data":"CasketOfStar","floor":52,"key":"SMITH"}],"neow_cost":"NONE","seed_source_timestamp":507075008088,"circlet_count":0,"master_deck":["Defend_MRS","Defend_MRS","UpSweep","StarlightTyphoon+1","UnstableBomb+1","AlicesGift+1","GalacticHalo","FairyDestructionRay+1","LuminesStrike+1","EnergyRecoil+1","ChargeUpSpray","CasketOfStar+1","OortCloud+1","EnergyRecoil","6A+1","BinaryStars+1","ChargeUpSpray","EarthLightRay","GravityBeat","FinalSpark","OortCloud","Flash of Steel","Apotheosis+1","ReplayTheSpireMod:Uncanny Aura","PowerUp+1","GalacticHalo+1","DragonMeteor","PulseMagic+1","EnergyFlow","OortCloud","6A+1"],"relics":["MiniHakkero","Pet Ghost","FossilizedHelix","Pear","Ring of Chaos","Blue Doll","The Courier","Simple Rune","Sozu","War Paint","Pondfish Scales","Strawberry","Mummified Hand"],"potions_floor_usage":[7,16,16,42,55,55],"damage_taken":[{"damage":0,"enemies":"Small Slimes","floor":1,"turns":2},{"damage":4,"enemies":"2 Louse","floor":3,"turns":2},{"damage":14,"enemies":"Gremlin Nob","floor":7,"turns":3},{"damage":0,"enemies":"Jaw Worm","floor":10,"turns":2},{"damage":18,"enemies":"Lagavulin","floor":13,"turns":6},{"damage":0,"enemies":"Looter","floor":14,"turns":2},{"damage":6,"enemies":"Hexaghost","floor":16,"turns":9},{"damage":3,"enemies":"2 Thieves","floor":18,"turns":4},{"damage":0,"enemies":"Spheric Guardian","floor":20,"turns":3},{"damage":13,"enemies":"Cultist and Chosen","floor":21,"turns":5},{"damage":10,"enemies":"Replay:Snechameleon","floor":24,"turns":8},{"damage":0,"enemies":"Centurion and Healer","floor":29,"turns":4},{"damage":6,"enemies":"3 Cultists","floor":31,"turns":4},{"damage":40,"enemies":"Automaton","floor":33,"turns":12},{"damage":0,"enemies":"3 Shapes","floor":35,"turns":5},{"damage":0,"enemies":"3 Darklings","floor":42,"turns":4},{"damage":0,"enemies":"Nemesis","floor":45,"turns":5},{"damage":0,"enemies":"4 Shapes","floor":47,"turns":7},{"damage":0,"enemies":"Transient","floor":48,"turns":5},{"damage":3,"enemies":"Donu and Deca","floor":50,"turns":6},{"damage":12,"enemies":"Shield and Spear","floor":54,"turns":6},{"damage":96,"enemies":"The Heart","floor":55,"turns":5}],"seed_played":"-7176132871099462151","potions_obtained":[{"floor":1,"key":"Strength Potion"},{"floor":10,"key":"SteroidPotion"},{"floor":14,"key":"Poison Potion"},{"floor":16,"key":"Fire Potion"},{"floor":29,"key":"LiquidBronze"},{"floor":33,"key":"Toxic Potion"}],"is_trial":false,"path_per_floor":["M","?","M","?","$","R","E","R","T","M","$","?","E","M","R","B",null,"M","$","M","M","?","R","E","?","T","R","$","M","?","M","R","B",null,"M","?","?","?","$","R","T","M","T","R","E","?","M","M","R","B",null,"R","$","E","B"],"character_chosen":"MARISA","items_purchased":["GalacticHalo","Blue Doll","EarthLightRay","PowerUp+1","War Paint","EnergyFlow","OortCloud"],"campfire_rested":1,"item_purchase_floors":[5,19,28,39,39,53,53],"current_hp_per_floor":[75,75,71,71,71,71,57,57,57,57,57,57,49,49,49,43,85,82,82,82,69,53,80,70,70,70,70,70,74,74,72,72,36,90,90,90,80,80,80,80,80,86,86,86,93,92,92,92,92,92,92,92,92,80,0],"gold":66,"neow_bonus":"REMOVE_CARD","is_prod":false,"is_daily":false,"chose_seed":false,"campfire_upgraded":8,"win_rate":0,"timestamp":1546970457,"path_taken":["M","?","M","?","$","R","E","R","T","M","$","?","E","M","R","BOSS","M","$","M","M","?","R","E","?","T","R","$","M","?","M","R","BOSS","M","?","?","?","$","R","?","M","T","R","E","?","M","M","R","BOSS","R","$","E","BOSS"],"build_version":"2019-01-03v4","purchased_purges":1,"victory":false,"max_hp_per_floor":[75,75,75,75,75,75,75,75,75,75,75,75,85,85,85,85,85,85,85,85,85,90,90,90,90,90,90,90,90,90,90,90,90,90,90,90,90,90,90,90,90,90,90,90,97,92,92,92,92,92,92,92,92,92,92],"card_choices":[{"not_picked":["WitchOfGreed","ShootingEcho"],"picked":"StarlightTyphoon","floor":1},{"not_picked":["BlazingStar","BlazeAway"],"picked":"UnstableBomb","floor":3},{"not_picked":["LuminesStrike","EnergyRecoil"],"picked":"FairyDestructionRay","floor":7},{"not_picked":["IllusionStar","NonDirectionalLaser"],"picked":"LuminesStrike","floor":10},{"not_picked":["LuminesStrike","ManaConvection"],"picked":"EnergyRecoil","floor":13},{"not_picked":["ShootingEcho","MeteoricShower"],"picked":"ChargeUpSpray","floor":14},{"not_picked":["JA","BigCrunch"],"picked":"CasketOfStar","floor":16},{"not_picked":["SporeBomb","ChargeUpSpray"],"picked":"OortCloud","floor":18},{"not_picked":["GrandCross","GasGiant","MachineGunSpark"],"picked":"SKIP","floor":20},{"not_picked":["SporeBomb+1","6A"],"picked":"EnergyRecoil","floor":21},{"not_picked":["Occultation","WitchLeyline+1"],"picked":"6A+1","floor":24},{"not_picked":["IllusionStar","LuminesStrike"],"picked":"GravityBeat","floor":29},{"not_picked":["MysteriousBeam","IllusionStar","AsteroidBelt"],"picked":"SKIP","floor":31},{"not_picked":["JA","BlazingStar"],"picked":"FinalSpark","floor":33},{"not_picked":["GalacticHalo+1","MysteriousBeam"],"picked":"OortCloud","floor":35},{"not_picked":["Panacea","Madness"],"picked":"Flash of Steel","floor":37},{"not_picked":["Replay:Sssssssssshield","Discovery"],"picked":"Apotheosis","floor":37},{"not_picked":["Blind","Thinking Ahead"],"picked":"ReplayTheSpireMod:Uncanny Aura","floor":37},{"not_picked":["GrandCross","WitchOfGreed+1","AlicesGift+1"],"picked":"SKIP","floor":42},{"not_picked":["EnergyRecoil+1","IllusionStar"],"picked":"GalacticHalo+1","floor":45},{"not_picked":["FairyDestructionRay","SuperPerseids"],"picked":"DragonMeteor","floor":47},{"not_picked":["EnergyRecoil","LuminesStrike"],"picked":"PulseMagic+1","floor":48},{"not_picked":["LuminesStrike+1","ShootingEcho+1"],"picked":"6A+1","floor":54}],"player_experience":707477,"relics_obtained":[{"floor":7,"key":"Pet Ghost"},{"floor":9,"key":"FossilizedHelix"},{"floor":13,"key":"Pear"},{"floor":24,"key":"The Courier"},{"floor":26,"key":"Simple Rune"},{"floor":41,"key":"Pondfish Scales"},{"floor":45,"key":"Strawberry"},{"floor":54,"key":"Mummified Hand"}],"event_choices":[{"cards_removed":["Defend_MRS"],"damage_healed":0,"gold_gain":0,"player_choice":"Card Removal","damage_taken":0,"max_hp_gain":0,"max_hp_loss":0,"event_name":"The Cleric","floor":2,"gold_loss":50},{"damage_healed":0,"gold_gain":0,"player_choice":"Ignored","damage_taken":0,"max_hp_gain":0,"max_hp_loss":0,"event_name":"Liars Game","floor":12,"gold_loss":0},{"damage_healed":0,"gold_gain":0,"player_choice":"Shed Blood","damage_taken":21,"max_hp_gain":5,"max_hp_loss":0,"event_name":"Forgotten Altar","floor":22,"gold_loss":0},{"damage_healed":0,"gold_gain":0,"cards_transformed":["Strike_MRS","Strike_MRS"],"player_choice":"Became Test Subject","damage_taken":0,"max_hp_gain":0,"max_hp_loss":0,"event_name":"Drug Dealer","floor":25,"gold_loss":0,"cards_obtained":["BinaryStars","ChargeUpSpray"]},{"cards_removed":["MasterSpark"],"damage_healed":0,"gold_gain":0,"player_choice":"Elegance","damage_taken":0,"max_hp_gain":0,"max_hp_loss":0,"event_name":"Back to Basics","floor":30,"gold_loss":0},{"cards_removed":["GalacticHalo"],"damage_healed":0,"gold_gain":0,"player_choice":"Removed Skill","damage_taken":0,"max_hp_gain":0,"max_hp_loss":0,"event_name":"Falling","floor":36,"gold_loss":0},{"damage_healed":0,"gold_gain":0,"player_choice":"Memory 3","damage_taken":10,"max_hp_gain":0,"max_hp_loss":0,"event_name":"SensoryStone","floor":37,"gold_loss":0},{"damage_healed":0,"gold_gain":0,"player_choice":"Ignored","damage_taken":0,"max_hp_gain":0,"max_hp_loss":0,"event_name":"Tomb of Lord Red Mask","floor":38,"gold_loss":0},{"damage_healed":0,"gold_gain":0,"player_choice":"Max HP","damage_taken":0,"max_hp_gain":0,"max_hp_loss":5,"event_name":"Winding Halls","floor":46,"gold_loss":0}],"is_beta":false,"boss_relics":[{"not_picked":["ReplayTheSpireMod:Onyx Gauntlets","Calling Bell"],"picked":"Ring of Chaos"},{"not_picked":["White Beast Statue","Orrery"],"picked":"Sozu"}],"items_purged_floors":[11],"is_endless":false,"potions_floor_spawned":[1,10,14,16,29,33,35,42,47,54],"killed_by":"The Heart","ascension_level":1}