{"gold_per_floor":[114,129,129,79,94,94,124,124,124,124,199,214,229,244,244,344,344,359,359,359,374,389,389,404,404,404,329,79,179,194,194,194,294,294,309,309,324,339,439,439,454,454,504,519,534,549,564,128,128,128],"floor_reached":50,"playtime":3801,"items_purged":[],"score":473,"play_id":"eb714b60-02a1-4ca8-891a-4d3c1b86520e","local_time":"20190305212007","daily_mods":["Chimera","Hoarder","Terminal"],"is_ascension_mode":false,"campfire_choices":[{"data":"Zap","floor":6,"key":"SMITH"},{"data":"Bash","floor":10,"key":"SMITH"},{"data":"Survivor","floor":15,"key":"SMITH"},{"data":"Metallicize","floor":23,"key":"SMITH"},{"data":"Metallicize","floor":25,"key":"SMITH"},{"data":"Metallicize","floor":32,"key":"SMITH"},{"data":"Strike_B","floor":40,"key":"SMITH"},{"data":"Feel No Pain","floor":49,"key":"SMITH"}],"neow_cost":"","seed_source_timestamp":13309382567546,"circlet_count":0,"master_deck":["Bash+1","Survivor+1","Zap+1","Strike_R+1","Strike_G+1","Strike_B+1","Metallicize+1","Metallicize+1","Metallicize+1","Spot Weakness+1","Spot Weakness+1","Spot Weakness+1","Seeing Red+1","Seeing Red+1","Seeing Red+1","Rage+1","Rage+1","Rage+1","True Grit+1","True Grit+1","True Grit+1","Power Through+1","Power Through+1","Power Through+1","Shrug It Off+1","Shrug It Off+1","Shrug It Off+1","Cleave+1","Cleave+1","Cleave+1","Thunderclap+1","Thunderclap+1","Thunderclap+1","Feel No Pain+1","Feel No Pain","Feel No Pain","Trip+1","Trip+1","Trip+1"],"special_seed":17960,"relics":["Burning Blood","Omamori","Whetstone","Coffee Dripper","CultistMask","Question Card","Toxic Egg 2","Runic Pyramid","Magic Flower","Orichalcum","Bag of Marbles","ClockworkSouvenir"],"potions_floor_usage":[7,22,33,33,33,41,41,50],"damage_taken":[{"damage":0,"enemies":"Small Slimes","floor":1,"turns":3},{"damage":1,"enemies":"2 Louse","floor":2,"turns":3},{"damage":0,"enemies":"Cultist","floor":5,"turns":3},{"damage":6,"enemies":"Gremlin Nob","floor":7,"turns":4},{"damage":9,"enemies":"Large Slime","floor":12,"turns":5},{"damage":1,"enemies":"2 Fungi Beasts","floor":13,"turns":3},{"damage":0,"enemies":"Exordium Thugs","floor":14,"turns":3},{"damage":27,"enemies":"Slime Boss","floor":16,"turns":11},{"damage":12,"enemies":"3 Byrds","floor":18,"turns":6},{"damage":6,"enemies":"2 Thieves","floor":21,"turns":4},{"damage":30,"enemies":"Chosen and Byrds","floor":22,"turns":5},{"damage":3,"enemies":"Centurion and Healer","floor":24,"turns":8},{"damage":0,"enemies":"Shelled Parasite and Fungi","floor":30,"turns":5},{"damage":42,"enemies":"Automaton","floor":33,"turns":9},{"damage":8,"enemies":"Orb Walker","floor":35,"turns":4},{"damage":7,"enemies":"3 Shapes","floor":37,"turns":7},{"damage":40,"enemies":"Sphere and 2 Shapes","floor":38,"turns":11},{"damage":3,"enemies":"Mind Bloom Boss Battle","floor":39,"turns":8},{"damage":2,"enemies":"Writhing Mass","floor":41,"turns":9},{"damage":10,"enemies":"Spire Growth","floor":44,"turns":8},{"damage":4,"enemies":"Sphere and 2 Shapes","floor":45,"turns":14},{"damage":0,"enemies":"3 Darklings","floor":46,"turns":6},{"damage":0,"enemies":"Spire Growth","floor":47,"turns":6},{"damage":34,"enemies":"Time Eater","floor":50,"turns":14}],"seed_played":"-7796585460280550823","potions_obtained":[{"floor":1,"key":"Block Potion"},{"floor":7,"key":"LiquidBronze"},{"floor":12,"key":"Strength Potion"},{"floor":14,"key":"Regen Potion"},{"floor":24,"key":"Energy Potion"},{"floor":37,"key":"Strength Potion"},{"floor":39,"key":"Dexterity Potion"},{"floor":46,"key":"Ancient Potion"}],"is_trial":false,"path_per_floor":["M","M","?","?","M","R","E","?","T","R","?","M","M","M","R","B",null,"M","?","$","M","M","R","M","R","T","?","$","?","M","?","R","B",null,"M","?","M","M","?","R","M","?","T","M","M","M","M","$","R","B"],"character_chosen":"IRONCLAD","items_purchased":["Toxic Egg 2","Trip+1","Bag of Marbles","ClockworkSouvenir"],"campfire_rested":0,"item_purchase_floors":[28,48,48,48],"current_hp_per_floor":[78,77,76,75,74,73,72,71,70,69,58,55,60,65,64,43,62,56,56,56,56,32,32,35,35,35,35,35,35,41,41,41,19,45,43,43,42,8,11,11,18,18,18,17,22,31,32,31,30,0],"gold":128,"neow_bonus":"","is_prod":false,"is_daily":true,"chose_seed":false,"campfire_upgraded":8,"win_rate":0,"timestamp":1551817207,"path_taken":["M","M","?","?","M","R","E","?","T","R","?","M","M","M","R","BOSS","M","?","$","M","M","R","?","R","T","?","$","?","?","?","R","BOSS","M","?","M","M","?","R","M","?","T","M","M","M","M","$","R","BOSS"],"build_version":"2019-01-23","purchased_purges":0,"victory":false,"max_hp_per_floor":[78,77,76,75,74,73,72,71,70,69,68,67,66,65,64,63,62,61,60,59,58,57,56,55,54,53,52,51,50,49,48,47,46,45,44,43,42,41,40,39,38,37,36,35,34,33,32,31,30,30],"card_choices":[{"not_picked":["Pummel","Heavy Blade","Clothesline"],"picked":"SKIP","floor":1},{"not_picked":["Ghostly Armor","Rupture","Twin Strike"],"picked":"SKIP","floor":2},{"not_picked":["Armaments","Pommel Strike","Anger"],"picked":"SKIP","floor":5},{"not_picked":["Headbutt","Entrench","Second Wind"],"picked":"SKIP","floor":7},{"not_picked":["True Grit","Pummel","Ghostly Armor"],"picked":"SKIP","floor":12},{"not_picked":["Blood for Blood","Shrug It Off","True Grit"],"picked":"SKIP","floor":13},{"not_picked":["Havoc","Perfected Strike","Heavy Blade"],"picked":"SKIP","floor":14},{"not_picked":["Clothesline","Blood for Blood","Sword Boomerang"],"picked":"SKIP","floor":18},{"not_picked":["Rage","Pommel Strike","Wild Strike"],"picked":"SKIP","floor":21},{"not_picked":["Thunderclap","Corruption"],"picked":"Metallicize","floor":22},{"not_picked":["Thunderclap","Feel No Pain+1","Fire Breathing"],"picked":"SKIP","floor":24},{"not_picked":["Anger+1","Power Through+1","Pommel Strike"],"picked":"Spot Weakness+1","floor":30},{"not_picked":["Sword Boomerang","Perfected Strike+1","Pommel Strike"],"picked":"Seeing Red+1","floor":35},{"not_picked":["Sword Boomerang+1","Perfected Strike","Corruption+1"],"picked":"Rage+1","floor":37},{"not_picked":["Flex+1","Heavy Blade+1","Body Slam"],"picked":"True Grit+1","floor":38},{"not_picked":["Headbutt+1","Dual Wield+1","Cleave+1"],"picked":"Power Through+1","floor":39},{"not_picked":["Rage+1","Havoc+1","Fire Breathing"],"picked":"Shrug It Off+1","floor":41},{"not_picked":["Intimidate+1","Cleave","Wild Strike+1","Metallicize"],"picked":"SKIP","floor":44},{"not_picked":["Immolate","Havoc+1","Rampage+1"],"picked":"Cleave+1","floor":45},{"not_picked":["Warcry+1","Shrug It Off+1","Feel No Pain+1"],"picked":"Thunderclap+1","floor":46},{"not_picked":["Anger+1","Shrug It Off+1","Havoc+1"],"picked":"Feel No Pain","floor":47}],"player_experience":67817,"relics_obtained":[{"floor":7,"key":"Omamori"},{"floor":9,"key":"Whetstone"},{"floor":26,"key":"Question Card"},{"floor":39,"key":"Magic Flower"},{"floor":43,"key":"Orichalcum"}],"event_choices":[{"damage_healed":0,"gold_gain":0,"player_choice":"Ignored","damage_taken":0,"max_hp_gain":0,"max_hp_loss":0,"event_name":"Liars Game","floor":3,"gold_loss":0},{"cards_removed":["Defend_G"],"damage_healed":0,"gold_gain":0,"player_choice":"Card Removal","damage_taken":0,"max_hp_gain":0,"max_hp_loss":0,"event_name":"The Cleric","floor":4,"gold_loss":50},{"damage_healed":0,"gold_gain":0,"player_choice":"Fled","damage_taken":0,"max_hp_gain":0,"max_hp_loss":0,"event_name":"Scrap Ooze","floor":8,"gold_loss":0},{"damage_healed":0,"gold_gain":75,"player_choice":"Gather Gold","damage_taken":11,"max_hp_gain":0,"max_hp_loss":0,"event_name":"World of Goop","floor":11,"gold_loss":0},{"damage_healed":0,"gold_gain":0,"player_choice":"Trade","damage_taken":0,"relics_obtained":["CultistMask"],"max_hp_gain":0,"max_hp_loss":0,"event_name":"FaceTrader","floor":19,"gold_loss":0},{"cards_removed":["Defend_B"],"damage_healed":0,"gold_gain":0,"player_choice":"Gave Gold","damage_taken":0,"max_hp_gain":0,"max_hp_loss":0,"event_name":"Beggar","floor":27,"gold_loss":75},{"damage_healed":0,"gold_gain":100,"player_choice":"Pray","damage_taken":0,"max_hp_gain":0,"max_hp_loss":0,"event_name":"Golden Shrine","floor":29,"gold_loss":0},{"cards_removed":["Defend_R"],"damage_healed":0,"gold_gain":0,"player_choice":"Elegance","damage_taken":0,"max_hp_gain":0,"max_hp_loss":0,"event_name":"Back to Basics","floor":31,"gold_loss":0},{"damage_healed":0,"gold_gain":0,"player_choice":"Ignored","damage_taken":0,"max_hp_gain":0,"max_hp_loss":0,"event_name":"Tomb of Lord Red Mask","floor":36,"gold_loss":0},{"damage_healed":0,"gold_gain":0,"player_choice":"Fight","damage_taken":0,"max_hp_gain":0,"max_hp_loss":0,"event_name":"MindBloom","floor":39,"gold_loss":0},{"damage_healed":0,"gold_gain":0,"player_choice":"Ignored","damage_taken":0,"max_hp_gain":0,"max_hp_loss":0,"event_name":"SecretPortal","floor":42,"gold_loss":0}],"is_beta":false,"boss_relics":[{"not_picked":["Mark of Pain","Empty Cage"],"picked":"Coffee Dripper"},{"not_picked":["Snecko Eye","Calling Bell"],"picked":"Runic Pyramid"}],"items_purged_floors":[],"is_endless":false,"potions_floor_spawned":[1,7,12,14,24,30,37,39,46],"killed_by":"Time Eater","ascension_level":0}