{"gold_per_floor":[16,116,126,141,152,152,166,166,166,183,196,196,51,85,85,161,161,179,190,206,206,60,60,60],"floor_reached":24,"playtime":932,"items_purged":[],"score":350,"play_id":"d1fdb1b9-9461-4361-81ae-3936a10f6c44","local_time":"20190221133316","is_ascension_mode":true,"campfire_choices":[{"data":"Armaments","floor":6,"key":"SMITH"},{"floor":8,"key":"REST"},{"data":"Limit Break","floor":12,"key":"SMITH"},{"floor":15,"key":"REST"},{"floor":23,"key":"REST"}],"neow_cost":"NO_GOLD","seed_source_timestamp":105172173192593,"circlet_count":0,"master_deck":["AscendersBane","Strike_R","Strike_R","Strike_R","Strike_R","Strike_R","Defend_R","Defend_R","Defend_R","Defend_R","Bash","Limit Break+1","Armaments+1","Sword Boomerang","Headbutt","Clothesline","Cleave","Pummel","Double Tap","Heavy Blade","Shrug It Off","Writhe"],"relics":["Burning Blood","Mercury Hourglass","Oddly Smooth Stone","Sozu","Calipers","Regal Pillow"],"potions_floor_usage":[10,14,14],"damage_taken":[{"damage":13,"enemies":"Jaw Worm","floor":1,"turns":5},{"damage":6,"enemies":"Cultist","floor":3,"turns":3},{"damage":0,"enemies":"2 Louse","floor":4,"turns":3},{"damage":8,"enemies":"Blue Slaver","floor":5,"turns":5},{"damage":20,"enemies":"Large Slime","floor":7,"turns":6},{"damage":4,"enemies":"3 Louse","floor":10,"turns":3},{"damage":9,"enemies":"Looter","floor":11,"turns":3},{"damage":30,"enemies":"3 Sentries","floor":14,"turns":5},{"damage":70,"enemies":"The Guardian","floor":16,"turns":16},{"damage":6,"enemies":"3 Byrds","floor":18,"turns":4},{"damage":11,"enemies":"Chosen","floor":19,"turns":4},{"damage":7,"enemies":"Snecko","floor":20,"turns":5},{"damage":80,"enemies":"Book of Stabbing","floor":24,"turns":7}],"seed_played":"8670766365203120264","potions_obtained":[{"floor":5,"key":"Regen Potion"},{"floor":7,"key":"Poison Potion"},{"floor":10,"key":"Block Potion"},{"floor":11,"key":"Fruit Juice"}],"is_trial":false,"path_per_floor":["M","?","M","M","M","R","M","R","T","M","M","R","$","E","R","B",null,"M","M","M","?","$","R","E"],"character_chosen":"IRONCLAD","items_purchased":["Double Tap","Regal Pillow"],"campfire_rested":3,"item_purchase_floors":[13,22],"current_hp_per_floor":[61,61,61,67,65,65,51,73,73,75,72,72,72,65,80,16,64,64,59,58,58,58,80,0],"gold":60,"neow_bonus":"THREE_RARE_CARDS","is_prod":false,"is_daily":false,"chose_seed":false,"campfire_upgraded":2,"win_rate":0,"timestamp":1550791996,"path_taken":["M","?","M","M","?","R","M","R","T","M","M","R","$","E","R","BOSS","M","M","M","?","$","R","E"],"build_version":"2019-01-23","purchased_purges":0,"victory":false,"max_hp_per_floor":[75,75,75,75,75,75,75,75,75,75,75,75,75,80,80,80,80,80,80,80,80,80,80,80],"card_choices":[{"not_picked":["Bludgeon","Barricade"],"picked":"Limit Break","floor":0},{"not_picked":["True Grit","Clothesline"],"picked":"Armaments","floor":1},{"not_picked":["Carnage","Disarm"],"picked":"Sword Boomerang","floor":3},{"not_picked":["Anger","Warcry"],"picked":"Headbutt","floor":4},{"not_picked":["Wild Strike","Havoc","Blood for Blood"],"picked":"SKIP","floor":5},{"not_picked":["Thunderclap","Clash"],"picked":"Clothesline","floor":7},{"not_picked":["Battle Trance","Infernal Blade"],"picked":"Cleave","floor":10},{"not_picked":["Clash","Corruption"],"picked":"Pummel","floor":11},{"not_picked":["Sentinel","Bludgeon","Iron Wave"],"picked":"SKIP","floor":14},{"not_picked":["Warcry+1","Flame Barrier"],"picked":"Heavy Blade","floor":18},{"not_picked":["Metallicize","Wild Strike","Twin Strike"],"picked":"SKIP","floor":19},{"not_picked":["Twin Strike","Combust"],"picked":"Shrug It Off","floor":20}],"player_experience":458093,"relics_obtained":[{"floor":9,"key":"Mercury Hourglass"},{"floor":14,"key":"Oddly Smooth Stone"}],"event_choices":[{"damage_healed":0,"gold_gain":100,"player_choice":"Gold","damage_taken":0,"max_hp_gain":0,"max_hp_loss":0,"event_name":"Wheel of Change","floor":2,"gold_loss":0},{"damage_healed":0,"gold_gain":0,"player_choice":"Opened","damage_taken":0,"relics_obtained":["Calipers"],"max_hp_gain":0,"max_hp_loss":0,"event_name":"The Mausoleum","floor":21,"gold_loss":0,"cards_obtained":["Writhe"]}],"is_beta":false,"boss_relics":[{"not_picked":["Empty Cage","Ectoplasm"],"picked":"Sozu"}],"items_purged_floors":[],"is_endless":false,"potions_floor_spawned":[5,7,10,11],"killed_by":"Book of Stabbing","ascension_level":15}