{"gold_per_floor":[116,135,135,11,0,0,26,36,36,51,51,62,62,79,79,175,175,188,128,53,53,0,0,28,46,46,46,63,63,63,63],"floor_reached":31,"playtime":1535,"items_purged":["Writhe"],"score":417,"play_id":"09c66746-cfa0-4ee4-b734-fea4928a7e3e","local_time":"20181226004251","is_ascension_mode":true,"campfire_choices":[{"data":"Mayhem","floor":6,"key":"SMITH"},{"floor":13,"key":"REST"},{"floor":15,"key":"REST"},{"data":"1","floor":23,"key":"LIFT"},{"floor":27,"key":"REST"},{"floor":30,"key":"REST"}],"neow_cost":"CURSE","seed_source_timestamp":40762146228056,"circlet_count":0,"master_deck":["AscendersBane","Defend_G","Defend_G","Defend_G","Strike_G","Strike_G","Strike_G","Strike_G","Strike_G","Survivor+1","Neutralize+1","Mayhem+1","Discovery","Blur","Noxious Fumes","Footwork","Sucker Punch","Infinite Blades","Burst","After Image","Leg Sweep","Catalyst","Predator","A Thousand Cuts","Eviscerate","Dodge and Roll"],"relics":["Ring of the Snake","Girya","Bottled Tornado","Sozu","Centennial Puzzle","Snake Skull","Orichalcum"],"potions_floor_usage":[12,16,16,18],"damage_taken":[{"damage":5,"enemies":"Cultist","floor":1,"turns":5},{"damage":4,"enemies":"2 Louse","floor":2,"turns":2},{"damage":0,"enemies":"Lagavulin","floor":7,"turns":10},{"damage":5,"enemies":"Jaw Worm","floor":8,"turns":6},{"damage":1,"enemies":"Large Slime","floor":10,"turns":7},{"damage":8,"enemies":"Exordium Wildlife","floor":12,"turns":6},{"damage":10,"enemies":"3 Louse","floor":14,"turns":4},{"damage":8,"enemies":"Slime Boss","floor":16,"turns":7},{"damage":2,"enemies":"Chosen","floor":18,"turns":5},{"damage":12,"enemies":"2 Thieves","floor":19,"turns":4},{"damage":40,"enemies":"Slavers","floor":24,"turns":8},{"damage":3,"enemies":"Centurion and Healer","floor":25,"turns":8},{"damage":23,"enemies":"3 Cultists","floor":28,"turns":5},{"damage":27,"enemies":"Gremlin Leader","floor":31,"turns":2}],"seed_played":"-5374649576857557724","potions_obtained":[{"floor":7,"key":"Ancient Potion"},{"floor":8,"key":"Strength Potion"},{"floor":14,"key":"Explosive Potion"}],"is_trial":false,"path_per_floor":["M","M","?","$","?","R","E","M","T","M","?","M","R","M","R","B",null,"M","M","?","?","?","R","E","M","T","R","M","T","R","E"],"character_chosen":"THE_SILENT","items_purchased":["Weak Potion"],"campfire_rested":4,"item_purchase_floors":[4],"current_hp_per_floor":[58,54,40,40,40,40,40,35,35,34,34,26,47,37,58,50,65,63,51,51,51,51,51,11,8,8,29,6,6,27,0],"gold":63,"neow_bonus":"RANDOM_COLORLESS_2","is_prod":false,"is_daily":false,"chose_seed":false,"campfire_upgraded":1,"win_rate":0,"timestamp":1545792171,"path_taken":["M","?","?","$","?","R","E","M","T","M","?","M","R","M","R","BOSS","M","M","?","?","?","R","E","M","T","R","M","?","R","E"],"build_version":"2018-12-20","purchased_purges":1,"victory":false,"max_hp_per_floor":[70,70,70,70,70,70,70,70,70,70,70,70,70,70,70,70,70,70,70,70,70,70,70,70,70,70,70,70,70,70,70],"card_choices":[{"not_picked":["Outmaneuver","Blade Dance"],"picked":"Blur","floor":1},{"not_picked":["Blur","Caltrops"],"picked":"Noxious Fumes","floor":2},{"not_picked":["Expertise","Well Laid Plans"],"picked":"Footwork","floor":7},{"not_picked":["Prepared","Bane"],"picked":"Sucker Punch","floor":8},{"not_picked":["Dagger Throw","Deadly Poison","Calculated Gamble"],"picked":"SKIP","floor":10},{"not_picked":["Distraction","Poisoned Stab"],"picked":"Infinite Blades","floor":12},{"not_picked":["Bane","Slice"],"picked":"Burst","floor":14},{"not_picked":["Wraith Form v2","Grand Finale"],"picked":"After Image","floor":16},{"not_picked":["Bane","Deadly Poison"],"picked":"Leg Sweep","floor":18},{"not_picked":["Underhanded Strike+1","Skewer"],"picked":"Catalyst","floor":19},{"not_picked":["Footwork","Flying Knee"],"picked":"A Thousand Cuts","floor":24},{"not_picked":["Cloak And Dagger","Slice"],"picked":"Eviscerate","floor":25},{"not_picked":["Finisher","Accuracy"],"picked":"Dodge and Roll","floor":28}],"player_experience":635495,"relics_obtained":[{"floor":7,"key":"Girya"},{"floor":9,"key":"Bottled Tornado"},{"floor":24,"key":"Centennial Puzzle"},{"floor":26,"key":"Snake Skull"},{"floor":29,"key":"Orichalcum"}],"event_choices":[{"damage_healed":0,"gold_gain":0,"player_choice":"Entered Light","damage_taken":14,"max_hp_gain":0,"max_hp_loss":0,"event_name":"Shining Light","floor":3,"gold_loss":0,"cards_upgraded":["Survivor","Neutralize"]},{"damage_healed":0,"gold_gain":0,"player_choice":"Left Gold","damage_taken":0,"max_hp_gain":0,"max_hp_loss":0,"event_name":"World of Goop","floor":5,"gold_loss":11},{"cards_removed":["Defend_G"],"damage_healed":0,"gold_gain":0,"player_choice":"Forget","damage_taken":0,"max_hp_gain":0,"max_hp_loss":0,"event_name":"Living Wall","floor":11,"gold_loss":0},{"cards_removed":["Defend_G"],"damage_healed":0,"gold_gain":0,"player_choice":"Gave Gold","damage_taken":0,"max_hp_gain":0,"max_hp_loss":0,"event_name":"Beggar","floor":20,"gold_loss":75},{"damage_healed":0,"gold_gain":0,"player_choice":"Read","damage_taken":0,"max_hp_gain":0,"max_hp_loss":0,"event_name":"The Library","floor":21,"gold_loss":0,"cards_obtained":["Predator"]},{"damage_healed":0,"gold_gain":0,"player_choice":"Paid Fearfully","damage_taken":0,"max_hp_gain":0,"max_hp_loss":0,"event_name":"Masked Bandits","floor":22,"gold_loss":53}],"is_beta":false,"boss_relics":[{"not_picked":["Ring of the Serpent","Eternal Feather"],"picked":"Sozu"}],"items_purged_floors":[4],"is_endless":false,"potions_floor_spawned":[7,8,14,25,28],"killed_by":"Gremlin Leader","ascension_level":10}