{"gold_per_floor":[110,120,45,61,61,92,92,112,112,112,12,32,107,107,107,207,207,175,90,90,103,119,119,132,150,204,217,217,217],"floor_reached":29,"playtime":1390,"items_purged":["Defend_R","Strike_R"],"score":263,"play_id":"c0c8d4a2-2970-4488-b7ae-1a058d5c046d","local_time":"20190310162357","is_ascension_mode":true,"campfire_choices":[{"data":"True Grit","floor":7,"key":"SMITH"},{"data":"Body Slam","floor":10,"key":"SMITH"},{"floor":15,"key":"REST"},{"data":"Whirlwind","floor":23,"key":"SMITH"},{"data":"Power Through","floor":28,"key":"SMITH"}],"neow_cost":"NONE","seed_source_timestamp":79534773398993,"circlet_count":0,"master_deck":["Defend_R","Defend_R","Defend_R+1","Bash+1","Shrug It Off+1","Anger","True Grit+1","Body Slam+1","Power Through+1","Juggernaut","Bite","Bite","Bite","Bite","Bite","Whirlwind+1","Spot Weakness"],"relics":["Burning Blood","Vajra","War Paint","Magic Flower","Pantograph","Snecko Eye","Question Card","Dream Catcher"],"potions_floor_usage":[12,16,25,27,29],"damage_taken":[{"damage":3,"enemies":"Small Slimes","floor":1,"turns":3},{"damage":5,"enemies":"2 Louse","floor":2,"turns":4},{"damage":6,"enemies":"Jaw Worm","floor":4,"turns":3},{"damage":32,"enemies":"3 Sentries","floor":6,"turns":9},{"damage":4,"enemies":"2 Fungi Beasts","floor":8,"turns":4},{"damage":3,"enemies":"Exordium Thugs","floor":12,"turns":4},{"damage":20,"enemies":"Hexaghost","floor":16,"turns":9},{"damage":15,"enemies":"2 Thieves","floor":18,"turns":5},{"damage":17,"enemies":"Shell Parasite","floor":21,"turns":6},{"damage":52,"enemies":"Sentry and Sphere","floor":22,"turns":8},{"damage":23,"enemies":"Chosen and Byrds","floor":24,"turns":6},{"damage":31,"enemies":"Snake Plant","floor":25,"turns":6},{"damage":1,"enemies":"Snecko","floor":27,"turns":6},{"damage":57,"enemies":"Slavers","floor":29,"turns":4}],"seed_played":"7951392843292200557","potions_obtained":[{"floor":6,"key":"Explosive Potion"},{"floor":8,"key":"Energy Potion"},{"floor":12,"key":"Strength Potion"},{"floor":16,"key":"Block Potion"},{"floor":22,"key":"AttackPotion"},{"floor":24,"key":"Strength Potion"}],"is_trial":false,"path_per_floor":["M","M","$","M","?","E","R","M","T","R","$","M","?","?","R","B",null,"M","?","?","M","M","R","M","M","T","M","R","E"],"character_chosen":"IRONCLAD","items_purchased":[],"campfire_rested":1,"item_purchase_floors":[],"current_hp_per_floor":[80,80,80,80,68,42,42,47,47,47,47,53,42,42,66,69,80,74,74,56,56,31,31,23,22,22,45,45,0],"gold":217,"neow_bonus":"RANDOM_COMMON_RELIC","is_prod":false,"is_daily":false,"chose_seed":false,"campfire_upgraded":4,"win_rate":0,"timestamp":1552231437,"path_taken":["M","M","$","M","?","E","R","M","T","R","$","M","?","?","R","BOSS","M","?","?","?","M","R","M","M","T","M","R","E"],"build_version":"2019-01-23","purchased_purges":2,"victory":false,"max_hp_per_floor":[80,80,80,80,80,80,80,80,80,80,80,80,80,80,80,80,80,80,80,56,56,56,56,56,56,56,56,56,56],"card_choices":[{"not_picked":["Wild Strike","Reckless Charge"],"picked":"Shrug It Off","floor":1},{"not_picked":["Heavy Blade","Clothesline"],"picked":"Anger","floor":2},{"not_picked":["Anger","Heavy Blade"],"picked":"True Grit","floor":4},{"not_picked":["Clothesline","Second Wind"],"picked":"Body Slam","floor":6},{"not_picked":["Bludgeon","Thunderclap","Flex"],"picked":"SKIP","floor":8},{"not_picked":["Blood for Blood","Evolve"],"picked":"Power Through","floor":12},{"not_picked":["Exhume","Double Tap"],"picked":"Juggernaut","floor":16},{"not_picked":["Corruption","Searing Blow","Anger"],"picked":"SKIP","floor":18},{"not_picked":["Clothesline","Pommel Strike","Iron Wave"],"picked":"Whirlwind","floor":21},{"not_picked":["Bloodletting","Warcry+1","Clothesline"],"picked":"Spot Weakness","floor":22},{"not_picked":["True Grit","Sever Soul","Body Slam","Pommel Strike"],"picked":"SKIP","floor":24},{"not_picked":["Carnage","Dark Embrace","Headbutt","Perfected Strike"],"picked":"SKIP","floor":25},{"not_picked":["Inflame+1","Flex","Clash+1","Cleave+1"],"picked":"SKIP","floor":27}],"player_experience":151520,"relics_obtained":[{"floor":6,"key":"Magic Flower"},{"floor":9,"key":"Pantograph"},{"floor":26,"key":"Dream Catcher"}],"event_choices":[{"damage_healed":0,"gold_gain":0,"player_choice":"Success","damage_taken":12,"relics_obtained":["War Paint"],"max_hp_gain":0,"max_hp_loss":0,"event_name":"Scrap Ooze","floor":5,"gold_loss":0},{"damage_healed":0,"gold_gain":75,"player_choice":"Gather Gold","damage_taken":11,"max_hp_gain":0,"max_hp_loss":0,"event_name":"World of Goop","floor":13,"gold_loss":0},{"damage_healed":0,"gold_gain":0,"player_choice":"Grow","damage_taken":0,"max_hp_gain":0,"max_hp_loss":0,"event_name":"Living Wall","floor":14,"gold_loss":0,"cards_upgraded":["Bash"]},{"damage_healed":0,"gold_gain":0,"player_choice":"Obtained Relic","damage_taken":0,"relics_obtained":["Question Card"],"max_hp_gain":0,"max_hp_loss":0,"event_name":"Addict","floor":19,"gold_loss":85},{"damage_healed":0,"gold_gain":0,"player_choice":"Became a vampire","damage_taken":0,"max_hp_gain":0,"max_hp_loss":24,"event_name":"Vampires","floor":20,"gold_loss":0,"cards_obtained":["Bite","Bite","Bite","Bite","Bite"]}],"is_beta":false,"boss_relics":[{"not_picked":["Runic Dome","Runic Pyramid"],"picked":"Snecko Eye"}],"items_purged_floors":[3,11],"is_endless":false,"potions_floor_spawned":[6,8,12,16,22,24],"killed_by":"Slavers","ascension_level":1}