{"gold_per_floor":[118,118,66,66,87,130,130,170,170,170,170,71,85,106,106,235,235,255,255,270,88,103,103,103],"floor_reached":24,"playtime":1721,"items_purged":["Strike_B"],"score":204,"play_id":"817d15b1-ab5a-4e48-b596-077a6c4e7b23","local_time":"20180718015945","is_ascension_mode":false,"campfire_choices":[{"floor":7,"key":"REST"},{"floor":15,"key":"REST"},{"floor":23,"key":"REST"}],"neow_cost":"","seed_source_timestamp":5477517207363,"circlet_count":0,"master_deck":["Strike_B","Strike_B","Defend_B","Defend_B","Defend_B","Defend_B","Zap","Dualcast","Gash","Redo","Redo+1","Rip and Tear","Scrape+1","Steam","Chaos","Gash+1","Thunder Strike+1","Writhe","Writhe","Doubt","Beam Cell+1","Scrape+1","Storm","Beam Cell+1"],"relics":["Cracked Core","Golden Idol","Kunai","Molten Egg 2","Dodecahedron","Calling Bell","Boot","Ornamental Fan","Ice Cream","Lantern"],"potions_floor_usage":[6,6,14,14,16,24],"damage_taken":[{"damage":0,"enemies":"Jaw Worm","floor":1,"turns":3},{"damage":0,"enemies":"Cultist","floor":5,"turns":2},{"damage":19,"enemies":"Gremlin Nob","floor":6,"turns":4},{"damage":22,"enemies":"3 Sentries","floor":8,"turns":6},{"damage":10,"enemies":"Small Slimes","floor":13,"turns":2},{"damage":16,"enemies":"3 Louse","floor":14,"turns":3},{"damage":24,"enemies":"Slime Boss","floor":16,"turns":8},{"damage":31,"enemies":"2 Thieves","floor":18,"turns":4},{"damage":23,"enemies":"3 Byrds","floor":20,"turns":5},{"damage":38,"enemies":"Snake Plant","floor":22,"turns":5},{"damage":41,"enemies":"Chosen and Byrds","floor":24,"turns":6}],"seed_played":"-934096870225280111","potions_obtained":[{"floor":2,"key":"SpeedPotion"},{"floor":2,"key":"LiquidBronze"},{"floor":2,"key":"AttackPotion"},{"floor":6,"key":"Weak Potion"},{"floor":13,"key":"Poison Potion"},{"floor":16,"key":"Dexterity Potion"},{"floor":20,"key":"EssenceOfSteel"}],"is_trial":false,"path_per_floor":["M","?","$","?","M","E","R","E","T","?","?","$","M","M","R","B",null,"M","?","M","$","M","R"],"character_chosen":"DEFECT","items_purchased":["Redo","Steam","Lantern","Storm"],"campfire_rested":3,"item_purchase_floors":[3,12,21,21],"current_hp_per_floor":[75,75,75,57,57,38,60,38,38,38,31,31,21,5,27,3,75,44,69,46,46,8,30,0],"gold":103,"neow_bonus":"","is_prod":false,"is_daily":false,"chose_seed":false,"campfire_upgraded":0,"win_rate":0.0,"timestamp":1531897185,"path_taken":["M","?","$","?","M","E","R","E","T","?","?","$","M","M","R","BOSS","M","?","M","$","M","R","?"],"build_version":"2018-07-12","purchased_purges":1,"victory":false,"max_hp_per_floor":[75,75,75,75,75,75,75,75,75,75,75,75,75,75,75,75,75,75,75,75,75,75,75,75],"card_choices":[{"not_picked":["Go for the Eyes","Ball Lightning"],"picked":"Gash","floor":1},{"not_picked":["Force Field","Hologram"],"picked":"Redo","floor":5},{"not_picked":["Stack","Barrage"],"picked":"Rip and Tear","floor":6},{"not_picked":["Hologram","Defragment"],"picked":"Scrape","floor":8},{"not_picked":["Redo","Loop"],"picked":"Chaos","floor":13},{"not_picked":["Cold Snap+1","Barrage+1"],"picked":"Gash+1","floor":14},{"not_picked":["Fission","Buffer"],"picked":"Thunder Strike+1","floor":16},{"not_picked":["Melter+1","Sweeping Beam+1"],"picked":"Beam Cell+1","floor":18},{"not_picked":["Lockon+1","Darkness"],"picked":"Scrape+1","floor":20},{"not_picked":["Leap","Cold Snap+1"],"picked":"Beam Cell+1","floor":22}],"player_experience":12428,"relics_obtained":[{"floor":6,"key":"Kunai"},{"floor":8,"key":"Molten Egg 2"},{"floor":9,"key":"Dodecahedron"},{"floor":17,"key":"Boot"},{"floor":17,"key":"Ornamental Fan"},{"floor":17,"key":"Ice Cream"}],"event_choices":[{"event_name":"The Lab","player_choice":"Got Potions","floor":2,"damage_taken":0},{"event_name":"Golden Idol","player_choice":"Take Damage","floor":4,"damage_taken":0},{"event_name":"Accursed Blacksmith","player_choice":"Forge","floor":10,"damage_taken":0},{"event_name":"Golden Wing","player_choice":"Card Removal","floor":11,"damage_taken":0},{"event_name":"The Library","player_choice":"Heal","floor":19,"damage_taken":0}],"boss_relics":[{"not_picked":["Ectoplasm","Orrery"],"picked":"Calling Bell"}],"items_purged_floors":[12],"is_endless":false,"potions_floor_spawned":[6,13,16,20],"killed_by":"Chosen and Byrds","ascension_level":0}