{"gold_per_floor":[118,137,137,8,8,8,21,21,21,50,63,63,63,89,89,89],"floor_reached":16,"playtime":632,"items_purged":[],"score":211,"play_id":"ded322dc-d620-4416-ba94-8eeadc3b8772","local_time":"20190309102322","is_ascension_mode":true,"campfire_choices":[{"data":"Caltrops","floor":6.0,"key":"SMITH"},{"data":"Tactician","floor":12.0,"key":"SMITH"},{"floor":15,"key":"REST"}],"neow_cost":"TEN_PERCENT_HP_LOSS","seed_source_timestamp":233339039032319,"circlet_count":0,"master_deck":["AscendersBane","Defend_G","Defend_G","Defend_G","Defend_G","Defend_G","Strike_G","Strike_G","Strike_G","Strike_G","Strike_G","Survivor","Neutralize","Unload","Deadly Poison","Escape Plan","Dagger Throw","Caltrops+1","Tactician+1","Leg Sweep","Reflex"],"special_seed":0,"relics":["Ring of the Snake","Anchor","Vajra"],"potions_floor_usage":[14,16],"damage_taken":[{"damage":1.0,"enemies":"2 Louse","floor":1.0,"turns":3.0},{"damage":4.0,"enemies":"Jaw Worm","floor":2.0,"turns":4.0},{"damage":5.0,"enemies":"Small Slimes","floor":7.0,"turns":4.0},{"damage":15.0,"enemies":"3 Sentries","floor":10.0,"turns":10.0},{"damage":5.0,"enemies":"Blue Slaver","floor":11.0,"turns":4.0},{"damage":32,"enemies":"Gremlin Nob","floor":14,"turns":3},{"damage":31,"enemies":"Hexaghost","floor":16,"turns":11}],"seed_played":"4783045546119749075","potions_obtained":[{"floor":7.0,"key":"Poison Potion"},{"floor":11.0,"key":"Dexterity Potion"},{"floor":14,"key":"FairyPotion"}],"is_trial":false,"path_per_floor":["M","M","?","$","?","R","M","?","T","E","M","R","?","E","R","B"],"character_chosen":"THE_SILENT","items_purchased":["Dagger Throw","Caltrops"],"campfire_rested":1,"item_purchase_floors":[4,4],"current_hp_per_floor":[58,54,59,59,59,59,54,54,54,39,34,34,34,2,21,0],"gold":89,"neow_bonus":"THREE_RARE_CARDS","is_prod":false,"is_daily":false,"chose_seed":false,"campfire_upgraded":2,"win_rate":0,"timestamp":1552123402,"path_taken":["M","M","?","$","?","R","M","?","T","E","M","R","?","E","R","BOSS"],"build_version":"2019-01-23","purchased_purges":0,"victory":false,"max_hp_per_floor":[60,60,65,65,65,65,65,65,65,65,65,65,65,65,65,65],"card_choices":[{"not_picked":["Grand Finale","Die Die Die"],"picked":"Unload","floor":0.0},{"not_picked":["Dodge and Roll","Outmaneuver"],"picked":"Deadly Poison","floor":1.0},{"not_picked":["Underhanded Strike","Backstab"],"picked":"Escape Plan","floor":2.0},{"not_picked":["Poisoned Stab","Dodge and Roll","Deadly Poison"],"picked":"SKIP","floor":7.0},{"not_picked":["Cloak And Dagger","Dodge and Roll"],"picked":"Tactician","floor":10.0},{"not_picked":["Cloak And Dagger","Quick Slash"],"picked":"Leg Sweep","floor":11.0},{"not_picked":["Endless Agony","Prepared"],"picked":"Reflex","floor":14}],"player_experience":953182,"relics_obtained":[{"floor":9.0,"key":"Anchor"},{"floor":10.0,"key":"Vajra"}],"event_choices":[{"damage_healed":0.0,"max_hp_gain":5.0,"max_hp_loss":0.0,"gold_gain":0.0,"event_name":"Big Fish","player_choice":"Donut","floor":3.0,"gold_loss":0.0,"damage_taken":0.0},{"damage_healed":0.0,"max_hp_gain":0.0,"max_hp_loss":0.0,"gold_gain":0.0,"event_name":"The Cleric","player_choice":"Leave","floor":5.0,"gold_loss":0.0,"damage_taken":0.0},{"damage_healed":0.0,"max_hp_gain":0.0,"max_hp_loss":0.0,"gold_gain":0.0,"event_name":"Liars Game","player_choice":"Ignored","floor":8.0,"gold_loss":0.0,"damage_taken":0.0},{"damage_healed":0,"gold_gain":0,"player_choice":"Ignored","damage_taken":0,"max_hp_gain":0,"max_hp_loss":0,"event_name":"WeMeetAgain","floor":13,"gold_loss":0}],"is_beta":false,"boss_relics":[],"items_purged_floors":[],"is_endless":false,"potions_floor_spawned":[7,11,14],"killed_by":"Hexaghost","ascension_level":19}