{"gold_per_floor":[118,47,67,67,45,76,76,132,132,132,197,1,32,47,47,145,145,164,164,89,100,120,146,146,0,55,55,71,71,91,169,169,268,268,281,381,381,381,66,101,101,101,127,127,127,200,200,215,215,215],"floor_reached":50,"playtime":2288,"items_purged":["Perfected Strike+1"],"score":850,"play_id":"72a1d97a-cd6b-4884-b433-b32b808d146f","local_time":"20190311140649","is_ascension_mode":true,"campfire_choices":[{"data":"Inflame","floor":7,"key":"SMITH"},{"data":"Bash","floor":10,"key":"SMITH"},{"data":"True Grit","floor":15,"key":"SMITH"},{"data":"Offering","floor":24,"key":"SMITH"},{"floor":32,"key":"REST"},{"floor":42,"key":"REST"},{"floor":44,"key":"REST"},{"data":"Enlightenment","floor":47,"key":"SMITH"},{"data":"Limit Break","floor":49,"key":"SMITH"}],"neow_cost":"NONE","seed_source_timestamp":2052564763655583,"circlet_count":0,"master_deck":["AscendersBane","Bash+1","Cleave","Inflame+1","Headbutt","True Grit+1","Battle Trance","Clothesline","Wild Strike+1","Carnage+1","Iron Wave+1","Offering+1","Intimidate","Limit Break+1","Iron Wave+1","Reckless Charge+1","Rampage+1","Shockwave","Shrug It Off+1","Seeing Red","Shrug It Off+1","True Grit+1","Heavy Blade+1","Heavy Blade+1","Reaper+1","Flex+1","Dropkick+1","Madness","Purity","Enlightenment+1","Dropkick+1","Madness","Madness"],"relics":["Burning Blood","NeowsBlessing","Bottled Tornado","Tiny Chest","Molten Egg 2","Centennial Puzzle","Bag of Marbles","Pandora\u0027s Box","Vajra","Orichalcum","Strawberry","Singing Bowl","Mark of Pain","StoneCalendar","Paper Frog","Potion Belt","Ancient Tea Set","Kunai"],"potions_floor_usage":[8,22,33,33,40,50],"damage_taken":[{"damage":0,"enemies":"Jaw Worm","floor":1,"turns":1},{"damage":0,"enemies":"Cultist","floor":3,"turns":1},{"damage":0,"enemies":"3 Sentries","floor":6,"turns":2},{"damage":24,"enemies":"Gremlin Nob","floor":8,"turns":4},{"damage":18,"enemies":"3 Sentries","floor":13,"turns":5},{"damage":2,"enemies":"2 Louse","floor":14,"turns":2},{"damage":34,"enemies":"The Guardian","floor":16,"turns":8},{"damage":9,"enemies":"Shell Parasite","floor":18,"turns":3},{"damage":6,"enemies":"3 Byrds","floor":21,"turns":5},{"damage":18,"enemies":"Snake Plant","floor":22,"turns":2},{"damage":21,"enemies":"Book of Stabbing","floor":23,"turns":3},{"damage":6,"enemies":"Snecko","floor":28,"turns":1},{"damage":8,"enemies":"3 Cultists","floor":30,"turns":3},{"damage":35,"enemies":"Collector","floor":33,"turns":4},{"damage":7,"enemies":"3 Shapes","floor":35,"turns":3},{"damage":6,"enemies":"Mind Bloom Boss Battle","floor":36,"turns":2},{"damage":30,"enemies":"Nemesis","floor":40,"turns":3},{"damage":2,"enemies":"Orb Walker","floor":48,"turns":2},{"damage":95,"enemies":"Time Eater","floor":50,"turns":6}],"seed_played":"5492005428193860761","potions_obtained":[{"floor":1,"key":"Swift Potion"},{"floor":13,"key":"Strength Potion"},{"floor":14,"key":"FairyPotion"},{"floor":16,"key":"AttackPotion"},{"floor":21,"key":"Strength Potion"},{"floor":22,"key":"Strength Potion"},{"floor":30,"key":"Explosive Potion"},{"floor":36,"key":"AttackPotion"},{"floor":48,"key":"FearPotion"}],"is_trial":false,"path_per_floor":["M","$","M","?","$","E","R","E","T","R","?","$","E","M","R","B",null,"M","?","$","M","M","E","R","$","T","?","M","?","M","T","R","B",null,"M","?","?","?","$","E","?","R","T","R","?","T","R","M","R","B"],"character_chosen":"IRONCLAD","items_purchased":["Inflame","True Grit","Wild Strike+1","Centennial Puzzle","Orichalcum","Paper Frog","Dropkick+1"],"campfire_rested":3,"item_purchase_floors":[2,5,12,12,25,39,39],"current_hp_per_floor":[78,78,80,80,80,80,80,62,62,62,62,62,50,54,54,26,67,64,64,64,64,52,37,37,37,44,44,44,44,42,42,68,39,75,74,74,64,64,64,42,31,57,57,83,83,83,83,89,89,0],"gold":215,"neow_bonus":"THREE_ENEMY_KILL","is_prod":false,"is_daily":false,"chose_seed":false,"campfire_upgraded":6,"win_rate":0,"timestamp":1552291609,"path_taken":["M","$","M","?","?","E","R","E","T","R","?","$","E","M","R","BOSS","M","?","$","M","M","E","R","?","T","?","?","?","M","?","R","BOSS","M","?","?","?","$","E","?","R","T","R","?","?","R","?","R","BOSS"],"build_version":"2019-01-23","purchased_purges":1,"victory":false,"max_hp_per_floor":[80,80,80,80,80,80,80,80,80,80,80,80,80,80,80,80,80,80,80,80,80,80,80,80,80,87,87,87,87,87,87,87,87,87,87,87,87,87,87,89,89,89,89,89,89,89,89,91,91,91],"card_choices":[{"not_picked":["Flex","Rage"],"picked":"Cleave","floor":1},{"not_picked":["Shrug It Off","Power Through"],"picked":"Headbutt","floor":3},{"not_picked":["Power Through","Armaments"],"picked":"Battle Trance","floor":6},{"not_picked":["Twin Strike","Second Wind"],"picked":"Clothesline","floor":8},{"not_picked":["Reckless Charge+1","Fire Breathing"],"picked":"Carnage+1","floor":13},{"not_picked":["Body Slam+1","Pummel+1"],"picked":"Iron Wave+1","floor":14},{"not_picked":["Reaper+1","Dark Embrace"],"picked":"Offering","floor":16},{"not_picked":["Havoc","Evolve"],"picked":"Shrug It Off+1","floor":18},{"not_picked":["Rage+1","Carnage+1","Wild Strike+1"],"picked":"SKIP","floor":21},{"not_picked":["Cleave+1","Pommel Strike+1"],"picked":"Seeing Red","floor":22},{"not_picked":["Sword Boomerang+1","Twin Strike+1"],"picked":"Shrug It Off+1","floor":23},{"not_picked":["Perfected Strike+1","Anger+1"],"picked":"Heavy Blade+1","floor":28},{"not_picked":["True Grit","Combust+1"],"picked":"Heavy Blade+1","floor":30},{"not_picked":["Offering","Berserk"],"picked":"Reaper+1","floor":33},{"not_picked":["Cleave+1","Body Slam+1"],"picked":"Flex+1","floor":35},{"not_picked":["Flex","Searing Blow+1"],"picked":"Dropkick+1","floor":36},{"not_picked":["Apotheosis","Dark Shackles"],"picked":"Madness","floor":37},{"not_picked":["Good Instincts","Dramatic Entrance+1"],"picked":"Purity","floor":37},{"not_picked":["Jack Of All Trades","Master of Strategy"],"picked":"Enlightenment","floor":37},{"not_picked":["Flame Barrier","Fire Breathing+1","Wild Strike+1"],"picked":"Singing Bowl","floor":40},{"not_picked":["Disarm","Corruption+1","Dropkick+1"],"picked":"Singing Bowl","floor":48}],"player_experience":970555,"relics_obtained":[{"floor":6,"key":"Bottled Tornado"},{"floor":8,"key":"Tiny Chest"},{"floor":9,"key":"Molten Egg 2"},{"floor":13,"key":"Bag of Marbles"},{"floor":23,"key":"Vajra"},{"floor":26,"key":"Strawberry"},{"floor":31,"key":"Singing Bowl"},{"floor":36,"key":"StoneCalendar"},{"floor":40,"key":"Potion Belt"},{"floor":43,"key":"Ancient Tea Set"},{"floor":46,"key":"Kunai"}],"event_choices":[{"cards_removed":["Strike_R"],"damage_healed":0,"gold_gain":0,"player_choice":"Offered Basic","damage_taken":0,"max_hp_gain":0,"max_hp_loss":0,"event_name":"Bonfire Elementals","floor":4,"gold_loss":0},{"damage_healed":0,"gold_gain":65,"player_choice":"Gained Gold","damage_taken":0,"max_hp_gain":0,"max_hp_loss":0,"event_name":"Golden Wing","floor":11,"gold_loss":0},{"damage_healed":0,"gold_gain":0,"player_choice":"Ignored","damage_taken":0,"max_hp_gain":0,"max_hp_loss":0,"event_name":"Vampires","floor":19,"gold_loss":0},{"damage_healed":0,"gold_gain":0,"player_choice":"Copied","damage_taken":0,"max_hp_gain":0,"max_hp_loss":0,"event_name":"Duplicator","floor":27,"gold_loss":0,"cards_obtained":["True Grit"]},{"damage_healed":0,"gold_gain":0,"player_choice":"Ignored","damage_taken":0,"max_hp_gain":0,"max_hp_loss":0,"event_name":"Beggar","floor":29,"gold_loss":0},{"damage_healed":0,"gold_gain":0,"player_choice":"Fight","damage_taken":0,"max_hp_gain":0,"max_hp_loss":0,"event_name":"MindBloom","floor":36,"gold_loss":0},{"damage_healed":0,"gold_gain":0,"player_choice":"Memory 3","damage_taken":10,"max_hp_gain":0,"max_hp_loss":0,"event_name":"SensoryStone","floor":37,"gold_loss":0},{"damage_healed":0,"gold_gain":0,"player_choice":"Ignored","damage_taken":0,"max_hp_gain":0,"max_hp_loss":0,"event_name":"Mysterious Sphere","floor":38,"gold_loss":0},{"damage_healed":0,"gold_gain":0,"player_choice":"Embrace Madness","damage_taken":11,"max_hp_gain":0,"max_hp_loss":0,"event_name":"Winding Halls","floor":41,"gold_loss":0,"cards_obtained":["Madness","Madness"]},{"cards_removed":["Rupture"],"damage_healed":0,"gold_gain":0,"player_choice":"Removed Power","damage_taken":0,"max_hp_gain":0,"max_hp_loss":0,"event_name":"Falling","floor":45,"gold_loss":0}],"is_beta":false,"boss_relics":[{"not_picked":["Busted Crown","Tiny House"],"picked":"Pandora\u0027s Box"},{"not_picked":["Runic Dome","Calling Bell"],"picked":"Mark of Pain"}],"items_purged_floors":[20],"is_endless":false,"potions_floor_spawned":[1,13,14,16,21,22,30,36,48],"killed_by":"Time Eater","ascension_level":10}