{"gold_per_floor":[112,112,131,14,28,61,61,89,89,46,46,61,17,37,37,37],"floor_reached":16,"playtime":821,"items_purged":["Strike_G"],"score":209,"play_id":"efe75e56-1a30-492a-80d1-94918f0ad64f","local_time":"20190305180636","is_ascension_mode":true,"campfire_choices":[{"data":"Footwork","floor":7,"key":"SMITH"},{"data":"Infinite Blades","floor":11,"key":"SMITH"},{"floor":15,"key":"REST"}],"neow_cost":"NONE","seed_source_timestamp":316168146114242,"circlet_count":0,"master_deck":["AscendersBane","Defend_G+1","Defend_G","Defend_G","Defend_G","Defend_G","Strike_G","Strike_G","Strike_G+1","Strike_G","Survivor+1","Neutralize+1","Dagger Throw+1","Deadly Poison","Footwork+1","Dagger Spray","PiercingWail","Night Terror","Infinite Blades+1","Footwork","Infinite Blades","Caltrops"],"relics":["Ring of the Snake","Lantern","War Paint","Darkstone Periapt","Whetstone"],"potions_floor_usage":[6,16],"damage_taken":[{"damage":1,"enemies":"Small Slimes","floor":1,"turns":5},{"damage":0,"enemies":"Cultist","floor":3,"turns":3},{"damage":0,"enemies":"2 Louse","floor":5,"turns":3},{"damage":27,"enemies":"Lagavulin","floor":6,"turns":9},{"damage":21,"enemies":"3 Sentries","floor":8,"turns":11},{"damage":0,"enemies":"Lots of Slimes","floor":12,"turns":2},{"damage":3,"enemies":"Looter","floor":14,"turns":4},{"damage":28,"enemies":"Hexaghost","floor":16,"turns":11}],"seed_played":"7104685522686435532","potions_obtained":[{"floor":3,"key":"Weak Potion"},{"floor":14,"key":"SpeedPotion"}],"is_trial":false,"path_per_floor":["M","?","M","$","M","E","R","E","T","$","R","M","$","M","R","B"],"character_chosen":"THE_SILENT","items_purchased":["Footwork","Infinite Blades","Infinite Blades"],"campfire_rested":1,"item_purchase_floors":[4,10,13],"current_hp_per_floor":[58,58,58,58,58,31,31,10,10,10,10,10,10,7,26,0],"gold":37,"neow_bonus":"RANDOM_COMMON_RELIC","is_prod":false,"is_daily":false,"chose_seed":false,"campfire_upgraded":2,"win_rate":0,"timestamp":1551805596,"path_taken":["M","?","M","?","M","E","R","E","T","$","R","M","$","M","R","BOSS"],"build_version":"2019-01-23","purchased_purges":1,"victory":false,"max_hp_per_floor":[66,66,66,66,66,66,66,66,66,66,66,66,66,66,66,66],"card_choices":[{"not_picked":["Quick Slash","Distraction"],"picked":"Dagger Throw","floor":1},{"not_picked":["Acrobatics","Prepared"],"picked":"Deadly Poison","floor":3},{"not_picked":["PiercingWail","Tactician"],"picked":"Dagger Spray","floor":5},{"not_picked":["Deadly Poison","Prepared"],"picked":"PiercingWail","floor":6},{"not_picked":["Finisher","Endless Agony"],"picked":"Night Terror","floor":8},{"not_picked":["Choke","Terror"],"picked":"Footwork","floor":12},{"not_picked":["Slice","Quick Slash"],"picked":"Caltrops","floor":14}],"player_experience":897356,"relics_obtained":[{"floor":6,"key":"War Paint"},{"floor":8,"key":"Darkstone Periapt"},{"floor":9,"key":"Whetstone"}],"event_choices":[{"damage_healed":0,"gold_gain":0,"player_choice":"Forge","damage_taken":0,"max_hp_gain":0,"max_hp_loss":0,"event_name":"Accursed Blacksmith","floor":2,"gold_loss":0,"cards_upgraded":["Neutralize"]}],"is_beta":false,"boss_relics":[],"items_purged_floors":[4],"is_endless":false,"potions_floor_spawned":[3,14],"killed_by":"Hexaghost","ascension_level":18}