{"gold_per_floor":[110,126,126,126,28,28,28,28,28,47,222,222,248,260,260,356,356,373,373,16,16,16,16,42,42,42,4,15,0,0,31,31,133,133,148,148,128,140,22,56,56,67,67,67,30,61,61,75,75,75],"floor_reached":51,"playtime":1770,"items_purged":["Regret","Doubt"],"score":785,"play_id":"d0b19a87-f7e3-40cc-9747-e19e9fd4ee71","local_time":"20190301132837","is_ascension_mode":false,"campfire_choices":[{"data":"Flex","floor":6,"key":"SMITH"},{"data":"Twin Strike","floor":12,"key":"SMITH"},{"data":"True Grit","floor":15,"key":"SMITH"},{"data":"Armaments","floor":23,"key":"SMITH"},{"floor":25,"key":"REST"},{"floor":32,"key":"REST"},{"data":"Flex","floor":41,"key":"SMITH"},{"data":"Immolate","floor":47,"key":"SMITH"},{"data":"Battle Trance","floor":49,"key":"SMITH"}],"neow_cost":"NONE","seed_source_timestamp":1186766352670523,"circlet_count":0,"master_deck":["Defend_R","Shrug It Off+1","Thunderclap+1","Shockwave+1","Headbutt","Flex+1","Twin Strike+1","Dropkick","True Grit+1","Heavy Blade","Bludgeon","Armaments+1","Brutality","Battle Trance+1","Armaments+1","Uppercut","Flex+1","Anger+1","Feed","Perfected Strike","Corruption+1","Spot Weakness+1","Blood for Blood+1","Heavy Blade","Immolate+1","Warcry+1"],"relics":["Astrolabe","Dead Branch","Shuriken","Ancient Tea Set","Empty Cage","Gremlin Horn","The Courier","Question Card","Orichalcum","Snecko Eye","Bag of Marbles","Paper Frog","Self Forming Clay","StoneCalendar"],"potions_floor_usage":[14,18,33,33,40,50],"damage_taken":[{"damage":6,"enemies":"Cultist","floor":1,"turns":4},{"damage":0,"enemies":"Jaw Worm","floor":2,"turns":3},{"damage":0,"enemies":"2 Louse","floor":10,"turns":2},{"damage":13,"enemies":"Gremlin Nob","floor":13,"turns":3},{"damage":10,"enemies":"Looter","floor":14,"turns":2},{"damage":19,"enemies":"Hexaghost","floor":16,"turns":5},{"damage":25,"enemies":"3 Byrds","floor":18,"turns":6},{"damage":18,"enemies":"Book of Stabbing","floor":24,"turns":4},{"damage":2,"enemies":"2 Thieves","floor":28,"turns":2},{"damage":14,"enemies":"Gremlin Leader","floor":31,"turns":5},{"damage":37,"enemies":"Collector","floor":33,"turns":6},{"damage":2,"enemies":"Orb Walker","floor":35,"turns":2},{"damage":6,"enemies":"3 Shapes","floor":38,"turns":2},{"damage":7,"enemies":"Reptomancer","floor":40,"turns":2},{"damage":8,"enemies":"Sphere and 2 Shapes","floor":42,"turns":2},{"damage":0,"enemies":"Nemesis","floor":46,"turns":1},{"damage":6,"enemies":"4 Shapes","floor":48,"turns":1},{"damage":48,"enemies":"Donu and Deca","floor":50,"turns":5}],"seed_played":"-2247203366124831597","potions_obtained":[{"floor":13,"key":"Regen Potion"},{"floor":14,"key":"Weak Potion"},{"floor":28,"key":"Fire Potion"},{"floor":31,"key":"Poison Potion"},{"floor":33,"key":"Energy Potion"},{"floor":35,"key":"SkillPotion"},{"floor":37,"key":"SmokeBomb"},{"floor":46,"key":"SmokeBomb"}],"is_trial":false,"path_per_floor":["M","M","?","?","$","R","?","$","T","M","?","R","E","M","R","B",null,"M","?","$","?","?","R","E","R","T","$","M","?","$","E","R","B",null,"M","?","?","M","$","E","R","M","T","$","$","E","R","M","R","B",null],"character_chosen":"IRONCLAD","items_purchased":["Twin Strike","Gremlin Horn","Flex","Bag of Marbles","Heavy Blade"],"campfire_rested":2,"item_purchase_floors":[5,20,27,39,45],"current_hp_per_floor":[74,74,74,74,74,74,74,74,74,74,74,74,61,56,56,37,80,55,55,55,55,55,55,37,61,61,61,59,59,59,45,69,32,80,81,81,81,78,78,71,71,66,66,66,66,66,66,60,60,12],"gold":75,"neow_bonus":"BOSS_RELIC","is_prod":false,"is_daily":false,"chose_seed":false,"campfire_upgraded":7,"win_rate":0,"timestamp":1551425317,"path_taken":["M","?","?","?","$","R","?","$","T","M","?","R","E","?","R","BOSS","M","?","$","?","?","R","E","R","T","$","?","?","?","E","R","BOSS","M","?","?","M","$","E","R","?","T","?","$","E","R","M","R","BOSS"],"build_version":"2019-01-23","purchased_purges":2,"victory":true,"max_hp_per_floor":[80,80,80,80,80,80,80,80,80,80,80,80,80,80,80,80,80,80,80,80,80,80,80,80,80,80,80,80,80,80,80,80,80,80,83,83,83,86,86,86,86,89,89,89,89,89,89,89,89,89],"card_choices":[{"not_picked":["Hemokinesis","Second Wind"],"picked":"Headbutt","floor":1},{"not_picked":["Rupture","Clothesline"],"picked":"Flex","floor":2},{"not_picked":["Heavy Blade","Perfected Strike"],"picked":"Dropkick","floor":10},{"not_picked":["Anger","Burning Pact"],"picked":"True Grit","floor":13},{"not_picked":["Clothesline","Anger"],"picked":"Heavy Blade","floor":14},{"not_picked":["Brutality","Reaper"],"picked":"Bludgeon","floor":16},{"not_picked":["Sword Boomerang","Dual Wield+1"],"picked":"Armaments+1","floor":18},{"not_picked":["Twin Strike","True Grit"],"picked":"Uppercut","floor":24},{"not_picked":["Headbutt","Thunderclap+1","Cleave"],"picked":"Anger+1","floor":28},{"not_picked":["Heavy Blade","Body Slam","Sever Soul"],"picked":"Reckless Charge+1","floor":31},{"not_picked":["Juggernaut","Immolate","Limit Break"],"picked":"Feed","floor":33},{"not_picked":["Pommel Strike","Ghostly Armor","Headbutt+1"],"picked":"Perfected Strike","floor":35},{"not_picked":["Wild Strike","Dual Wield+1","Havoc+1"],"picked":"Corruption+1","floor":38},{"not_picked":["Cleave+1","Sever Soul","Fiend Fire"],"picked":"Spot Weakness+1","floor":40},{"not_picked":["Cleave+1","Headbutt+1","Seeing Red+1"],"picked":"Blood for Blood+1","floor":42},{"not_picked":["Headbutt+1","True Grit","Iron Wave+1"],"picked":"Immolate","floor":46},{"not_picked":["Perfected Strike+1","Shrug It Off","Sword Boomerang"],"picked":"Warcry+1","floor":48}],"player_experience":920851,"relics_obtained":[{"floor":9,"key":"Shuriken"},{"floor":13,"key":"Ancient Tea Set"},{"floor":24,"key":"The Courier"},{"floor":26,"key":"Question Card"},{"floor":31,"key":"Orichalcum"},{"floor":40,"key":"Paper Frog"},{"floor":43,"key":"Self Forming Clay"},{"floor":46,"key":"StoneCalendar"}],"event_choices":[{"cards_removed":["Bash"],"damage_healed":0,"gold_gain":0,"player_choice":"Forget","damage_taken":0,"max_hp_gain":0,"max_hp_loss":0,"event_name":"Living Wall","floor":3,"gold_loss":0},{"damage_healed":0,"gold_gain":0,"player_choice":"Box","damage_taken":0,"relics_obtained":["Dead Branch"],"max_hp_gain":0,"max_hp_loss":0,"event_name":"Big Fish","floor":4,"gold_loss":0,"cards_obtained":["Regret"]},{"damage_healed":0,"gold_gain":0,"player_choice":"Leave","damage_taken":0,"max_hp_gain":0,"max_hp_loss":0,"event_name":"The Cleric","floor":7,"gold_loss":0},{"damage_healed":0,"gold_gain":175,"player_choice":"AGREE","damage_taken":0,"max_hp_gain":0,"max_hp_loss":0,"event_name":"Liars Game","floor":11,"gold_loss":0,"cards_obtained":["Doubt"]},{"damage_healed":0,"gold_gain":0,"player_choice":"Ignored","damage_taken":0,"max_hp_gain":0,"max_hp_loss":0,"event_name":"Ghosts","floor":19,"gold_loss":0},{"damage_healed":0,"gold_gain":0,"cards_transformed":["Strike_R","Strike_R"],"player_choice":"Became Test Subject","damage_taken":0,"max_hp_gain":0,"max_hp_loss":0,"event_name":"Drug Dealer","floor":21,"gold_loss":0,"cards_obtained":["Brutality","Battle Trance"]},{"damage_healed":0,"gold_gain":0,"cards_transformed":["Strike_R"],"player_choice":"Transformed","damage_taken":0,"max_hp_gain":0,"max_hp_loss":0,"event_name":"Transmorgrifier","floor":22,"gold_loss":0,"cards_obtained":["Armaments"]},{"damage_healed":0,"gold_gain":0,"player_choice":"Paid Fearfully","damage_taken":0,"max_hp_gain":0,"max_hp_loss":0,"event_name":"Masked Bandits","floor":29,"gold_loss":15},{"cards_removed":["Reckless Charge"],"damage_healed":0,"gold_gain":0,"player_choice":"Removed Attack","damage_taken":0,"max_hp_gain":0,"max_hp_loss":0,"event_name":"Falling","floor":36,"gold_loss":0},{"damage_healed":0,"gold_gain":0,"player_choice":"Bought 1 Potion","damage_taken":0,"max_hp_gain":0,"max_hp_loss":0,"event_name":"The Woman in Blue","floor":37,"gold_loss":0}],"is_beta":false,"boss_relics":[{"not_picked":["Orrery","Fusion Hammer"],"picked":"Empty Cage"},{"not_picked":["Black Star","Philosopher\u0027s Stone"],"picked":"Snecko Eye"}],"items_purged_floors":[5,20],"is_endless":false,"potions_floor_spawned":[13,14,28,31,33,35,46,48],"ascension_level":0}