{"gold_per_floor":[118,118,118,193,293,293,308,331,331,346,346,131,131,147,147,240,240,240,240],"floor_reached":19,"playtime":466,"items_purged":[],"score":290,"play_id":"0784b503-21da-4782-a45f-672d02dbee91","local_time":"20190311152120","is_ascension_mode":true,"campfire_choices":[{"floor":6.0,"key":"REST"},{"floor":11.0,"key":"REST"},{"floor":13.0,"key":"REST"},{"floor":15.0,"key":"REST"}],"neow_cost":"NONE","seed_source_timestamp":0,"circlet_count":0,"master_deck":["AscendersBane","Strike_R","Strike_R","Strike_R","Strike_R","Strike_R","Defend_R","Defend_R","Defend_R","Defend_R","Bash","Flame Barrier","Shrug It Off","Demon Form","Barricade","Clothesline"],"special_seed":0,"relics":["Burning Blood","Golden Idol","Ornamental Fan","Red Skull","Ectoplasm"],"potions_floor_usage":[],"damage_taken":[{"damage":2.0,"enemies":"2 Louse","floor":1.0,"turns":5.0},{"damage":19.0,"enemies":"Jaw Worm","floor":7.0,"turns":4.0},{"damage":22.0,"enemies":"Cultist","floor":8.0,"turns":5.0},{"damage":16.0,"enemies":"3 Louse","floor":10.0,"turns":3.0},{"damage":54.0,"enemies":"Gremlin Gang","floor":14.0,"turns":6.0},{"damage":38.0,"enemies":"Slime Boss","floor":16.0,"turns":6.0},{"damage":29.0,"enemies":"Shell Parasite","floor":18.0,"turns":9.0},{"damage":0,"enemies":"3 Byrds","floor":19,"turns":1}],"seed_played":"-2731821345037342640","potions_obtained":[{"floor":7.0,"key":"Dexterity Potion"},{"floor":10.0,"key":"BloodPotion"},{"floor":18.0,"key":"Dexterity Potion"}],"is_trial":false,"path_per_floor":["M","?","?","?","?","R","M","M","T","M","R","$","R","M","R","B",null,"M","M"],"character_chosen":"IRONCLAD","items_purchased":["Shrug It Off","Red Skull"],"campfire_rested":4,"item_purchase_floors":[12,12],"current_hp_per_floor":[79,51,56,45,45,71,58,42,42,32,58,58,84,44,70,38,75,52,52],"gold":240,"neow_bonus":"TEN_PERCENT_HP_BONUS","is_prod":false,"is_daily":false,"chose_seed":false,"campfire_upgraded":0,"win_rate":0,"timestamp":1552353680,"path_taken":["M","?","?","?","?","R","?","M","T","M","R","$","R","M","R","BOSS","M","M"],"build_version":"2019-01-23","purchased_purges":0,"victory":false,"max_hp_per_floor":[82,82,87,87,87,87,87,87,87,87,87,87,87,87,87,87,87,87,87],"card_choices":[{"not_picked":["Clothesline","Clash","Cleave"],"picked":"SKIP","floor":1.0},{"not_picked":["Perfected Strike","Sword Boomerang"],"picked":"Flame Barrier","floor":7.0},{"not_picked":["Heavy Blade","Feel No Pain","Clash"],"picked":"SKIP","floor":8.0},{"not_picked":["Heavy Blade","Body Slam","Thunderclap"],"picked":"SKIP","floor":10.0},{"not_picked":["Warcry","Twin Strike"],"picked":"Demon Form","floor":14.0},{"not_picked":["Juggernaut","Immolate"],"picked":"Barricade","floor":16.0},{"not_picked":["Perfected Strike+1","Dual Wield"],"picked":"Clothesline","floor":18.0}],"player_experience":494395,"relics_obtained":[{"floor":9.0,"key":"Ornamental Fan"}],"event_choices":[{"damage_healed":0.0,"max_hp_gain":0.0,"max_hp_loss":0.0,"gold_gain":0.0,"event_name":"Golden Idol","player_choice":"Take Damage","floor":2.0,"gold_loss":0.0,"damage_taken":28.0,"relics_obtained":["Golden Idol"]},{"damage_healed":0.0,"max_hp_gain":5.0,"max_hp_loss":0.0,"gold_gain":0.0,"event_name":"Big Fish","player_choice":"Donut","floor":3.0,"gold_loss":0.0,"damage_taken":0.0},{"damage_healed":0.0,"max_hp_gain":0.0,"max_hp_loss":0.0,"gold_gain":75.0,"event_name":"World of Goop","player_choice":"Gather Gold","floor":4.0,"gold_loss":0.0,"damage_taken":11.0},{"damage_healed":0.0,"max_hp_gain":0.0,"max_hp_loss":0.0,"gold_gain":100.0,"event_name":"Wheel of Change","player_choice":"Gold","floor":5.0,"gold_loss":0.0,"damage_taken":0.0}],"is_beta":false,"boss_relics":[{"not_picked":["Calling Bell","White Beast Statue"],"picked":"Ectoplasm"}],"items_purged_floors":[],"is_endless":false,"potions_floor_spawned":[7,10,18],"killed_by":"3 Byrds","ascension_level":17}