{"gold_per_floor":[111,111,129,146,65,96,96,96,96,130,143,156,156,172,172,268,268,278,278,72,172,183,183],"floor_reached":23,"playtime":904,"items_purged":["Defend_B"],"score":389,"play_id":"d23eb757-13bd-4a79-817b-79fa636fa531","local_time":"20181117191024","is_ascension_mode":true,"campfire_choices":[{"floor":7.0,"key":"REST"},{"floor":13.0,"key":"REST"},{"data":"Apotheosis","floor":15.0,"key":"SMITH"}],"neow_cost":"TEN_PERCENT_HP_LOSS","seed_source_timestamp":0,"circlet_count":0,"master_deck":["AscendersBane","Strike_B","Strike_B","Strike_B","Defend_B","Defend_B","Defend_B","Zap","Dualcast","Apotheosis+1","Go for the Eyes","Panacea","Reinforced Body","Self Repair+1","Auto Shields","Echo Form+1","Reinforced Body","Buffer+1","Conserve Battery","Rip and Tear","Rebound","Cold Snap"],"special_seed":0,"relics":["Cracked Core","Cables","Frozen Egg 2","Question Card","Sozu"],"potions_floor_usage":[16,16,23],"damage_taken":[{"damage":6.0,"enemies":"2 Louse","floor":1.0,"turns":2.0},{"damage":6.0,"enemies":"Small Slimes","floor":3.0,"turns":2.0},{"damage":0.0,"enemies":"Cultist","floor":4.0,"turns":4.0},{"damage":35.0,"enemies":"3 Sentries","floor":6.0,"turns":5.0},{"damage":20.0,"enemies":"Gremlin Nob","floor":10.0,"turns":4.0},{"damage":4.0,"enemies":"Exordium Thugs","floor":11.0,"turns":5.0},{"damage":5.0,"enemies":"Blue Slaver","floor":12.0,"turns":4.0},{"damage":15.0,"enemies":"Gremlin Gang","floor":14.0,"turns":5.0},{"damage":0,"enemies":"Slime Boss","floor":16,"turns":10},{"damage":4,"enemies":"Shell Parasite","floor":18,"turns":7},{"damage":8,"enemies":"2 Thieves","floor":22,"turns":5},{"damage":31,"enemies":"Slavers","floor":23,"turns":4}],"seed_played":"-502791111641832381","potions_obtained":[{"floor":4.0,"key":"AttackPotion"},{"floor":11.0,"key":"Swift Potion"},{"floor":12.0,"key":"FearPotion"},{"floor":14.0,"key":"SteroidPotion"},{"floor":16,"key":"Explosive Potion"}],"is_trial":false,"path_per_floor":["M","?","M","M","$","E","R","?","T","E","M","M","R","M","R","B",null,"M","?","$","?","M","E"],"character_chosen":"DEFECT","items_purchased":["Panacea","Rip and Tear","Rebound"],"campfire_rested":2,"item_purchase_floors":[5,20,20],"current_hp_per_floor":[62,62,56,56,56,21,41,41,41,21,27,32,52,47,47,67,68,68,56,56,56,58,27],"gold":183,"neow_bonus":"RANDOM_COLORLESS_2","is_prod":false,"is_daily":false,"chose_seed":false,"campfire_upgraded":1,"win_rate":0,"timestamp":1542489024,"path_taken":["M","?","M","M","$","E","R","?","T","E","M","M","R","?","R","BOSS","M","?","$","?","M","E"],"build_version":"2018-11-15","purchased_purges":1,"victory":false,"max_hp_per_floor":[68,68,68,68,68,68,68,68,68,68,68,68,68,68,68,68,68,68,73,73,73,73,73],"card_choices":[{"not_picked":["Conserve Battery","Force Field"],"picked":"Go for the Eyes","floor":1.0},{"not_picked":["Barrage","Chill","Coolheaded"],"picked":"SKIP","floor":3.0},{"not_picked":["Recycle","White Noise","Force Field"],"picked":"SKIP","floor":4.0},{"not_picked":["Turbo","Go for the Eyes"],"picked":"Reinforced Body","floor":6.0},{"not_picked":["White Noise","Stack"],"picked":"Self Repair+1","floor":10.0},{"not_picked":["Gash","Cold Snap","Tempest"],"picked":"Auto Shields","floor":11.0},{"not_picked":["Barrage","Leap","Hologram"],"picked":"Echo Form+1","floor":12.0},{"not_picked":["Streamline","Tempest","Steam"],"picked":"Reinforced Body","floor":14.0},{"not_picked":["Echo Form+1","All For One","Fission"],"picked":"Buffer+1","floor":16},{"not_picked":["Barrage","Compile Driver","Consume"],"picked":"Conserve Battery","floor":18},{"not_picked":["Rebound","Chill","Gash+1"],"picked":"Cold Snap","floor":22}],"player_experience":604393,"relics_obtained":[{"floor":6.0,"key":"Cables"},{"floor":9.0,"key":"Frozen Egg 2"},{"floor":10.0,"key":"Question Card"}],"event_choices":[{"cards_removed":["PanicButton"],"damage_healed":0.0,"max_hp_gain":0.0,"max_hp_loss":0.0,"gold_gain":0.0,"event_name":"Living Wall","player_choice":"Forget","floor":2.0,"gold_loss":0.0,"damage_taken":0.0},{"cards_removed":["Strike_B"],"damage_healed":0.0,"max_hp_gain":0.0,"max_hp_loss":0.0,"gold_gain":0.0,"event_name":"Purifier","player_choice":"Purged","floor":8.0,"gold_loss":0.0,"damage_taken":0.0},{"damage_healed":0,"gold_gain":0,"player_choice":"Shed Blood","damage_taken":17,"max_hp_gain":5,"max_hp_loss":0,"event_name":"Forgotten Altar","floor":19,"gold_loss":0},{"damage_healed":0,"gold_gain":100,"player_choice":"Pray","damage_taken":0,"max_hp_gain":0,"max_hp_loss":0,"event_name":"Golden Shrine","floor":21,"gold_loss":0}],"is_beta":false,"boss_relics":[{"not_picked":["Calling Bell","Eternal Feather"],"picked":"Sozu"}],"items_purged_floors":[20],"is_endless":false,"potions_floor_spawned":[4,11,12,14,16,22],"killed_by":"Slavers","ascension_level":11}