{"gold_per_floor":[114,64,64,14,29,59,59,74,74,74,149,149,164,194,194,194],"floor_reached":16,"playtime":613,"items_purged":[],"score":133,"play_id":"d188bba9-5618-42f5-aa64-48b29a6a2531","local_time":"20190109100548","daily_mods":["Specialized","Red Cards","Lethality"],"is_ascension_mode":false,"campfire_choices":[{"data":"Body Slam","floor":7,"key":"SMITH"},{"data":"Creative AI","floor":15,"key":"SMITH"}],"neow_cost":"","seed_source_timestamp":0,"circlet_count":0,"master_deck":["Strike_B","Strike_B","Strike_B","Strike_B","Defend_B","Defend_B","Defend_B","Defend_B","Zap","Dualcast","Creative AI","Creative AI","Creative AI+1","Body Slam+1","Cold Snap","True Grit","Compile Driver","Pummel","Ball Lightning"],"special_seed":17905,"relics":["Cracked Core","Sundial","Dodecahedron","StoneCalendar","Incense Burner"],"potions_floor_usage":[6,16],"damage_taken":[{"damage":8.0,"enemies":"2 Louse","floor":1.0,"turns":2.0},{"damage":2.0,"enemies":"Jaw Worm","floor":5.0,"turns":2.0},{"damage":13,"enemies":"3 Sentries","floor":6,"turns":5},{"damage":2,"enemies":"Cultist","floor":8,"turns":3},{"damage":2,"enemies":"Exordium Wildlife","floor":13,"turns":3},{"damage":21,"enemies":"Lagavulin","floor":14,"turns":6},{"damage":41,"enemies":"Hexaghost","floor":16,"turns":7}],"seed_played":"-4785815840367761886","potions_obtained":[{"floor":5.0,"key":"PowerPotion"},{"floor":14,"key":"Poison Potion"}],"is_trial":false,"path_per_floor":["M","?","?","$","M","E","R","M","T","T","?","?","M","E","R","B"],"character_chosen":"DEFECT","items_purchased":["Cold Snap"],"campfire_rested":0,"item_purchase_floors":[4],"current_hp_per_floor":[67,67,85,85,83,70,70,68,68,68,57,62,60,39,39,0],"gold":194,"neow_bonus":"","is_prod":false,"is_daily":true,"chose_seed":false,"campfire_upgraded":2,"win_rate":0,"timestamp":1547049948,"path_taken":["M","?","?","$","?","E","R","M","T","?","?","?","M","E","R","BOSS"],"build_version":"2019-01-03v4","purchased_purges":0,"victory":false,"max_hp_per_floor":[75,75,85,85,85,85,85,85,85,85,85,90,90,90,90,90],"card_choices":[{"not_picked":["Hologram","Fire Breathing"],"picked":"Body Slam","floor":1.0},{"not_picked":["Coolheaded","Clash"],"picked":"True Grit","floor":5.0},{"not_picked":["Force Field","Rebound"],"picked":"Compile Driver","floor":6},{"not_picked":["True Grit","Impervious"],"picked":"Pummel","floor":8},{"not_picked":["Skim","Wild Strike"],"picked":"Ball Lightning","floor":13},{"not_picked":["Spot Weakness","Auto Shields","Sweeping Beam"],"picked":"SKIP","floor":14}],"player_experience":161947,"relics_obtained":[{"floor":6,"key":"Sundial"},{"floor":9,"key":"Dodecahedron"},{"floor":10,"key":"StoneCalendar"},{"floor":14,"key":"Incense Burner"}],"event_choices":[{"cards_removed":["Creative AI"],"damage_healed":0.0,"max_hp_gain":0.0,"max_hp_loss":0.0,"gold_gain":0.0,"event_name":"The Cleric","player_choice":"Card Removal","floor":2.0,"gold_loss":50.0,"damage_taken":0.0},{"cards_removed":["Creative AI"],"damage_healed":8.0,"max_hp_gain":10.0,"max_hp_loss":0.0,"gold_gain":0.0,"event_name":"Bonfire Elementals","player_choice":"Offered Rare","floor":3.0,"gold_loss":0.0,"damage_taken":0.0},{"damage_healed":0,"gold_gain":75,"player_choice":"Gather Gold","damage_taken":11,"max_hp_gain":0,"max_hp_loss":0,"event_name":"World of Goop","floor":11,"gold_loss":0},{"damage_healed":0,"gold_gain":0,"player_choice":"Donut","damage_taken":0,"max_hp_gain":5,"max_hp_loss":0,"event_name":"Big Fish","floor":12,"gold_loss":0}],"is_beta":false,"boss_relics":[],"items_purged_floors":[],"is_endless":false,"potions_floor_spawned":[5,14],"killed_by":"Hexaghost","ascension_level":0}