{"gold_per_floor":[114,114,79,79,26,26,40,50,50,62,89,99,174,31,31,128,128,145,45,144,0,0,0],"floor_reached":23,"playtime":1239,"items_purged":["Consume"],"score":187,"play_id":"04731803-1e64-4afa-8684-0102fc3c4ab5","local_time":"20190209183246","is_ascension_mode":false,"campfire_choices":[{"data":"Zap","floor":6,"key":"SMITH"},{"floor":15,"key":"REST"}],"neow_cost":"NONE","seed_source_timestamp":292205629840340,"circlet_count":0,"master_deck":["Zap+1","Dualcast","Conserve Battery","Redo","Ball Lightning","Cold Snap","Streamline","All For One","Stack","Beam Cell","Good Instincts","Echo Form","Lockon","Cold Snap","Barrage","Meteor Strike","Undo","Sunder","Skim","Beam Cell","Beam Cell"],"relics":["Sozu","Shuriken","Happy Flower","Pandora\u0027s Box","Nilry\u0027s Codex"],"potions_floor_usage":[],"damage_taken":[{"damage":8,"enemies":"Small Slimes","floor":1,"turns":3},{"damage":1,"enemies":"Jaw Worm","floor":7,"turns":3},{"damage":0,"enemies":"2 Louse","floor":8,"turns":3},{"damage":0,"enemies":"Blue Slaver","floor":10,"turns":3},{"damage":18,"enemies":"3 Sentries","floor":11,"turns":5},{"damage":3,"enemies":"3 Louse","floor":12,"turns":3},{"damage":40,"enemies":"The Guardian","floor":16,"turns":10},{"damage":17,"enemies":"Shell Parasite","floor":18,"turns":4},{"damage":43,"enemies":"Slavers","floor":23,"turns":2}],"seed_played":"4423624352700405743","potions_obtained":[],"is_trial":false,"path_per_floor":["M","?","?","?","$","R","M","M","T","M","E","M","?","$","R","B",null,"M","$","?","?","?","E"],"character_chosen":"DEFECT","items_purchased":["Redo","Beam Cell","Good Instincts","Beam Cell"],"campfire_rested":1,"item_purchase_floors":[5,14,14,19],"current_hp_per_floor":[67,64,75,75,75,75,74,74,74,74,56,53,42,42,64,24,75,58,58,58,58,42,0],"gold":0,"neow_bonus":"BOSS_RELIC","is_prod":false,"is_daily":false,"chose_seed":false,"campfire_upgraded":1,"win_rate":0,"timestamp":1549773166,"path_taken":["M","?","?","?","?","R","M","M","T","M","E","M","?","$","R","BOSS","M","$","?","?","?","E"],"build_version":"2019-01-23","purchased_purges":1,"victory":false,"max_hp_per_floor":[75,75,75,75,75,75,75,75,75,75,75,75,75,75,75,75,75,75,75,75,75,75,75],"card_choices":[{"not_picked":["Barrage","Steam"],"picked":"Conserve Battery","floor":1},{"not_picked":["Hologram","Conserve Battery"],"picked":"Ball Lightning","floor":7},{"not_picked":["Conserve Battery","Gash"],"picked":"Cold Snap","floor":8},{"not_picked":["Reboot","Rebound"],"picked":"Streamline","floor":10},{"not_picked":["Steam","Leap"],"picked":"All For One","floor":11},{"not_picked":["Capacitor","Defragment"],"picked":"Stack","floor":12},{"not_picked":["Meteor Strike","All For One"],"picked":"Echo Form","floor":16},{"not_picked":["White Noise","Compile Driver"],"picked":"Beam Cell","floor":18}],"player_experience":405151,"relics_obtained":[{"floor":11,"key":"Happy Flower"},{"floor":22,"key":"Nilry\u0027s Codex"}],"event_choices":[{"damage_healed":0,"gold_gain":0,"player_choice":"Success","damage_taken":3,"relics_obtained":["Shuriken"],"max_hp_gain":0,"max_hp_loss":0,"event_name":"Scrap Ooze","floor":2,"gold_loss":0},{"damage_healed":18,"gold_gain":0,"player_choice":"Healed","damage_taken":0,"max_hp_gain":0,"max_hp_loss":0,"event_name":"The Cleric","floor":3,"gold_loss":35},{"damage_healed":0,"gold_gain":0,"player_choice":"Ignored","damage_taken":0,"max_hp_gain":0,"max_hp_loss":0,"event_name":"Golden Wing","floor":4,"gold_loss":0},{"damage_healed":0,"gold_gain":75,"player_choice":"Gather Gold","damage_taken":11,"max_hp_gain":0,"max_hp_loss":0,"event_name":"World of Goop","floor":13,"gold_loss":0},{"damage_healed":0,"gold_gain":99,"player_choice":"Stole From Cult","damage_taken":0,"max_hp_gain":0,"max_hp_loss":0,"event_name":"Nest","floor":20,"gold_loss":0},{"damage_healed":0,"gold_gain":0,"player_choice":"Paid Fearfully","damage_taken":0,"max_hp_gain":0,"max_hp_loss":0,"event_name":"Masked Bandits","floor":21,"gold_loss":144},{"damage_healed":0,"gold_gain":0,"player_choice":"Obtained Book","damage_taken":16,"max_hp_gain":0,"max_hp_loss":0,"event_name":"Cursed Tome","floor":22,"gold_loss":0}],"is_beta":false,"boss_relics":[{"not_picked":["Orrery","Busted Crown"],"picked":"Pandora\u0027s Box"}],"items_purged_floors":[19],"is_endless":false,"potions_floor_spawned":[7,8,12,16],"killed_by":"Slavers","ascension_level":0}