{"gold_per_floor":[118,40,60,60,60,60,93,93,93,108,123,123,151,164,164,164],"floor_reached":16,"playtime":430,"items_purged":[],"score":270,"play_id":"bfd1b258-30bb-4afe-8420-0d6106af159d","local_time":"20190310014001","is_ascension_mode":true,"campfire_choices":[{"data":"Neutralize","floor":6,"key":"SMITH"},{"data":"Caltrops","floor":8,"key":"SMITH"},{"floor":15,"key":"REST"}],"neow_cost":"NONE","seed_source_timestamp":272379667332609,"circlet_count":0,"master_deck":["AscendersBane","Defend_G","Defend_G","Defend_G","Defend_G","Defend_G","Strike_G","Strike_G","Strike_G","Strike_G","Survivor","Neutralize+1","Dagger Throw","Caltrops+1","Dash","Slice","Dodge and Roll","Heel Hook","Deflect","Sucker Punch"],"relics":["Ring of the Snake","NeowsBlessing","Turnip","Pantograph","Juzu Bracelet"],"potions_floor_usage":[11,13,13],"damage_taken":[{"damage":0,"enemies":"2 Louse","floor":1,"turns":1},{"damage":0,"enemies":"Jaw Worm","floor":3,"turns":1},{"damage":0,"enemies":"3 Sentries","floor":7,"turns":1},{"damage":1,"enemies":"Cultist","floor":10,"turns":3},{"damage":5,"enemies":"Exordium Wildlife","floor":11,"turns":4},{"damage":20,"enemies":"Gremlin Nob","floor":13,"turns":4},{"damage":7,"enemies":"Exordium Thugs","floor":14,"turns":5},{"damage":71,"enemies":"Slime Boss","floor":16,"turns":10}],"seed_played":"-6538855456461778244","potions_obtained":[{"floor":7,"key":"AttackPotion"},{"floor":10,"key":"AttackPotion"},{"floor":12,"key":"Strength Potion"}],"is_trial":false,"path_per_floor":["M","$","M","$","?","R","E","R","T","M","M","?","E","M","R","B"],"character_chosen":"THE_SILENT","items_purchased":["Caltrops"],"campfire_rested":1,"item_purchase_floors":[2],"current_hp_per_floor":[59,59,59,59,52,52,52,52,52,51,46,46,26,19,38,0],"gold":164,"neow_bonus":"THREE_ENEMY_KILL","is_prod":false,"is_daily":false,"chose_seed":false,"campfire_upgraded":2,"win_rate":0,"timestamp":1552182001,"path_taken":["M","$","M","$","?","R","E","R","T","M","M","?","E","M","R","BOSS"],"build_version":"2019-01-23","purchased_purges":0,"victory":false,"max_hp_per_floor":[66,66,66,66,66,66,66,66,66,66,66,66,66,66,66,66],"card_choices":[{"not_picked":["Bane","Eviscerate"],"picked":"Dagger Throw","floor":1},{"not_picked":["Catalyst","Quick Slash"],"picked":"Dash","floor":3},{"not_picked":["Accuracy","Terror"],"picked":"Slice","floor":7},{"not_picked":["Finisher","Flying Knee"],"picked":"Dodge and Roll","floor":10},{"not_picked":["Deadly Poison","Flying Knee"],"picked":"Heel Hook","floor":11},{"not_picked":["Caltrops","Riddle With Holes"],"picked":"Deflect","floor":13},{"not_picked":["Poisoned Stab","Eviscerate"],"picked":"Sucker Punch","floor":14}],"player_experience":1345809,"relics_obtained":[{"floor":7,"key":"Turnip"},{"floor":9,"key":"Pantograph"},{"floor":13,"key":"Juzu Bracelet"}],"event_choices":[{"cards_removed":["Strike_G"],"damage_healed":0,"gold_gain":0,"player_choice":"Card Removal","damage_taken":7,"max_hp_gain":0,"max_hp_loss":0,"event_name":"Golden Wing","floor":5,"gold_loss":0},{"damage_healed":0,"gold_gain":0,"player_choice":"Got Potions","damage_taken":0,"max_hp_gain":0,"max_hp_loss":0,"event_name":"Lab","floor":12,"gold_loss":0}],"is_beta":false,"boss_relics":[],"items_purged_floors":[],"is_endless":false,"potions_floor_spawned":[7,10],"killed_by":"Slime Boss","ascension_level":20}