{"gold_per_floor":[110,185,185,185,133,152,152,183,208,222,255,255,273,293,293,293],"floor_reached":16,"playtime":676,"items_purged":[],"score":135,"play_id":"745f83dc-b66a-47a6-bed6-089b61e43545","local_time":"20190311021203","is_ascension_mode":false,"campfire_choices":[{"floor":7,"key":"RECALL"},{"data":"Bash","floor":12,"key":"SMITH"},{"floor":15,"key":"REST"}],"neow_cost":"NONE","seed_source_timestamp":852518094929664,"circlet_count":0,"master_deck":["Strike_R","Strike_R","Strike_R","Strike_R","Strike_R","Defend_R","Defend_R","Defend_R","Defend_R","Bash+1","Dual Wield","Shrug It Off","Impervious","True Grit"],"relics":["Burning Blood","NeowsBlessing","Incense Burner","Bag of Preparation"],"potions_floor_usage":[11,16,16],"damage_taken":[{"damage":0,"enemies":"Jaw Worm","floor":1,"turns":1},{"damage":0,"enemies":"2 Louse","floor":6,"turns":1},{"damage":0,"enemies":"3 Sentries","floor":8,"turns":2},{"damage":7,"enemies":"Cultist","floor":10,"turns":5},{"damage":39,"enemies":"Gremlin Nob","floor":11,"turns":6},{"damage":1,"enemies":"Looter","floor":13,"turns":2},{"damage":29,"enemies":"Lots of Slimes","floor":14,"turns":6},{"damage":67,"enemies":"The Guardian","floor":16,"turns":20}],"seed_played":"9194747242555650360","potions_obtained":[{"floor":6,"key":"EssenceOfSteel"},{"floor":8,"key":"AttackPotion"},{"floor":13,"key":"Regen Potion"}],"is_trial":false,"path_per_floor":["M","?","$","?","$","M","R","E","T","M","E","R","M","M","R","B"],"character_chosen":"IRONCLAD","items_purchased":["Shrug It Off"],"campfire_rested":1,"item_purchase_floors":[5],"current_hp_per_floor":[80,69,69,69,69,75,75,80,80,79,46,46,51,28,52,0],"gold":293,"neow_bonus":"THREE_ENEMY_KILL","is_prod":false,"is_daily":false,"chose_seed":false,"campfire_upgraded":1,"win_rate":0,"timestamp":1552284723,"path_taken":["M","?","$","?","$","M","R","E","T","M","E","R","M","M","R","BOSS"],"build_version":"2019-01-23","purchased_purges":0,"victory":false,"max_hp_per_floor":[80,80,80,80,80,80,80,80,80,80,80,80,80,80,80,80],"card_choices":[{"not_picked":["Armaments","Perfected Strike"],"picked":"Dual Wield","floor":1},{"not_picked":["Flex","Heavy Blade","Corruption"],"picked":"SKIP","floor":6},{"not_picked":["Clothesline","Rage"],"picked":"Impervious","floor":8},{"not_picked":["Flex","Twin Strike"],"picked":"True Grit","floor":10},{"not_picked":["Barricade","Warcry","True Grit"],"picked":"SKIP","floor":11},{"not_picked":["Sword Boomerang","Berserk","Clash"],"picked":"SKIP","floor":13},{"not_picked":["Flex","Power Through","Entrench"],"picked":"SKIP","floor":14}],"player_experience":1212810,"relics_obtained":[{"floor":8,"key":"Incense Burner"},{"floor":11,"key":"Bag of Preparation"}],"event_choices":[{"damage_healed":0,"gold_gain":75,"player_choice":"Gather Gold","damage_taken":11,"max_hp_gain":0,"max_hp_loss":0,"event_name":"World of Goop","floor":2,"gold_loss":0},{"damage_healed":0,"gold_gain":0,"player_choice":"Ignored","damage_taken":0,"max_hp_gain":0,"max_hp_loss":0,"event_name":"NoteForYourself","floor":4,"gold_loss":0}],"is_beta":false,"boss_relics":[],"items_purged_floors":[],"is_endless":false,"potions_floor_spawned":[6,8,13],"killed_by":"The Guardian","ascension_level":0}