{"gold_per_floor":[361,376,388,388,388,388,31,31,78,103,127,127,196,216,216,216],"floor_reached":16,"playtime":463,"items_purged":[],"score":190,"play_id":"338707fc-10ea-435e-9c3f-d2850187343b","local_time":"20190308161928","is_ascension_mode":true,"campfire_choices":[{"data":"Catalyst","floor":6.0,"key":"SMITH"},{"data":"Neutralize","floor":12.0,"key":"SMITH"},{"floor":15.0,"key":"REST"}],"neow_cost":"TEN_PERCENT_HP_LOSS","seed_source_timestamp":168417906363624,"circlet_count":0,"master_deck":["AscendersBane","Defend_G","Defend_G","Defend_G","Defend_G","Defend_G","Strike_G","Strike_G","Strike_G","Strike_G","Strike_G","Survivor","Neutralize+1","Catalyst+1","Crippling Poison","Noxious Fumes+1","Corpse Explosion+1"],"special_seed":0,"relics":["Ring of the Snake","Golden Idol","Toxic Egg 2","Bronze Scales","Blood Vial","Tiny Chest"],"potions_floor_usage":[16],"damage_taken":[{"damage":4.0,"enemies":"Small Slimes","floor":1.0,"turns":5.0},{"damage":17.0,"enemies":"Jaw Worm","floor":2.0,"turns":9.0},{"damage":6.0,"enemies":"2 Louse","floor":3.0,"turns":3.0},{"damage":3.0,"enemies":"Looter","floor":11.0,"turns":3.0},{"damage":47.0,"enemies":"Gremlin Nob","floor":13.0,"turns":5.0},{"damage":14.0,"enemies":"Red Slaver","floor":14.0,"turns":2.0},{"damage":23,"enemies":"Slime Boss","floor":16,"turns":5}],"seed_played":"7717969835190881991","potions_obtained":[{"floor":13.0,"key":"FairyPotion"},{"floor":14.0,"key":"Swift Potion"}],"is_trial":false,"path_per_floor":["M","M","M","?","?","R","$","?","T","T","M","R","E","M","R","B"],"character_chosen":"THE_SILENT","items_purchased":["Noxious Fumes","Toxic Egg 2"],"campfire_rested":1,"item_purchase_floors":[7,7],"current_hp_per_floor":[55,38,32,32,50,50,50,50,50,50,49,49,4,5,21,0],"gold":216,"neow_bonus":"TWO_FIFTY_GOLD","is_prod":false,"is_daily":false,"chose_seed":false,"campfire_upgraded":2,"win_rate":0,"timestamp":1552058368,"path_taken":["M","M","M","?","?","R","$","?","T","?","M","R","E","M","R","BOSS"],"build_version":"2019-01-23","purchased_purges":0,"victory":false,"max_hp_per_floor":[60,60,60,54,54,54,54,54,54,54,54,54,54,54,54,54],"card_choices":[{"not_picked":["Poisoned Stab","Blade Dance"],"picked":"Catalyst","floor":1.0},{"not_picked":["Caltrops","Dodge and Roll"],"picked":"Crippling Poison","floor":2.0},{"not_picked":["Accuracy","Choke","Acrobatics"],"picked":"SKIP","floor":3.0},{"not_picked":["Infinite Blades","Prepared+1","Poisoned Stab"],"picked":"SKIP","floor":11.0},{"not_picked":["Tactician+1","Terror+1"],"picked":"Corpse Explosion+1","floor":13.0},{"not_picked":["Blade Dance+1","Calculated Gamble+1","Dagger Throw"],"picked":"SKIP","floor":14.0}],"player_experience":940712,"relics_obtained":[{"floor":9.0,"key":"Bronze Scales"},{"floor":10.0,"key":"Blood Vial"},{"floor":13.0,"key":"Tiny Chest"}],"event_choices":[{"damage_healed":0.0,"max_hp_gain":0.0,"max_hp_loss":6.0,"gold_gain":0.0,"event_name":"Golden Idol","player_choice":"Lose Max HP","floor":4.0,"gold_loss":0.0,"damage_taken":0.0,"relics_obtained":["Golden Idol"]},{"damage_healed":18.0,"max_hp_gain":0.0,"max_hp_loss":0.0,"gold_gain":0.0,"event_name":"Big Fish","player_choice":"Banana","floor":5.0,"gold_loss":0.0,"damage_taken":0.0},{"damage_healed":0.0,"max_hp_gain":0.0,"max_hp_loss":0.0,"gold_gain":0.0,"event_name":"Living Wall","player_choice":"Grow","floor":8.0,"gold_loss":0.0,"damage_taken":0.0,"cards_upgraded":["Noxious Fumes"]}],"is_beta":false,"boss_relics":[],"items_purged_floors":[],"is_endless":false,"potions_floor_spawned":[13,14],"killed_by":"Slime Boss","ascension_level":18}