{"gold_per_floor":[117,42,58,76,93,93,120,120,120,120,132,164,164,180,180,278,278,291,96,121,139,64,64,92,7,7,39,39,69,69,84,84,187,187,206,306,323,335,335,335,380,396,443,457,457,472,472,472,472,472],"floor_reached":51,"playtime":3055,"items_purged":["Defend_R"],"score":740,"play_id":"5833431b-cbe2-4048-91de-27f0d182a6ad","local_time":"20180719152640","is_ascension_mode":false,"campfire_choices":[{"data":"Whirlwind","floor":8,"key":"SMITH"},{"data":"Rage","floor":15,"key":"SMITH"},{"data":"Infernal Blade","floor":23,"key":"SMITH"},{"floor":32,"key":"REST"},{"data":"Secret Weapon","floor":40,"key":"SMITH"},{"data":"Fire Breathing","floor":45,"key":"SMITH"},{"floor":49,"key":"REST"}],"neow_cost":"NONE","seed_source_timestamp":57796695645534,"circlet_count":0,"master_deck":["Strike_R+1","Strike_R","Strike_R","Strike_R+1","Cleave","Clash","Whirlwind+1","Inflame","Cleave","Rage+1","Pommel Strike+1","Feed+1","Clash+1","Reaper+1","Infernal Blade+1","Flex","Inflame","Clash+1","Dual Wield+1","Fire Breathing+1","Demon Form","Rage+1","Iron Wave+1","Iron Wave+1","Secret Weapon+1","Flex+1","Pommel Strike+1","Parasite","Iron Wave+1","Madness","Madness"],"relics":["Burning Blood","War Paint","Molten Egg 2","Meat on the Bone","Cursed Key","Bronze Scales","Juzu Bracelet","Magic Flower","Potion Belt","Red Skull","Whetstone","Mummified Hand","Empty Cage","Bird Faced Urn","Happy Flower"],"potions_floor_usage":[24,27,27,33,41,50],"damage_taken":[{"damage":1,"enemies":"2 Louse","floor":1,"turns":2},{"damage":0,"enemies":"Small Slimes","floor":3,"turns":2},{"damage":6,"enemies":"Jaw Worm","floor":4,"turns":2},{"damage":0,"enemies":"Lots of Slimes","floor":5,"turns":1},{"damage":26,"enemies":"Lagavulin","floor":7,"turns":5},{"damage":3,"enemies":"Blue Slaver","floor":11,"turns":3},{"damage":12,"enemies":"Gremlin Nob","floor":12,"turns":4},{"damage":0,"enemies":"Large Slime","floor":14,"turns":3},{"damage":7,"enemies":"Slime Boss","floor":16,"turns":6},{"damage":0,"enemies":"Spheric Guardian","floor":18,"turns":2},{"damage":12,"enemies":"Chosen","floor":21,"turns":3},{"damage":10,"enemies":"Gremlin Leader","floor":24,"turns":3},{"damage":37,"enemies":"Book of Stabbing","floor":27,"turns":5},{"damage":12,"enemies":"Slavers","floor":29,"turns":2},{"damage":8,"enemies":"Snecko","floor":31,"turns":3},{"damage":95,"enemies":"Champ","floor":33,"turns":9},{"damage":16,"enemies":"Flame Bruiser 1 Orb","floor":35,"turns":3},{"damage":38,"enemies":"3 Darklings","floor":37,"turns":3},{"damage":37,"enemies":"4 Shapes","floor":38,"turns":2},{"damage":28,"floor":41,"turns":4},{"damage":35,"enemies":"Flame Bruiser 2 Orb","floor":42,"turns":5},{"damage":2,"enemies":"Transient","floor":44,"turns":5},{"damage":37,"enemies":"Maw","floor":46,"turns":7},{"damage":82,"enemies":"Donu and Deca","floor":50,"turns":8}],"seed_played":"-621841394909713742","potions_obtained":[{"floor":3,"key":"BloodPotion"},{"floor":5,"key":"Weak Potion"},{"floor":11,"key":"FearPotion"},{"floor":14,"key":"Block Potion"},{"floor":29,"key":"Regen Potion"},{"floor":38,"key":"AttackPotion"},{"floor":46,"key":"Strength Potion"}],"is_trial":false,"path_per_floor":["M","$","M","M","M","?","E","R","T","?","M","E","?","M","R","B",null,"M","$","T","M","?","R","E","?","T","E","?","E","?","M","R","B",null,"M","?","M","M","?","R","?","M","T","M","R","M","?","?","R","B"],"character_chosen":"IRONCLAD","items_purchased":["Bronze Scales","Flex"],"campfire_rested":2,"item_purchase_floors":[19,19],"current_hp_per_floor":[80,80,80,80,80,73,53,53,53,53,56,50,50,56,56,59,84,88,88,88,86,86,86,96,96,96,82,63,66,66,78,105,61,105,98,98,75,71,71,71,76,104,104,117,117,107,92,92,117,65],"gold":472,"neow_bonus":"TRANSFORM_CARD","is_prod":false,"is_daily":false,"chose_seed":false,"campfire_upgraded":5,"win_rate":0.0,"timestamp":1532032000,"path_taken":["M","$","M","M","M","?","E","R","T","?","?","E","?","M","R","BOSS","M","$","?","M","?","R","E","?","T","E","?","E","?","M","R","BOSS","M","?","M","M","?","R","?","M","T","M","R","M","?","?","R","BOSS"],"build_version":"2018-07-12","purchased_purges":1,"victory":true,"max_hp_per_floor":[80,80,80,80,80,80,80,80,80,80,80,80,80,80,80,84,84,88,88,88,92,92,92,96,96,96,96,101,105,105,105,105,105,105,105,105,109,113,113,113,117,117,117,117,117,117,117,117,117,117],"card_choices":[{"not_picked":["Warcry","Clothesline"],"picked":"Clash","floor":1},{"not_picked":["Headbutt","Warcry"],"picked":"Whirlwind","floor":3},{"not_picked":["Clothesline","Flex"],"picked":"Inflame","floor":4},{"not_picked":["Flame Barrier","Warcry"],"picked":"Cleave","floor":5},{"not_picked":["Corruption","Body Slam"],"picked":"Rage","floor":7},{"not_picked":["Burning Pact","Whirlwind+1"],"picked":"Pommel Strike+1","floor":11},{"not_picked":["Corruption","Thunderclap+1"],"picked":"Feed+1","floor":12},{"not_picked":["Dual Wield","Ghostly Armor"],"picked":"Clash+1","floor":14},{"not_picked":["Barricade","Berserk"],"picked":"Reaper+1","floor":16},{"not_picked":["Twin Strike+1","Armaments+1"],"picked":"Infernal Blade","floor":18},{"not_picked":["Flex","Carnage+1"],"picked":"Inflame","floor":21},{"not_picked":["Shockwave+1","Inflame"],"picked":"Clash+1","floor":24},{"not_picked":["Armaments+1","Clash+1"],"picked":"Dual Wield+1","floor":27},{"not_picked":["Body Slam+1","Searing Blow+1"],"picked":"Fire Breathing","floor":29},{"not_picked":["Bloodletting+1","Sword Boomerang+1","Warcry"],"picked":"SKIP","floor":31},{"not_picked":["Brutality","Dark Embrace"],"picked":"Demon Form","floor":33},{"not_picked":["Dual Wield","Sword Boomerang+1"],"picked":"Rage+1","floor":35},{"not_picked":["Warcry+1","Shrug It Off+1"],"picked":"Iron Wave+1","floor":37},{"not_picked":["Carnage+1","Twin Strike+1"],"picked":"Iron Wave+1","floor":38},{"not_picked":["Bandage Up","Good Instincts"],"picked":"Secret Weapon","floor":39},{"not_picked":["Second Wind+1","Rage"],"picked":"Flex+1","floor":41},{"not_picked":["Perfected Strike+1","Power Through"],"picked":"Pommel Strike+1","floor":42},{"not_picked":["Shrug It Off+1","Perfected Strike+1","Hemokinesis+1"],"picked":"SKIP","floor":44},{"not_picked":["Anger+1","Burning Pact+1"],"picked":"Iron Wave+1","floor":46}],"player_experience":45669,"relics_obtained":[{"floor":7,"key":"War Paint"},{"floor":9,"key":"Molten Egg 2"},{"floor":12,"key":"Meat on the Bone"},{"floor":20,"key":"Juzu Bracelet"},{"floor":24,"key":"Magic Flower"},{"floor":26,"key":"Red Skull"},{"floor":27,"key":"Whetstone"},{"floor":29,"key":"Mummified Hand"},{"floor":41,"key":"Bird Faced Urn"},{"floor":43,"key":"Happy Flower"}],"event_choices":[{"event_name":"Golden Wing","player_choice":"Card Removal","floor":6,"damage_taken":0},{"event_name":"Liars Game","player_choice":"disagreed","floor":10,"damage_taken":0},{"event_name":"Purifier","player_choice":"One Purge","floor":13,"damage_taken":0},{"event_name":"Beggar","player_choice":"Gave Gold","floor":22,"damage_taken":0},{"event_name":"Addict","player_choice":"Obtained Relic","floor":25,"damage_taken":0},{"event_name":"Forgotten Altar","player_choice":"Shed Blood","floor":28,"damage_taken":0},{"event_name":"Vampires","player_choice":"Ignored","floor":30,"damage_taken":0},{"event_name":"Golden Shrine","player_choice":"Pray","floor":36,"damage_taken":0},{"event_name":"SensoryStone","player_choice":"Memory 1","floor":39,"damage_taken":0},{"event_name":"Mysterious Sphere","player_choice":"Fight","floor":41,"damage_taken":0},{"event_name":"Winding Halls","player_choice":"Embrace Madness","floor":47,"damage_taken":0},{"event_name":"Falling","player_choice":"Removed Attack","floor":48,"damage_taken":0}],"boss_relics":[{"not_picked":["Velvet Choker","Busted Crown"],"picked":"Cursed Key"},{"not_picked":["Calling Bell","Runic Dome"],"picked":"Empty Cage"}],"items_purged_floors":[2],"is_endless":false,"potions_floor_spawned":[3,5,11,14,16,21,29,38,46],"ascension_level":0}