{"gold_per_floor":[117,117,117,117,192,192,225,258,296,7,7,22,22,37,37,161,161,175,175,175,199,215,215,238,4,4,4,19,34,34,47,47,172,172,193,193,193,17,30,30,55,96,146,161,177,200,200,220,220,220,220,220,15,59,59],"floor_reached":56,"playtime":2327,"items_purged":[],"score":1186,"play_id":"e8ed636f-e7c2-4f31-933e-dfeabeac2486","local_time":"20181203090023","is_ascension_mode":false,"campfire_choices":[{"floor":6.0,"key":"REST"},{"data":"Zap","floor":11.0,"key":"SMITH"},{"floor":13.0,"key":"REST"},{"data":"Electrodynamics","floor":15.0,"key":"SMITH"},{"floor":23.0,"key":"REST"},{"data":"Defragment","floor":32.0,"key":"SMITH"},{"floor":40.0,"key":"RECALL"},{"floor":47.0,"key":"REST"},{"data":"Consume","floor":49.0,"key":"SMITH"},{"data":"Echo Form","floor":52.0,"key":"SMITH"}],"neow_cost":"NONE","seed_source_timestamp":766962013052753,"circlet_count":0,"master_deck":["Strike_B","Strike_B","Strike_B","Strike_B","Defend_B+1","Defend_B","Defend_B","Defend_B","Zap+1","Dualcast","Dramatic Entrance","Go for the Eyes+1","Genetic Algorithm","Conserve Battery+1","Electrodynamics+1","Echo Form+1","Cold Snap+1","Capacitor+1","Defragment+1","Cold Snap+1","Storm+1","Consume+1","Self Repair+1","Defragment+1","BootSequence"],"special_seed":0,"relics":["Cracked Core","Golden Idol","Bronze Scales","MawBank","Omamori","Inserter","Enchiridion","War Paint","Orichalcum","Art of War","Lizard Tail","Frozen Egg 2","Blood Vial","Boot","Pen Nib","Medical Kit","Anchor"],"potions_floor_usage":[55],"damage_taken":[{"damage":0.0,"enemies":"Cultist","floor":1.0,"turns":3.0},{"damage":30.0,"enemies":"3 Sentries","floor":7.0,"turns":6.0},{"damage":0.0,"enemies":"Small Slimes","floor":8.0,"turns":3.0},{"damage":8.0,"enemies":"2 Louse","floor":12.0,"turns":2.0},{"damage":0.0,"enemies":"2 Fungi Beasts","floor":14.0,"turns":1.0},{"damage":10.0,"enemies":"The Guardian","floor":16.0,"turns":10.0},{"damage":15.0,"enemies":"3 Byrds","floor":18.0,"turns":3.0},{"damage":5.0,"enemies":"Spheric Guardian","floor":21.0,"turns":3.0},{"damage":8.0,"enemies":"Snake Plant","floor":22.0,"turns":4.0},{"damage":1.0,"enemies":"Cultist and Chosen","floor":24.0,"turns":4.0},{"damage":2.0,"enemies":"Centurion and Healer","floor":28.0,"turns":4.0},{"damage":8.0,"enemies":"Shelled Parasite and Fungi","floor":29.0,"turns":5.0},{"damage":5.0,"enemies":"Cultist and Chosen","floor":31.0,"turns":3.0},{"damage":12.0,"enemies":"Champ","floor":33.0,"turns":10.0},{"damage":5.0,"enemies":"Orb Walker","floor":35.0,"turns":3.0},{"damage":9.0,"enemies":"3 Darklings","floor":39.0,"turns":3.0},{"damage":9.0,"enemies":"Transient","floor":41.0,"turns":5.0},{"damage":19.0,"enemies":"Nemesis","floor":42.0,"turns":7.0},{"damage":21.0,"enemies":"Spire Growth","floor":44.0,"turns":4.0},{"damage":17.0,"enemies":"Jaw Worm Horde","floor":45.0,"turns":4.0},{"damage":1.0,"enemies":"Transient","floor":46.0,"turns":5.0},{"damage":2.0,"enemies":"Sphere and 2 Shapes","floor":48.0,"turns":6.0},{"damage":65.0,"enemies":"Awakened One","floor":50.0,"turns":14.0},{"damage":49.0,"enemies":"Shield and Spear","floor":54.0,"turns":8.0},{"damage":46,"enemies":"The Heart","floor":55,"turns":9}],"seed_played":"-5015831898630473518","potions_obtained":[{"floor":1.0,"key":"PowerPotion"},{"floor":12.0,"key":"GamblersBrew"},{"floor":16.0,"key":"Ancient Potion"},{"floor":21.0,"key":"EssenceOfSteel"},{"floor":39.0,"key":"Fire Potion"},{"floor":44.0,"key":"Explosive Potion"},{"floor":45.0,"key":"Fire Potion"},{"floor":54.0,"key":"Fire Potion"}],"is_trial":false,"path_per_floor":["M","?","?","?","?","R","E","M","T","$","R","M","R","M","R","B",null,"M","$","?","M","M","R","M","$","T","?","M","M","?","M","R","B",null,"M","?","?","$","M","R","M","M","E","T","M","M","M","R","M","R","B",null,"R","$","E","B",null],"character_chosen":"DEFECT","items_purchased":["Electrodynamics","Omamori","Defragment","War Paint","Storm+1","Blood Vial","Medical Kit"],"campfire_rested":4,"item_purchase_floors":[10,10,25,25,38,38,53],"current_hp_per_floor":[75,57,57,50,39,61,31,31,31,31,31,23,45,45,45,35,75,60,60,44,39,31,53,52,52,52,52,50,42,67,62,62,50,75,70,70,70,70,63,63,56,39,39,20,15,26,48,68,68,5,75,75,75,26,29],"gold":59,"neow_bonus":"RANDOM_COLORLESS","is_prod":false,"is_daily":false,"chose_seed":false,"campfire_upgraded":5,"win_rate":0,"timestamp":1543849223,"path_taken":["M","?","?","?","?","R","E","M","T","?","R","M","R","M","R","BOSS","M","$","?","M","M","R","M","$","T","?","M","M","?","M","R","BOSS","M","?","?","$","M","R","M","E","T","?","M","M","R","M","R","BOSS","R","$","E","BOSS"],"build_version":"2018-11-15","purchased_purges":0,"victory":true,"max_hp_per_floor":[75,75,75,75,75,75,75,75,75,75,75,75,75,75,75,75,75,75,75,75,75,75,75,75,75,75,75,75,75,75,75,75,75,75,75,75,75,75,75,75,75,75,75,75,75,75,75,75,75,75,75,75,75,75,75],"card_choices":[{"not_picked":["Melter","Loop"],"picked":"Go for the Eyes","floor":1.0},{"not_picked":["Reboot","Static Discharge"],"picked":"Genetic Algorithm","floor":7.0},{"not_picked":["Rebound","Chaos"],"picked":"Conserve Battery","floor":8.0},{"not_picked":["Hologram","Barrage","Sweeping Beam"],"picked":"SKIP","floor":12.0},{"not_picked":["White Noise","Leap","Sweeping Beam"],"picked":"SKIP","floor":14.0},{"not_picked":["Multi-Cast","Fission"],"picked":"Echo Form","floor":16.0},{"not_picked":["Aggregate","Turbo+1","Hologram"],"picked":"SKIP","floor":18.0},{"not_picked":["Streamline","Sweeping Beam","Chaos"],"picked":"SKIP","floor":21.0},{"not_picked":["Streamline","Go for the Eyes"],"picked":"Cold Snap+1","floor":22.0},{"not_picked":["Stack","Sweeping Beam"],"picked":"Capacitor+1","floor":24.0},{"not_picked":["Conserve Battery","Coolheaded","Fission"],"picked":"SKIP","floor":28.0},{"not_picked":["Reinforced Body","Sweeping Beam","Hello World"],"picked":"SKIP","floor":29.0},{"not_picked":["Leap+1","Turbo"],"picked":"Cold Snap+1","floor":31.0},{"not_picked":["BootSequence","Lockon+1","Redo+1"],"picked":"SKIP","floor":35.0},{"not_picked":["Aggregate","Leap","Gash"],"picked":"SKIP","floor":39.0},{"not_picked":["Streamline+1","Defragment+1"],"picked":"Consume","floor":41.0},{"not_picked":["Undo","Compile Driver","Rip and Tear+1"],"picked":"SKIP","floor":42.0},{"not_picked":["Cold Snap","Steam Power+1"],"picked":"Self Repair+1","floor":44.0},{"not_picked":["Reinforced Body","Heatsinks+1","Force Field"],"picked":"SKIP","floor":45.0},{"not_picked":["Self Repair+1","Cold Snap+1"],"picked":"Defragment+1","floor":46.0},{"not_picked":["White Noise","Sweeping Beam","Steam"],"picked":"SKIP","floor":48.0},{"not_picked":["Rainbow","Coolheaded"],"picked":"BootSequence","floor":54.0}],"player_experience":131563,"relics_obtained":[{"floor":7.0,"key":"MawBank"},{"floor":20.0,"key":"Enchiridion"},{"floor":26.0,"key":"Orichalcum"},{"floor":42.0,"key":"Boot"},{"floor":43.0,"key":"Pen Nib"},{"floor":54.0,"key":"Anchor"}],"event_choices":[{"damage_healed":0.0,"max_hp_gain":0.0,"max_hp_loss":0.0,"gold_gain":0.0,"event_name":"Golden Idol","player_choice":"Take Damage","floor":2.0,"gold_loss":0.0,"damage_taken":18.0,"relics_obtained":["Golden Idol"]},{"damage_healed":0.0,"max_hp_gain":0.0,"max_hp_loss":0.0,"gold_gain":0.0,"event_name":"Living Wall","player_choice":"Grow","floor":3.0,"gold_loss":0.0,"damage_taken":0.0,"cards_upgraded":["Go for the Eyes"]},{"damage_healed":0.0,"max_hp_gain":0.0,"max_hp_loss":0.0,"gold_gain":0.0,"event_name":"Scrap Ooze","player_choice":"Success","floor":4.0,"gold_loss":0.0,"damage_taken":7.0,"relics_obtained":["Bronze Scales"]},{"damage_healed":0.0,"max_hp_gain":0.0,"max_hp_loss":0.0,"gold_gain":75.0,"event_name":"World of Goop","player_choice":"Gather Gold","floor":5.0,"gold_loss":0.0,"damage_taken":11.0},{"damage_healed":0.0,"max_hp_gain":0.0,"max_hp_loss":0.0,"gold_gain":0.0,"event_name":"Cursed Tome","player_choice":"Obtained Book","floor":20.0,"gold_loss":0.0,"damage_taken":16.0},{"damage_healed":0.0,"max_hp_gain":0.0,"max_hp_loss":0.0,"gold_gain":0.0,"event_name":"The Mausoleum","player_choice":"Opened","floor":27.0,"gold_loss":0.0,"damage_taken":0.0,"relics_obtained":["Art of War"],"cards_obtained":["Writhe"]},{"damage_healed":25.0,"max_hp_gain":0.0,"max_hp_loss":0.0,"gold_gain":0.0,"event_name":"The Library","player_choice":"Heal","floor":30.0,"gold_loss":0.0,"damage_taken":0.0},{"damage_healed":0.0,"max_hp_gain":0.0,"max_hp_loss":0.0,"gold_gain":0.0,"event_name":"Tomb of Lord Red Mask","player_choice":"Ignored","floor":36.0,"gold_loss":0.0,"damage_taken":0.0},{"damage_healed":0.0,"max_hp_gain":0.0,"max_hp_loss":0.0,"gold_gain":0.0,"event_name":"WeMeetAgain","player_choice":"Gave Potion","floor":37.0,"gold_loss":0.0,"damage_taken":0.0,"relics_obtained":["Frozen Egg 2"]}],"is_beta":false,"boss_relics":[{"not_picked":["Astrolabe","Tiny House"],"picked":"Inserter"},{"not_picked":["White Beast Statue","Coffee Dripper"],"picked":"Lizard Tail"}],"items_purged_floors":[],"is_endless":false,"potions_floor_spawned":[1,12,16,21,22,31,39,44,45,54],"ascension_level":0}