{"gold_per_floor":[111,129,148,159,205,231,231,257,284,249,249,16,16,27,27,103,103,123,123,48,48,66,66,97,97,97,129,139,54,54,69,69,69],"floor_reached":33,"playtime":1399,"items_purged":["Strike_G"],"score":483,"play_id":"0a878526-fa6d-40e1-b1d5-bb577fc4ee0d","local_time":"20190301141321","is_ascension_mode":true,"campfire_choices":[{"data":"Deadly Poison","floor":7,"key":"SMITH"},{"data":"Deadly Poison","floor":11,"key":"SMITH"},{"data":"Footwork","floor":13,"key":"SMITH"},{"data":"Deadly Poison","floor":15,"key":"SMITH"},{"data":"Noxious Fumes","floor":23,"key":"SMITH"},{"floor":25,"key":"REST"},{"floor":32,"key":"REST"}],"neow_cost":"NONE","seed_source_timestamp":1241136988832556,"circlet_count":0,"master_deck":["AscendersBane","Defend_G","Defend_G","Defend_G","Defend_G","Defend_G","Strike_G","Strike_G","Strike_G","Survivor","Neutralize+1","Deadly Poison+1","Deadly Poison+1","Deadly Poison+1","PiercingWail","Crippling Poison","Footwork+1","Night Terror","Backflip","Backstab","Escape Plan","Noxious Fumes+1"],"relics":["Ring of the Snake","Snake Skull","Regal Pillow","Art of War","Smiling Mask","Orrery","Happy Flower","Ancient Tea Set","Bottled Lightning","Strawberry","Anchor"],"potions_floor_usage":[6,8,18,24,27,33],"damage_taken":[{"damage":0,"enemies":"Cultist","floor":1,"turns":4},{"damage":0,"enemies":"Jaw Worm","floor":2,"turns":5},{"damage":1,"enemies":"2 Louse","floor":3,"turns":4},{"damage":1,"enemies":"2 Fungi Beasts","floor":4,"turns":5},{"damage":18,"enemies":"Gremlin Nob","floor":6,"turns":4},{"damage":1,"enemies":"Lagavulin","floor":8,"turns":5},{"damage":4,"enemies":"Lots of Slimes","floor":14,"turns":4},{"damage":16,"enemies":"Hexaghost","floor":16,"turns":8},{"damage":10,"enemies":"2 Thieves","floor":18,"turns":5},{"damage":2,"enemies":"Shell Parasite","floor":22,"turns":6},{"damage":32,"enemies":"Slavers","floor":24,"turns":6},{"damage":30,"enemies":"Gremlin Leader","floor":27,"turns":8},{"damage":12,"enemies":"Snake Plant","floor":28,"turns":4},{"damage":2,"enemies":"Centurion and Healer","floor":31,"turns":5},{"damage":79,"enemies":"Champ","floor":33,"turns":12}],"seed_played":"4771583226115814329","potions_obtained":[{"floor":3,"key":"PowerPotion"},{"floor":4,"key":"Dexterity Potion"},{"floor":8,"key":"SpeedPotion"},{"floor":16,"key":"Strength Potion"},{"floor":18,"key":"SpeedPotion"},{"floor":31,"key":"SteroidPotion"}],"is_trial":false,"path_per_floor":["M","M","M","M","T","E","R","E","T","?","R","$","R","M","R","B",null,"M","?","$","?","M","R","E","R","T","E","M","?","?","M","R","B"],"character_chosen":"THE_SILENT","items_purchased":["Footwork","Night Terror","Noxious Fumes"],"campfire_rested":2,"item_purchase_floors":[12,12,20],"current_hp_per_floor":[63,63,62,61,61,43,43,42,42,59,59,59,59,55,55,39,62,52,52,52,52,50,50,18,54,54,31,19,19,19,17,55,0],"gold":69,"neow_bonus":"UPGRADE_CARD","is_prod":false,"is_daily":false,"chose_seed":false,"campfire_upgraded":5,"win_rate":0,"timestamp":1551446001,"path_taken":["M","M","M","M","?","E","R","E","T","?","R","$","R","M","R","BOSS","M","?","$","?","M","R","E","R","T","E","M","?","?","M","R","BOSS"],"build_version":"2019-01-23","purchased_purges":1,"victory":false,"max_hp_per_floor":[70,70,70,70,70,70,70,70,70,70,70,70,70,70,70,70,70,70,70,70,70,70,70,70,70,70,77,77,77,77,77,77,77],"card_choices":[{"not_picked":["PiercingWail","Calculated Gamble"],"picked":"Deadly Poison","floor":1},{"not_picked":["Backflip","Distraction"],"picked":"Deadly Poison","floor":2},{"not_picked":["Flying Knee","Dagger Throw"],"picked":"Deadly Poison","floor":3},{"not_picked":["Blade Dance","Deadly Poison"],"picked":"PiercingWail","floor":4},{"not_picked":["Bouncing Flask","Underhanded Strike"],"picked":"Crippling Poison","floor":6},{"not_picked":["Blade Dance","Flechettes","Prepared"],"picked":"SKIP","floor":8},{"not_picked":["Dagger Throw","Quick Slash"],"picked":"Backflip","floor":14},{"not_picked":["Underhanded Strike","Blade Dance"],"picked":"Backstab","floor":17},{"not_picked":["Caltrops","Deflect"],"picked":"Escape Plan","floor":17},{"not_picked":["Sucker Punch","Escape Plan","Dodge and Roll"],"picked":"SKIP","floor":18},{"not_picked":["Flying Knee","Dodge and Roll+1","Blade Dance"],"picked":"SKIP","floor":22},{"not_picked":["Prepared","Bane","Heel Hook"],"picked":"SKIP","floor":24},{"not_picked":["Terror","Accuracy","Deflect"],"picked":"SKIP","floor":27},{"not_picked":["Setup","Dagger Throw","Reflex+1"],"picked":"SKIP","floor":28},{"not_picked":["A Thousand Cuts","Terror+1","Predator"],"picked":"SKIP","floor":31}],"player_experience":674024,"relics_obtained":[{"floor":5,"key":"Snake Skull"},{"floor":6,"key":"Regal Pillow"},{"floor":8,"key":"Art of War"},{"floor":9,"key":"Smiling Mask"},{"floor":24,"key":"Ancient Tea Set"},{"floor":26,"key":"Bottled Lightning"},{"floor":27,"key":"Strawberry"}],"event_choices":[{"damage_healed":17,"gold_gain":0,"player_choice":"Healed","damage_taken":0,"max_hp_gain":0,"max_hp_loss":0,"event_name":"The Cleric","floor":10,"gold_loss":35},{"damage_healed":0,"gold_gain":0,"player_choice":"Ignored","damage_taken":0,"max_hp_gain":0,"max_hp_loss":0,"event_name":"Ghosts","floor":19,"gold_loss":0},{"damage_healed":0,"gold_gain":0,"player_choice":"Opened","damage_taken":0,"relics_obtained":["Happy Flower"],"max_hp_gain":0,"max_hp_loss":0,"event_name":"The Mausoleum","floor":21,"gold_loss":0},{"damage_healed":0,"gold_gain":0,"player_choice":"Obtained Relic","damage_taken":0,"relics_obtained":["Anchor"],"max_hp_gain":0,"max_hp_loss":0,"event_name":"Addict","floor":29,"gold_loss":85},{"cards_removed":["Strike_G"],"damage_healed":0,"gold_gain":0,"player_choice":"Purged","damage_taken":0,"max_hp_gain":0,"max_hp_loss":0,"event_name":"Purifier","floor":30,"gold_loss":0}],"is_beta":false,"boss_relics":[{"not_picked":["Calling Bell","Empty Cage"],"picked":"Orrery"}],"items_purged_floors":[12],"is_endless":false,"potions_floor_spawned":[3,4,8,16,18,31],"killed_by":"Champ","ascension_level":13}