{"gold_per_floor":[116,128,128,55,55,55,80,124,147,184,196,226,238,250,262,403,415,446,458,483,495,520,532,559,596,679,729,741,776,788,187,187,310,310,331,331,241,261,261,261,301,0,82,82,102,118,149,167,167,167],"floor_reached":51,"playtime":3982,"items_purged":["Strike_R"],"score":788,"play_id":"42ee7b31-b2d3-4118-ba07-26d4f2c834ae","local_time":"20190301113221","is_ascension_mode":true,"campfire_choices":[{"floor":6.0,"key":"REST"},{"data":"Armaments","floor":13.0,"key":"SMITH"},{"data":"Pommel Strike","floor":15.0,"key":"SMITH"},{"floor":23.0,"key":"REST"},{"floor":28.0,"key":"REST"},{"data":"Discovery","floor":32.0,"key":"SMITH"},{"floor":40.0,"key":"REST"},{"floor":44,"key":"REST"},{"floor":49,"key":"REST"}],"neow_cost":"NONE","seed_source_timestamp":89090887629037,"circlet_count":0,"master_deck":["Strike_R","Strike_R+1","Strike_R+1","Defend_R","Defend_R","Defend_R+1","Defend_R+1","Bash","Metallicize","Offering","Armaments+1","Demon Form","Cleave+1","Sword Boomerang+1","Inflame+1","Discovery+1","Limit Break","hubris:ReadiedAction+1","Dark Shackles","Immolate+1","Fiend Fire+1","hubris:DuctTapeCard","Whirlwind+1","True Grit+1","Shrug It Off+1","Shrug It Off+1"],"special_seed":0,"relics":["Burning Blood","Whetstone","Golden Idol","Molten Egg 2","hubris:DisguiseKit","MawBank","hubris:TerracottaHorce","hubris:Towel","Blue Candle","Omamori","Orichalcum","hubris:TinFlute","Strange Spoon","Fusion Hammer","War Paint","Red Mask","hubris:DuctTape","Pear"],"potions_floor_usage":[47,48,50],"damage_taken":[{"damage":1.0,"enemies":"Cultist","floor":1.0,"turns":3.0},{"damage":0.0,"enemies":"2 Louse","floor":2.0,"turns":3.0},{"damage":0.0,"enemies":"Jaw Worm","floor":7.0,"turns":3.0},{"damage":21.0,"enemies":"3 Sentries","floor":8.0,"turns":9.0},{"damage":14.0,"enemies":"Exordium Thugs","floor":10.0,"turns":5.0},{"damage":9.0,"enemies":"Gremlin Gang","floor":12.0,"turns":6.0},{"damage":79.0,"enemies":"Hexaghost","floor":16.0,"turns":15.0},{"damage":21.0,"enemies":"Chosen","floor":18.0,"turns":5.0},{"damage":15.0,"enemies":"Shell Parasite","floor":20.0,"turns":7.0},{"damage":15.0,"enemies":"Snake Plant","floor":22.0,"turns":4.0},{"damage":16.0,"enemies":"Chosen and Byrds","floor":24.0,"turns":4.0},{"damage":7.0,"enemies":"Snecko","floor":25.0,"turns":5.0},{"damage":16.0,"enemies":"Gremlin Leader","floor":27.0,"turns":5.0},{"damage":9.0,"enemies":"3 Cultists","floor":29.0,"turns":4.0},{"damage":49.0,"enemies":"Champ","floor":33.0,"turns":11.0},{"damage":10.0,"enemies":"3 Shapes","floor":35.0,"turns":3.0},{"damage":13.0,"enemies":"Orb Walker","floor":38.0,"turns":4.0},{"damage":37.0,"enemies":"Nemesis","floor":41.0,"turns":7.0},{"damage":24,"enemies":"Writhing Mass","floor":45,"turns":6},{"damage":7,"enemies":"3 Darklings","floor":46,"turns":3},{"damage":16,"enemies":"Reptomancer","floor":47,"turns":5},{"damage":16,"enemies":"4 Shapes","floor":48,"turns":8},{"damage":6,"enemies":"hubris:GrandSnecko","floor":50,"turns":9}],"seed_played":"8200242371455929727","potions_obtained":[{"floor":1.0,"key":"SteroidPotion"},{"floor":16.0,"key":"Fire Potion"},{"floor":20.0,"key":"GamblersBrew"},{"floor":22.0,"key":"SkillPotion"},{"floor":29.0,"key":"SkillPotion"},{"floor":41.0,"key":"SkillPotion"},{"floor":45,"key":"AttackPotion"},{"floor":47,"key":"FearPotion"}],"is_trial":false,"path_per_floor":["M","M","?","$","?","R","M","E","T","M","?","M","R","?","R","B",null,"M","?","M","?","M","R","M","M","T","E","R","M","?","$","R","B",null,"M","?","$","M","$","R","E","?","T","R","M","M","E","M","R","B",null],"character_chosen":"IRONCLAD","items_purchased":["Metallicize","hubris:TinFlute","Strange Spoon","Discovery","Dark Shackles"],"campfire_rested":6,"item_purchase_floors":[4,31,31,31,37],"current_hp_per_floor":[80,80,60,60,48,72,78,63,63,55,55,52,52,80,80,7,62,47,47,38,38,29,53,43,42,42,32,56,53,53,53,53,10,63,59,59,59,52,52,76,45,45,45,69,51,50,50,40,67,67],"gold":167,"neow_bonus":"RANDOM_COMMON_RELIC","is_prod":false,"is_daily":false,"chose_seed":false,"campfire_upgraded":3,"win_rate":0,"timestamp":1551461541,"path_taken":["M","M","?","$","?","R","M","E","T","M","?","?","R","?","R","BOSS","M","?","?","?","M","R","?","M","T","E","R","?","?","$","R","BOSS","M","?","$","?","$","R","E","?","T","R","M","M","E","M","R","BOSS"],"build_version":"2019-01-23","purchased_purges":1,"victory":true,"max_hp_per_floor":[80,80,80,80,80,80,80,80,80,80,80,80,80,80,80,80,80,80,80,80,80,80,80,80,80,80,80,80,80,80,80,80,80,80,80,80,80,80,80,80,80,80,80,80,80,80,90,90,90,90],"card_choices":[{"not_picked":["Bloodletting","Sword Boomerang","Power Through"],"picked":"SKIP","floor":1.0},{"not_picked":["Sever Soul","Havoc"],"picked":"Pommel Strike","floor":2.0},{"not_picked":["Flex","Carnage+1"],"picked":"Offering","floor":7.0},{"not_picked":["Twin Strike+1","Sword Boomerang+1","hubris:ReadiedAction"],"picked":"SKIP","floor":8.0},{"not_picked":["hubris:ReadiedAction","Pommel Strike+1","Poisoned Stab"],"picked":"Armaments","floor":10.0},{"not_picked":["Wild Strike+1","Bloodletting","Armaments","Deadly Poison"],"picked":"SKIP","floor":12.0},{"not_picked":["Reaper+1","Dark Embrace","Adrenaline"],"picked":"Demon Form","floor":16.0},{"not_picked":["Anger+1","Ghostly Armor","Flying Knee"],"picked":"Cleave+1","floor":18.0},{"not_picked":["Ghostly Armor+1","Carnage+1","hubris:SlightOfHand"],"picked":"Sword Boomerang+1","floor":20.0},{"not_picked":["hubris:ReadiedAction","Burning Pact","Thunderclap+1","Blade Dance"],"picked":"SKIP","floor":22.0},{"not_picked":["Heavy Blade+1","Berserk","All Out Attack"],"picked":"Shrug It Off+1","floor":24.0},{"not_picked":["Iron Wave+1","Headbutt+1","Outmaneuver"],"picked":"Inflame+1","floor":25.0},{"not_picked":["Sentinel+1","Cleave+1","Bloodletting","Deadly Poison"],"picked":"SKIP","floor":27.0},{"not_picked":["Flex+1","Wild Strike+1","Metallicize","hubris:Counter"],"picked":"SKIP","floor":29.0},{"not_picked":["Brutality","Juggernaut","A Thousand Cuts"],"picked":"Limit Break","floor":33.0},{"not_picked":["Twin Strike+1","Dropkick+1","Eviscerate"],"picked":"hubris:ReadiedAction+1","floor":35.0},{"not_picked":["hubris:ReadiedAction","Sword Boomerang+1","Outmaneuver"],"picked":"Immolate+1","floor":38.0},{"not_picked":["Pommel Strike+1","Clash+1","Bane"],"picked":"Fiend Fire+1","floor":41.0},{"not_picked":["Sentinel","Shrug It Off","Bane"],"picked":"Whirlwind+1","floor":45},{"not_picked":["Fire Breathing+1","Headbutt+1","Sucker Punch"],"picked":"True Grit+1","floor":46},{"not_picked":["Heavy Blade+1","Feed+1","Tactician"],"picked":"Shrug It Off+1","floor":47},{"not_picked":["Body Slam+1","Carnage+1","Sucker Punch"],"picked":"Shrug It Off+1","floor":48}],"player_experience":344682,"relics_obtained":[{"floor":8.0,"key":"hubris:DisguiseKit"},{"floor":9.0,"key":"MawBank"},{"floor":26.0,"key":"Blue Candle"},{"floor":27.0,"key":"Omamori"},{"floor":41.0,"key":"War Paint"},{"floor":43,"key":"hubris:DuctTape"},{"floor":47,"key":"Pear"}],"event_choices":[{"damage_healed":0.0,"max_hp_gain":0.0,"max_hp_loss":0.0,"gold_gain":0.0,"event_name":"Golden Idol","player_choice":"Take Damage","floor":3.0,"gold_loss":0.0,"damage_taken":20.0,"relics_obtained":["Golden Idol"]},{"damage_healed":0.0,"max_hp_gain":0.0,"max_hp_loss":0.0,"gold_gain":0.0,"event_name":"Scrap Ooze","player_choice":"Success","floor":5.0,"gold_loss":0.0,"damage_taken":12.0,"relics_obtained":["Molten Egg 2"]},{"damage_healed":0.0,"max_hp_gain":0.0,"max_hp_loss":0.0,"gold_gain":0.0,"event_name":"Transmorgrifier","player_choice":"Ignored","floor":11.0,"gold_loss":0.0,"damage_taken":0.0},{"damage_healed":28.0,"max_hp_gain":0.0,"max_hp_loss":0.0,"gold_gain":0.0,"event_name":"Wheel of Change","player_choice":"Full Heal","floor":14.0,"gold_loss":0.0,"damage_taken":0.0},{"damage_healed":0.0,"max_hp_gain":0.0,"max_hp_loss":0.0,"gold_gain":0.0,"event_name":"The Woman in Blue","player_choice":"Bought 0 Potions","floor":19.0,"gold_loss":0.0,"damage_taken":0.0},{"damage_healed":0.0,"max_hp_gain":0.0,"max_hp_loss":0.0,"gold_gain":0.0,"event_name":"The Mausoleum","player_choice":"Opened","floor":30.0,"gold_loss":0.0,"damage_taken":0.0,"relics_obtained":["Orichalcum"],"cards_obtained":["Writhe"]},{"cards_removed":["Strike_R"],"damage_healed":0.0,"max_hp_gain":0.0,"max_hp_loss":0.0,"gold_gain":0.0,"event_name":"Bonfire Elementals","player_choice":"Offered Basic","floor":36.0,"gold_loss":0.0,"damage_taken":0.0},{"damage_healed":0,"gold_gain":0,"player_choice":"Paid","damage_taken":0,"relics_obtained":["Red Mask"],"max_hp_gain":0,"max_hp_loss":0,"event_name":"Tomb of Lord Red Mask","floor":42,"gold_loss":301}],"is_beta":false,"boss_relics":[{"not_picked":["Runic Pyramid","Orrery"],"picked":"hubris:TerracottaHorce"},{"not_picked":["hubris:HollowSoul","Philosopher\u0027s Stone"],"picked":"Fusion Hammer"}],"items_purged_floors":[31],"is_endless":false,"potions_floor_spawned":[1,16,20,22,29,41,45,47],"ascension_level":1}