{"gold_per_floor":[114,130,130,142,161,190,210,237,318,318,318,318,288,298,298,393,393,409,77,87,103,0,0,0],"floor_reached":24,"playtime":2413,"items_purged":["Strike_R"],"score":218,"play_id":"bbe7019e-1ec4-4a03-8a36-3f077053bc8c","local_time":"20190123045418","is_ascension_mode":true,"campfire_choices":[{"data":"Inflame","floor":10,"key":"SMITH"},{"floor":15,"key":"REST"},{"floor":23,"key":"REST"}],"neow_cost":"NONE","seed_source_timestamp":186660670898465,"circlet_count":0,"master_deck":["Strike_R","Strike_R","Strike_R","Defend_R","Defend_R","Defend_R","Defend_R","Bash","Rampage+1","Sword Boomerang","Iron Wave","Cleave","Inflame+1","Metallicize","Thunderclap","Feed","Iron Wave","Sword Boomerang+1"],"relics":["Burning Blood","Anchor","Juzu Bracelet","Art of War","Bottled Flame","Black Star","Frozen Egg 2"],"potions_floor_usage":[6,8,14,16,16,21,24],"damage_taken":[{"damage":5,"enemies":"Small Slimes","floor":1,"turns":4},{"damage":0,"enemies":"Cultist","floor":2,"turns":4},{"damage":0,"enemies":"2 Louse","floor":4,"turns":2},{"damage":2,"enemies":"Blue Slaver","floor":5,"turns":3},{"damage":23,"enemies":"3 Sentries","floor":6,"turns":8},{"damage":4,"enemies":"Lots of Slimes","floor":7,"turns":4},{"damage":32,"enemies":"Lagavulin","floor":8,"turns":9},{"damage":2,"enemies":"3 Louse","floor":14,"turns":3},{"damage":23,"enemies":"The Guardian","floor":16,"turns":9},{"damage":24,"enemies":"Chosen","floor":18,"turns":5},{"damage":12,"enemies":"Spheric Guardian","floor":20,"turns":5},{"damage":41,"enemies":"3 Cultists","floor":21,"turns":5},{"damage":53,"enemies":"Book of Stabbing","floor":24,"turns":6}],"seed_played":"-774718240815870971","potions_obtained":[{"floor":1,"key":"Block Potion"},{"floor":5,"key":"Ancient Potion"},{"floor":13,"key":"Energy Potion"},{"floor":13,"key":"Strength Potion"},{"floor":14,"key":"Dexterity Potion"},{"floor":16,"key":"Swift Potion"},{"floor":20,"key":"Poison Potion"}],"is_trial":false,"path_per_floor":["M","M","?","M","M","E","M","E","T","R","?","?","?","M","R","B",null,"M","$","M","M","?","R","E"],"character_chosen":"IRONCLAD","items_purchased":["Frozen Egg 2"],"campfire_rested":2,"item_purchase_floors":[19],"current_hp_per_floor":[80,80,80,80,80,63,65,39,39,39,27,20,20,24,48,31,80,62,62,56,24,24,48,0],"gold":0,"neow_bonus":"RANDOM_COMMON_RELIC","is_prod":false,"is_daily":false,"chose_seed":false,"campfire_upgraded":1,"win_rate":0,"timestamp":1548240858,"path_taken":["M","M","?","M","M","E","M","E","T","R","?","?","?","M","R","BOSS","M","?","M","M","?","R","E"],"build_version":"2019-01-17v2","purchased_purges":1,"victory":false,"max_hp_per_floor":[80,80,80,80,80,80,80,80,80,80,80,80,80,80,80,80,80,80,80,80,83,83,83,83],"card_choices":[{"not_picked":["Heavy Blade","Flame Barrier"],"picked":"Rampage","floor":1},{"not_picked":["Perfected Strike","Warcry"],"picked":"Sword Boomerang","floor":2},{"not_picked":["Infernal Blade","Searing Blow"],"picked":"Iron Wave","floor":4},{"not_picked":["Combust","Shockwave","Exhume"],"picked":"SKIP","floor":5},{"not_picked":["Dropkick","Combust"],"picked":"Cleave","floor":6},{"not_picked":["True Grit","Evolve"],"picked":"Inflame","floor":7},{"not_picked":["Uppercut","Carnage"],"picked":"Metallicize","floor":8},{"not_picked":["Pummel","Armaments"],"picked":"Thunderclap","floor":14},{"not_picked":["Dark Embrace","Exhume"],"picked":"Feed","floor":16},{"not_picked":["Flex","Heavy Blade"],"picked":"Iron Wave","floor":18},{"not_picked":["Perfected Strike","Fire Breathing+1"],"picked":"Sword Boomerang+1","floor":20},{"not_picked":["Sword Boomerang+1","Shockwave","Havoc"],"picked":"SKIP","floor":21}],"player_experience":104318,"relics_obtained":[{"floor":6,"key":"Juzu Bracelet"},{"floor":8,"key":"Art of War"},{"floor":9,"key":"Bottled Flame"}],"event_choices":[{"damage_healed":0,"gold_gain":0,"player_choice":"Upgraded","damage_taken":0,"max_hp_gain":0,"max_hp_loss":0,"event_name":"Upgrade Shrine","floor":3,"gold_loss":0,"cards_upgraded":["Rampage"]},{"damage_healed":0,"gold_gain":0,"player_choice":"Fled","damage_taken":12,"max_hp_gain":0,"max_hp_loss":0,"event_name":"Scrap Ooze","floor":11,"gold_loss":0},{"cards_removed":["Strike_R"],"damage_healed":0,"gold_gain":0,"player_choice":"Card Removal","damage_taken":7,"max_hp_gain":0,"max_hp_loss":0,"event_name":"Golden Wing","floor":12,"gold_loss":0},{"damage_healed":0,"gold_gain":0,"player_choice":"Bought 2 Potions","damage_taken":0,"max_hp_gain":0,"max_hp_loss":0,"event_name":"The Woman in Blue","floor":13,"gold_loss":0},{"damage_healed":0,"gold_gain":0,"player_choice":"Paid Fearfully","damage_taken":0,"max_hp_gain":0,"max_hp_loss":0,"event_name":"Masked Bandits","floor":22,"gold_loss":103}],"is_beta":false,"boss_relics":[{"not_picked":["Snecko Eye","Lizard Tail"],"picked":"Black Star"}],"items_purged_floors":[19],"is_endless":false,"potions_floor_spawned":[1,5,14,16,20],"killed_by":"Book of Stabbing","ascension_level":1}