{"gold_per_floor":[113,124,199,42,42,70,70,84,138,150,165,165,185,215,215,215],"floor_reached":16,"playtime":564,"items_purged":[],"score":210,"play_id":"ba7069e4-70c9-46f7-bd19-9e9269a48f9f","local_time":"20190219174920","is_ascension_mode":true,"campfire_choices":[{"floor":7,"key":"REST"},{"floor":12,"key":"REST"},{"floor":15,"key":"REST"}],"neow_cost":"NONE","seed_source_timestamp":31530261795329,"circlet_count":0,"master_deck":["AscendersBane","Strike_R","Strike_R","Strike_R","Strike_R","Strike_R","Defend_R","Defend_R","Defend_R","Defend_R","Bash","Whirlwind","Entrench","Body Slam","Juggernaut","Disarm","Armaments","Rage"],"relics":["Burning Blood","Dream Catcher","Art of War","Strawberry","Dodecahedron"],"potions_floor_usage":[6,14,14],"damage_taken":[{"damage":5,"enemies":"Small Slimes","floor":1,"turns":3},{"damage":9,"enemies":"Jaw Worm","floor":2,"turns":4},{"damage":55,"enemies":"3 Sentries","floor":6,"turns":10},{"damage":0,"enemies":"2 Louse","floor":8,"turns":1},{"damage":22,"enemies":"Exordium Thugs","floor":10,"turns":5},{"damage":1,"enemies":"2 Fungi Beasts","floor":11,"turns":3},{"damage":35,"enemies":"Exordium Wildlife","floor":13,"turns":4},{"damage":29,"enemies":"Gremlin Nob","floor":14,"turns":5},{"damage":63,"enemies":"Slime Boss","floor":16,"turns":8}],"seed_played":"3355408505692598441","potions_obtained":[{"floor":1,"key":"Regen Potion"},{"floor":6,"key":"Energy Potion"},{"floor":10,"key":"Weak Potion"}],"is_trial":false,"path_per_floor":["M","M","?","$","?","E","R","M","T","M","M","R","M","E","R","B"],"character_chosen":"IRONCLAD","items_purchased":["Dream Catcher"],"campfire_rested":3,"item_purchase_floors":[4],"current_hp_per_floor":[81,78,67,67,60,33,61,67,67,51,56,84,55,32,60,0],"gold":215,"neow_bonus":"TEN_PERCENT_HP_BONUS","is_prod":false,"is_daily":false,"chose_seed":false,"campfire_upgraded":0,"win_rate":0,"timestamp":1550634560,"path_taken":["M","M","?","$","?","E","R","M","T","M","M","R","M","E","R","BOSS"],"build_version":"2019-01-23","purchased_purges":0,"victory":false,"max_hp_per_floor":[88,88,88,88,88,95,95,95,95,95,95,95,95,95,95,95],"card_choices":[{"not_picked":["Havoc","Headbutt"],"picked":"Whirlwind","floor":1},{"not_picked":["Warcry","Perfected Strike"],"picked":"Entrench","floor":2},{"not_picked":["Perfected Strike","Corruption","Bloodletting"],"picked":"SKIP","floor":6},{"not_picked":["Clothesline","Disarm"],"picked":"Body Slam","floor":7},{"not_picked":["Pummel","Rampage","Perfected Strike"],"picked":"SKIP","floor":8},{"not_picked":["Pommel Strike","Blood for Blood"],"picked":"Juggernaut","floor":10},{"not_picked":["Sword Boomerang","Blood for Blood"],"picked":"Disarm","floor":11},{"not_picked":["Sword Boomerang","Inflame"],"picked":"Armaments","floor":13},{"not_picked":["Headbutt","Corruption"],"picked":"Rage","floor":14}],"player_experience":452522,"relics_obtained":[{"floor":6,"key":"Strawberry"},{"floor":14,"key":"Dodecahedron"}],"event_choices":[{"damage_healed":0,"gold_gain":75,"player_choice":"Gather Gold","damage_taken":11,"max_hp_gain":0,"max_hp_loss":0,"event_name":"World of Goop","floor":3,"gold_loss":0},{"damage_healed":0,"gold_gain":0,"player_choice":"Success","damage_taken":7,"relics_obtained":["Art of War"],"max_hp_gain":0,"max_hp_loss":0,"event_name":"Scrap Ooze","floor":5,"gold_loss":0}],"is_beta":false,"boss_relics":[],"items_purged_floors":[],"is_endless":false,"potions_floor_spawned":[1,6,10,13],"killed_by":"Slime Boss","ascension_level":13}