{"gold_per_floor":[119,119,129,129,141,167,185,185,233,252,279,279,58,77,77,77],"floor_reached":16,"playtime":1066,"items_purged":["Strike_G"],"score":212,"play_id":"ddb9a668-5de2-4bc1-a27c-e777fe3549af","local_time":"20190201125156","is_ascension_mode":true,"campfire_choices":[{"floor":8,"key":"REST"},{"floor":12,"key":"REST"},{"floor":15,"key":"REST"}],"neow_cost":"TEN_PERCENT_HP_LOSS","seed_source_timestamp":1163909255955235,"circlet_count":0,"master_deck":["AscendersBane","Defend_G","Defend_G","Defend_G","Defend_G","Defend_G","Strike_G","Strike_G","Strike_G","Strike_G","Survivor","Neutralize","Crippling Poison","Choke","Sucker Punch","Accuracy","Cloak And Dagger","Backstab","Footwork","Cloak And Dagger","PiercingWail"],"relics":["Ring of the Snake","Nunchaku","NlothsMask","The Courier","Oddly Smooth Stone","Bronze Scales"],"potions_floor_usage":[11,11],"damage_taken":[{"damage":9,"enemies":"Jaw Worm","floor":1,"turns":5},{"damage":8,"enemies":"Cultist","floor":3,"turns":6},{"damage":16,"enemies":"Small Slimes","floor":5,"turns":4},{"damage":42,"enemies":"Lagavulin","floor":6,"turns":7},{"damage":3,"enemies":"Looter","floor":7,"turns":4},{"damage":10,"enemies":"2 Fungi Beasts","floor":10,"turns":4},{"damage":0,"enemies":"3 Sentries","floor":11,"turns":10},{"damage":4,"enemies":"Blue Slaver","floor":14,"turns":2},{"damage":52,"enemies":"Slime Boss","floor":16,"turns":11}],"seed_played":"8630801237851011234","potions_obtained":[{"floor":1,"key":"EssenceOfSteel"},{"floor":5,"key":"Energy Potion"},{"floor":10,"key":"LiquidBronze"}],"is_trial":false,"path_per_floor":["M","?","M","?","M","E","M","R","T","M","E","R","$","M","R","B"],"character_chosen":"THE_SILENT","items_purchased":["Bronze Scales","Cloak And Dagger"],"campfire_rested":3,"item_purchase_floors":[13,13],"current_hp_per_floor":[54,54,46,63,47,5,2,20,20,10,10,28,28,24,42,0],"gold":77,"neow_bonus":"ONE_RARE_RELIC","is_prod":false,"is_daily":false,"chose_seed":false,"campfire_upgraded":0,"win_rate":0,"timestamp":1549043516,"path_taken":["M","?","?","?","M","E","M","R","T","M","E","R","?","M","R","BOSS"],"build_version":"2019-01-23","purchased_purges":1,"victory":false,"max_hp_per_floor":[63,63,63,63,63,63,63,63,63,63,63,63,63,63,63,63],"card_choices":[{"not_picked":["Flying Knee","Underhanded Strike"],"picked":"Crippling Poison","floor":1},{"not_picked":["PiercingWail","Reflex"],"picked":"Choke","floor":3},{"not_picked":["Setup","PiercingWail"],"picked":"Sucker Punch","floor":5},{"not_picked":["Outmaneuver","Quick Slash"],"picked":"Accuracy","floor":6},{"not_picked":["Setup","Distraction"],"picked":"Cloak And Dagger","floor":7},{"not_picked":["Tactician","Poisoned Stab"],"picked":"Backstab","floor":10},{"not_picked":["Dagger Throw","Accuracy"],"picked":"Footwork","floor":11},{"not_picked":["Prepared","Bouncing Flask"],"picked":"PiercingWail","floor":14}],"player_experience":573897,"relics_obtained":[{"floor":6,"key":"The Courier"},{"floor":11,"key":"Oddly Smooth Stone"}],"event_choices":[{"damage_healed":0,"gold_gain":0,"player_choice":"Trade","damage_taken":0,"relics_obtained":["NlothsMask"],"max_hp_gain":0,"max_hp_loss":0,"event_name":"FaceTrader","floor":2,"gold_loss":0},{"damage_healed":21,"gold_gain":0,"player_choice":"Banana","damage_taken":0,"max_hp_gain":0,"max_hp_loss":0,"event_name":"Big Fish","floor":4,"gold_loss":0}],"is_beta":true,"boss_relics":[],"items_purged_floors":[13],"is_endless":false,"potions_floor_spawned":[1,5,10],"killed_by":"Slime Boss","ascension_level":11}