{"gold_per_floor":[119,76,76,1,18,18,45,45,45,70,70,70,90,110,110,183,183,196,20,20,20,36,69,87,100,100,100,100,100,20,39,39,117,117,128,108,44,57,13,13,13,38,38,38,52,52,101,101,101,101],"floor_reached":51,"playtime":1638,"items_purged":["Regret","Strike_G"],"score":1356,"play_id":"8cd17ad1-776f-4e6d-93ca-80edb55f3eea","local_time":"20190308165314","is_ascension_mode":true,"campfire_choices":[{"data":"Noxious Fumes","floor":6.0,"key":"SMITH"},{"floor":8.0,"key":"REST"},{"floor":12.0,"key":"REST"},{"floor":15.0,"key":"REST"},{"floor":27.0,"key":"REST"},{"data":"Noxious Fumes","floor":29.0,"key":"SMITH"},{"floor":32.0,"key":"REST"},{"data":"Footwork","floor":40.0,"key":"SMITH"},{"floor":44,"key":"REST"},{"data":"Deadly Poison","floor":46,"key":"SMITH"},{"data":"Neutralize","floor":49,"key":"SMITH"}],"neow_cost":"NONE","seed_source_timestamp":169016159870793,"circlet_count":0,"master_deck":["AscendersBane","Defend_G","Defend_G","Defend_G","Defend_G","Defend_G","Strike_G","Strike_G+1","Strike_G","Strike_G","Survivor","Neutralize+1","Quick Slash","Deadly Poison+1","Noxious Fumes+1","Leg Sweep+1","Noxious Fumes+1","Blur+1","Deflect+1","Corpse Explosion+1","Backflip+1","Catalyst+1","Burst+1","Bouncing Flask+1","Footwork+1","PiercingWail+1","PiercingWail+1","PiercingWail+1","Purity+1"],"special_seed":0,"relics":["Ring of the Snake","Centennial Puzzle","Strawberry","The Courier","Toxic Egg 2","Sozu","Happy Flower","MutagenicStrength","Mango","Bottled Lightning","Eternal Feather","PreservedInsect","Bottled Tornado","Peace Pipe"],"potions_floor_usage":[],"damage_taken":[{"damage":0.0,"enemies":"Cultist","floor":1.0,"turns":3.0},{"damage":4.0,"enemies":"Small Slimes","floor":5.0,"turns":4.0},{"damage":36.0,"enemies":"Gremlin Nob","floor":7.0,"turns":4.0},{"damage":20.0,"enemies":"Lagavulin","floor":10.0,"turns":6.0},{"damage":1.0,"enemies":"2 Louse","floor":13.0,"turns":3.0},{"damage":3.0,"enemies":"Looter","floor":14.0,"turns":4.0},{"damage":4.0,"enemies":"Hexaghost","floor":16.0,"turns":10.0},{"damage":0.0,"enemies":"Spheric Guardian","floor":18.0,"turns":4.0},{"damage":0.0,"enemies":"3 Byrds","floor":22.0,"turns":3.0},{"damage":16.0,"enemies":"Book of Stabbing","floor":23.0,"turns":6.0},{"damage":28.0,"enemies":"Shelled Parasite and Fungi","floor":24.0,"turns":6.0},{"damage":24.0,"enemies":"Snake Plant","floor":25.0,"turns":5.0},{"damage":8.0,"enemies":"Centurion and Healer","floor":31.0,"turns":6.0},{"damage":28.0,"enemies":"Champ","floor":33.0,"turns":7.0},{"damage":8.0,"enemies":"3 Darklings","floor":35.0,"turns":3.0},{"damage":16.0,"enemies":"Orb Walker","floor":38.0,"turns":4.0},{"damage":24,"enemies":"Giant Head","floor":42,"turns":8},{"damage":8,"enemies":"Spire Growth","floor":45,"turns":5},{"damage":22,"enemies":"2 Orb Walkers","floor":47,"turns":2},{"damage":66,"enemies":"Donu and Deca","floor":50,"turns":10}],"seed_played":"-1491487716638994339","potions_obtained":[{"floor":5.0,"key":"Fire Potion"},{"floor":13.0,"key":"EssenceOfSteel"},{"floor":16.0,"key":"GamblersBrew"}],"is_trial":false,"path_per_floor":["M","$","?","$","M","R","E","R","T","E","?","R","M","M","R","B",null,"M","$","?","?","M","E","M","M","T","R","?","R","$","M","R","B",null,"M","?","$","M","$","R","$","E","T","R","M","R","?","?","R","B",null],"character_chosen":"THE_SILENT","items_purchased":["Noxious Fumes","Happy Flower","Backflip+1","Footwork","PiercingWail+1"],"campfire_rested":6,"item_purchase_floors":[2,19,19,37,39],"current_hp_per_floor":[59,59,59,59,55,55,26,47,47,27,5,26,25,22,43,39,65,65,65,65,65,65,63,35,11,11,37,37,37,37,29,55,27,72,64,64,64,48,48,63,63,39,39,80,72,87,65,65,80,14],"gold":101,"neow_bonus":"THREE_CARDS","is_prod":false,"is_daily":false,"chose_seed":false,"campfire_upgraded":5,"win_rate":0,"timestamp":1552060394,"path_taken":["M","$","?","$","M","R","E","R","T","E","?","R","M","M","R","BOSS","M","$","?","?","M","E","M","M","T","R","?","R","$","M","R","BOSS","M","?","$","M","?","R","$","E","T","R","?","R","?","?","R","BOSS"],"build_version":"2019-01-23","purchased_purges":2,"victory":true,"max_hp_per_floor":[66,66,66,66,66,66,73,73,73,73,73,73,73,73,73,73,73,73,73,73,73,73,87,87,87,87,87,87,87,87,87,87,87,87,87,87,87,87,87,87,87,87,87,87,87,87,87,87,87,87],"card_choices":[{"not_picked":["Concentrate","Prepared"],"picked":"Quick Slash","floor":0.0},{"not_picked":["Backflip","Deflect"],"picked":"Deadly Poison","floor":1.0},{"not_picked":["Outmaneuver","Deadly Poison"],"picked":"Leg Sweep","floor":5.0},{"not_picked":["Slice","Dodge and Roll"],"picked":"Noxious Fumes","floor":7.0},{"not_picked":["Predator","Acrobatics"],"picked":"Blur","floor":10.0},{"not_picked":["Sucker Punch","Blade Dance+1"],"picked":"Deflect+1","floor":13.0},{"not_picked":["Quick Slash","Slice","Terror+1"],"picked":"SKIP","floor":14.0},{"not_picked":["Venomology+1","Glass Knife"],"picked":"Corpse Explosion+1","floor":16.0},{"not_picked":["Quick Slash","Deflect+1","Sucker Punch"],"picked":"SKIP","floor":18.0},{"not_picked":["Backflip+1","Acrobatics+1","Concentrate+1"],"picked":"SKIP","floor":22.0},{"not_picked":["Bane","Concentrate+1","Slice"],"picked":"SKIP","floor":23.0},{"not_picked":["Calculated Gamble+1","Predator"],"picked":"Catalyst+1","floor":24.0},{"not_picked":["Eviscerate","Distraction+1","Dagger Throw+1"],"picked":"SKIP","floor":25.0},{"not_picked":["Quick Slash","Slice","Dagger Spray"],"picked":"SKIP","floor":31.0},{"not_picked":["Tools of the Trade","Die Die Die"],"picked":"Burst+1","floor":33.0},{"not_picked":["Bane","Dagger Spray"],"picked":"Bouncing Flask+1","floor":35.0},{"not_picked":["Bouncing Flask+1","Endless Agony+1"],"picked":"PiercingWail+1","floor":38.0},{"not_picked":["Choke","Endless Agony","Concentrate+1"],"picked":"SKIP","floor":42},{"not_picked":["Predator","Acrobatics+1"],"picked":"PiercingWail+1","floor":45},{"not_picked":["Metamorphosis+1","Flash of Steel"],"picked":"Purity+1","floor":48}],"player_experience":941175,"relics_obtained":[{"floor":7.0,"key":"Strawberry"},{"floor":9.0,"key":"The Courier"},{"floor":10.0,"key":"Toxic Egg 2"},{"floor":23.0,"key":"Mango"},{"floor":26.0,"key":"Bottled Lightning"},{"floor":42,"key":"PreservedInsect"},{"floor":43,"key":"Bottled Tornado"},{"floor":47,"key":"Peace Pipe"}],"event_choices":[{"damage_healed":0.0,"max_hp_gain":0.0,"max_hp_loss":0.0,"gold_gain":0.0,"event_name":"Big Fish","player_choice":"Box","floor":3.0,"gold_loss":0.0,"damage_taken":0.0,"relics_obtained":["Centennial Puzzle"],"cards_obtained":["Regret"]},{"damage_healed":0.0,"max_hp_gain":0.0,"max_hp_loss":0.0,"gold_gain":0.0,"event_name":"Shining Light","player_choice":"Entered Light","floor":11.0,"gold_loss":0.0,"damage_taken":22.0,"cards_upgraded":["Strike_G","Leg Sweep"]},{"damage_healed":0.0,"max_hp_gain":0.0,"max_hp_loss":0.0,"gold_gain":0.0,"event_name":"Drug Dealer","player_choice":"Inject Mutagens","floor":20.0,"gold_loss":0.0,"damage_taken":0.0,"relics_obtained":["MutagenicStrength"]},{"damage_healed":0.0,"max_hp_gain":0.0,"max_hp_loss":0.0,"gold_gain":0.0,"event_name":"The Mausoleum","player_choice":"Ignored","floor":21.0,"gold_loss":0.0,"damage_taken":0.0},{"damage_healed":0.0,"max_hp_gain":0.0,"max_hp_loss":0.0,"gold_gain":0.0,"event_name":"Vampires","player_choice":"Ignored","floor":28.0,"gold_loss":0.0,"damage_taken":0.0},{"damage_healed":0.0,"max_hp_gain":0.0,"max_hp_loss":0.0,"gold_gain":0.0,"event_name":"The Woman in Blue","player_choice":"Bought 1 Potion","floor":36.0,"gold_loss":0.0,"damage_taken":0.0},{"damage_healed":0,"gold_gain":0,"player_choice":"Fight","damage_taken":0,"max_hp_gain":0,"max_hp_loss":0,"event_name":"Mysterious Sphere","floor":47,"gold_loss":0},{"damage_healed":0,"gold_gain":0,"player_choice":"Memory 1","damage_taken":0,"max_hp_gain":0,"max_hp_loss":0,"event_name":"SensoryStone","floor":48,"gold_loss":0}],"is_beta":false,"boss_relics":[{"not_picked":["Runic Dome","WristBlade"],"picked":"Sozu"},{"not_picked":["White Beast Statue","Pandora\u0027s Box"],"picked":"Eternal Feather"}],"items_purged_floors":[4,30],"is_endless":false,"potions_floor_spawned":[5,13,16,22,23,31,33,38,42],"ascension_level":18}