{"gold_per_floor":[117,117,117,129,139,168,180,220,232,263,275,318,330,357,369,486,498,522,459,456,468,493,505,517],"floor_reached":24,"playtime":2126,"items_purged":[],"score":227,"play_id":"4ae46a69-1f1c-426c-941e-4c2026a3dbcb","local_time":"20190130230056","is_ascension_mode":true,"campfire_choices":[{"floor":7,"key":"REST"},{"floor":11,"key":"REST"},{"floor":15,"key":"REST"},{"floor":23,"key":"REST"}],"neow_cost":"NONE","seed_source_timestamp":856946691669396,"circlet_count":0,"master_deck":["Defend_G","Defend_G","Defend_G","Strike_G","Strike_G","Strike_G","Strike_G","Strike_G","Survivor","Neutralize+1","Dagger Spray","Dodge and Roll","Blur","Quick Slash","Blade Dance","Infinite Blades","PiercingWail","Heel Hook","Phantasmal Killer","Prepared","Caltrops","Cloak And Dagger","Accuracy","Sucker Punch","Acrobatics+1","Masterful Stab+1","Writhe","Skewer+1"],"relics":["Ring of the Snake","Kunai","MawBank","Bird Faced Urn","Matryoshka","Boot","Orrery","Tough Bandages"],"potions_floor_usage":[6,8,10,18,22,24],"damage_taken":[{"damage":2,"enemies":"Small Slimes","floor":1,"turns":6},{"damage":2,"enemies":"Jaw Worm","floor":4,"turns":5},{"damage":0,"enemies":"Cultist","floor":5,"turns":4},{"damage":4,"enemies":"3 Sentries","floor":6,"turns":8},{"damage":20,"enemies":"Lagavulin","floor":8,"turns":12},{"damage":8,"enemies":"Exordium Wildlife","floor":10,"turns":3},{"damage":21,"enemies":"3 Sentries","floor":12,"turns":7},{"damage":0,"enemies":"3 Louse","floor":14,"turns":3},{"damage":8,"enemies":"The Guardian","floor":16,"turns":13},{"damage":0,"enemies":"3 Byrds","floor":18,"turns":4},{"damage":25,"enemies":"2 Thieves","floor":20,"turns":5},{"damage":56,"enemies":"Cultist and Chosen","floor":22,"turns":9},{"damage":39,"enemies":"Slavers","floor":24,"turns":2}],"seed_played":"-1331370073181473209","potions_obtained":[{"floor":1,"key":"Explosive Potion"},{"floor":5,"key":"Regen Potion"},{"floor":6,"key":"PowerPotion"},{"floor":12,"key":"Regen Potion"},{"floor":16,"key":"Block Potion"},{"floor":22,"key":"Ancient Potion"}],"is_trial":false,"path_per_floor":["M","?","?","M","M","E","R","E","T","M","R","E","$","M","R","B",null,"M","?","M","?","M","R","E"],"character_chosen":"THE_SILENT","items_purchased":[],"campfire_rested":4,"item_purchase_floors":[],"current_hp_per_floor":[68,43,36,34,34,30,51,46,46,40,61,42,42,44,65,59,70,70,70,49,49,9,30,0],"gold":517,"neow_bonus":"UPGRADE_CARD","is_prod":false,"is_daily":false,"chose_seed":false,"campfire_upgraded":0,"win_rate":0,"timestamp":1548910856,"path_taken":["M","?","?","?","M","E","R","E","T","M","R","E","?","M","R","BOSS","M","?","M","?","M","R","E"],"build_version":"2019-01-23","purchased_purges":0,"victory":false,"max_hp_per_floor":[70,70,70,70,70,70,70,70,70,70,70,70,70,70,70,70,70,70,70,70,70,70,70,70],"card_choices":[{"not_picked":["Bouncing Flask","Finisher"],"picked":"Dagger Spray","floor":1},{"not_picked":["Acrobatics","Bane"],"picked":"Dodge and Roll","floor":4},{"not_picked":["Sucker Punch","Deflect"],"picked":"Blur","floor":5},{"not_picked":["Deadly Poison","Dodge and Roll"],"picked":"Quick Slash","floor":6},{"not_picked":["Concentrate","Dagger Throw"],"picked":"Blade Dance","floor":8},{"not_picked":["Caltrops","Flechettes"],"picked":"Infinite Blades","floor":10},{"not_picked":["Dodge and Roll","Outmaneuver"],"picked":"PiercingWail","floor":12},{"not_picked":["Underhanded Strike","Bane"],"picked":"Heel Hook","floor":14},{"not_picked":["Glass Knife","Grand Finale"],"picked":"Phantasmal Killer","floor":16},{"not_picked":["Masterful Stab","Bane"],"picked":"Prepared","floor":17},{"not_picked":["Flechettes","Acrobatics"],"picked":"Caltrops","floor":17},{"not_picked":["Distraction","PiercingWail"],"picked":"Cloak And Dagger","floor":17},{"not_picked":["Acrobatics","Concentrate"],"picked":"Accuracy","floor":17},{"not_picked":["Underhanded Strike","Eviscerate"],"picked":"Sucker Punch","floor":17},{"not_picked":["Choke+1","PiercingWail"],"picked":"Acrobatics+1","floor":18},{"not_picked":["Quick Slash","Backflip"],"picked":"Masterful Stab+1","floor":20},{"not_picked":["Outmaneuver","Reflex"],"picked":"Skewer+1","floor":22}],"player_experience":114603,"relics_obtained":[{"floor":6,"key":"MawBank"},{"floor":8,"key":"Bird Faced Urn"},{"floor":9,"key":"Matryoshka"},{"floor":12,"key":"Boot"}],"event_choices":[{"damage_healed":0,"gold_gain":0,"player_choice":"Success","damage_taken":25,"relics_obtained":["Kunai"],"max_hp_gain":0,"max_hp_loss":0,"event_name":"Scrap Ooze","floor":2,"gold_loss":0},{"cards_removed":["Defend_G"],"damage_healed":0,"gold_gain":0,"player_choice":"Card Removal","damage_taken":7,"max_hp_gain":0,"max_hp_loss":0,"event_name":"Golden Wing","floor":3,"gold_loss":0},{"cards_removed":["Defend_G"],"damage_healed":0,"gold_gain":0,"player_choice":"Gave Gold","damage_taken":0,"max_hp_gain":0,"max_hp_loss":0,"event_name":"Beggar","floor":19,"gold_loss":75},{"damage_healed":0,"gold_gain":0,"player_choice":"Opened","damage_taken":0,"relics_obtained":["Tough Bandages"],"max_hp_gain":0,"max_hp_loss":0,"event_name":"The Mausoleum","floor":21,"gold_loss":0,"cards_obtained":["Writhe"]}],"is_beta":false,"boss_relics":[{"not_picked":["HoveringKite","White Beast Statue"],"picked":"Orrery"}],"items_purged_floors":[],"is_endless":false,"potions_floor_spawned":[1,5,6,12,16,22],"killed_by":"Slavers","ascension_level":1}