{"gold_per_floor":[211,15,15,29,42,42,56,74,123,123,43,63,81,46,46,145,145,163,88,19,35,35,35,45,45,45,45,64,64,84,14,14,14],"floor_reached":33,"playtime":1992,"items_purged":[],"score":251,"play_id":"94207674-20d7-4ce4-877c-6e1a8b63b5e8","local_time":"20190217143404","is_ascension_mode":true,"campfire_choices":[{"data":"Blade Dance","floor":6.0,"key":"SMITH"},{"floor":15,"key":"REST"},{"data":"Finisher","floor":23,"key":"SMITH"},{"data":"Finisher","floor":25,"key":"SMITH"},{"floor":27,"key":"REST"},{"floor":32,"key":"REST"}],"neow_cost":"NONE","seed_source_timestamp":0,"circlet_count":0,"master_deck":["Defend_G","Defend_G","Defend_G","Defend_G","Strike_G","Strike_G","Survivor","Neutralize","Blade Dance+1","Blade Dance","Finisher+1","Slice","Night Terror","Finisher+1","Choke","Burst","Expertise+1","Wraith Form v2+1","Distraction+1","PiercingWail","Well Laid Plans","Writhe","Dodge and Roll","Footwork","Leg Sweep","Escape Plan"],"special_seed":0,"relics":["Ring of the Snake","Centennial Puzzle","Astrolabe","Question Card","Darkstone Periapt"],"potions_floor_usage":[33,33],"damage_taken":[{"damage":0.0,"enemies":"2 Louse","floor":1.0,"turns":2.0},{"damage":2.0,"enemies":"Jaw Worm","floor":4.0,"turns":5.0},{"damage":0.0,"enemies":"Cultist","floor":5.0,"turns":5.0},{"damage":7.0,"enemies":"Red Slaver","floor":7.0,"turns":6.0},{"damage":10,"enemies":"Exordium Thugs","floor":8,"turns":4},{"damage":22,"enemies":"Looter","floor":12,"turns":4},{"damage":0,"enemies":"2 Fungi Beasts","floor":13,"turns":2},{"damage":23,"enemies":"Slime Boss","floor":16,"turns":8},{"damage":8,"enemies":"3 Byrds","floor":18,"turns":5},{"damage":14,"enemies":"Shell Parasite","floor":21,"turns":5},{"damage":14,"enemies":"3 Cultists","floor":24,"turns":6},{"damage":7,"enemies":"Cultist and Chosen","floor":28,"turns":8},{"damage":21,"enemies":"Snake Plant","floor":30,"turns":3},{"damage":64,"enemies":"Champ","floor":33,"turns":10}],"seed_played":"3829222470070583476","potions_obtained":[{"floor":1.0,"key":"FearPotion"},{"floor":8,"key":"GhostInAJar"},{"floor":28,"key":"Strength Potion"}],"is_trial":false,"path_per_floor":["M","$","?","M","M","R","M","M","T","?","$","M","M","$","R","B",null,"M","?","$","M","?","R","M","R","T","R","M","?","M","$","R","B"],"character_chosen":"THE_SILENT","items_purchased":["Sadistic Nature","Finisher","Choke","Well Laid Plans","Escape Plan"],"campfire_rested":3,"item_purchase_floors":[2,11,14,20,31],"current_hp_per_floor":[70,70,70,68,68,68,61,51,51,51,51,29,29,29,50,27,70,62,62,62,48,48,48,34,34,34,55,48,48,27,27,48,0],"gold":14,"neow_bonus":"HUNDRED_GOLD","is_prod":false,"is_daily":false,"chose_seed":false,"campfire_upgraded":3,"win_rate":0,"timestamp":1550432044,"path_taken":["M","$","?","M","M","R","M","M","T","?","$","?","M","?","R","BOSS","M","?","$","M","?","R","M","R","T","R","M","?","M","$","R","BOSS"],"build_version":"2019-01-23","purchased_purges":0,"victory":false,"max_hp_per_floor":[70,70,70,70,70,70,70,70,70,70,70,70,70,70,70,70,70,70,70,70,70,70,70,70,70,70,70,70,70,70,70,70,70],"card_choices":[{"not_picked":["Flechettes","Underhanded Strike"],"picked":"Blade Dance","floor":1.0},{"not_picked":["Dodge and Roll","Outmaneuver","Calculated Gamble"],"picked":"SKIP","floor":4.0},{"not_picked":["Dodge and Roll","Quick Slash"],"picked":"Blade Dance","floor":5.0},{"not_picked":["Deadly Poison","Dagger Throw"],"picked":"Finisher","floor":7.0},{"not_picked":["Dagger Spray","Flechettes"],"picked":"Slice","floor":8},{"not_picked":["Underhanded Strike","Bane","Prepared"],"picked":"SKIP","floor":12},{"not_picked":["Dagger Throw","Bane","Expertise"],"picked":"SKIP","floor":13},{"not_picked":["Wraith Form v2","Doppelganger"],"picked":"Burst","floor":16},{"not_picked":["Flechettes","Slice"],"picked":"PiercingWail","floor":18},{"not_picked":["Poisoned Stab+1","Prepared","Deadly Poison+1"],"picked":"SKIP","floor":21},{"not_picked":["Tactician","Flying Knee","Predator+1"],"picked":"Dodge and Roll","floor":24},{"not_picked":["Bane+1","Deadly Poison","Prepared+1"],"picked":"Footwork","floor":28},{"not_picked":["Catalyst","Bouncing Flask","Underhanded Strike"],"picked":"Leg Sweep","floor":30}],"player_experience":1043895,"relics_obtained":[{"floor":9,"key":"Centennial Puzzle"},{"floor":26,"key":"Darkstone Periapt"}],"event_choices":[{"damage_healed":0.0,"max_hp_gain":0.0,"max_hp_loss":0.0,"gold_gain":0.0,"event_name":"Liars Game","player_choice":"Ignored","floor":3.0,"gold_loss":0.0,"damage_taken":0.0},{"cards_removed":["Sadistic Nature"],"damage_healed":0,"gold_gain":0,"player_choice":"Took Card","damage_taken":0,"max_hp_gain":0,"max_hp_loss":0,"event_name":"NoteForYourself","floor":10,"gold_loss":0,"cards_obtained":["Night Terror"]},{"cards_removed":["Defend_G"],"damage_healed":0,"gold_gain":0,"player_choice":"Gave Gold","damage_taken":0,"max_hp_gain":0,"max_hp_loss":0,"event_name":"Beggar","floor":19,"gold_loss":75},{"damage_healed":0,"gold_gain":0,"player_choice":"Opened","damage_taken":0,"relics_obtained":["Question Card"],"max_hp_gain":0,"max_hp_loss":0,"event_name":"The Mausoleum","floor":22,"gold_loss":0,"cards_obtained":["Writhe"]},{"damage_healed":0,"gold_gain":0,"player_choice":"Ignored","damage_taken":0,"max_hp_gain":0,"max_hp_loss":0,"event_name":"Vampires","floor":29,"gold_loss":0}],"is_beta":false,"boss_relics":[{"not_picked":["White Beast Statue","Runic Pyramid"],"picked":"Astrolabe"}],"items_purged_floors":[],"is_endless":false,"potions_floor_spawned":[1,8,28],"killed_by":"Champ","ascension_level":1}