{"gold_per_floor":[116,116,116,116,62,62,62,83,109,109,7,20,20,20,20,141,141,164,164,164,64,79,106,124,124,176,203,203,221,235,34,34,137,137,147,107,121,121,131,166,166,441,487,498,498,518,518,548,548,548],"floor_reached":51,"playtime":1339,"items_purged":["Strike_B","Defend_B","Writhe"],"score":781,"play_id":"9afea81c-f756-4611-a2ce-0bafb57b44ec","local_time":"20190310212256","is_ascension_mode":false,"campfire_choices":[{"data":"Zap","floor":6.0,"key":"SMITH"},{"data":"Thunder Strike","floor":10.0,"key":"SMITH"},{"data":"Thunder Strike","floor":15.0,"key":"SMITH"},{"floor":32.0,"key":"REST"},{"floor":41,"key":"REST"},{"floor":45,"key":"REST"},{"floor":49,"key":"REST"}],"neow_cost":"PERCENT_DAMAGE","seed_source_timestamp":9970064593365,"circlet_count":0,"master_deck":["Strike_B+1","Defend_B","Zap+1","Dualcast+1","FTL+1","Thunder Strike+1","Coolheaded+1","Turbo","Hologram+1","Thunder Strike+1","Ball Lightning+1","Skim","Fission+1","Ball Lightning+1","Ball Lightning","Coolheaded+1","Seek+1","Skim+1","Seek+1","Ball Lightning+1","Electrodynamics","Steam Power+1","Ball Lightning+1","Normality","Echo Form"],"special_seed":0,"relics":["Cracked Core","Bloody Idol","War Paint","Fusion Hammer","Art of War","Vajra","Centennial Puzzle","Matryoshka","Pen Nib","Toxic Egg 2","Black Star","Omamori","Question Card","Juzu Bracelet","Blood Vial","DataDisk","Whetstone"],"potions_floor_usage":[50,50],"damage_taken":[{"damage":2.0,"enemies":"2 Louse","floor":1.0,"turns":2.0},{"damage":0.0,"enemies":"Small Slimes","floor":8.0,"turns":3.0},{"damage":0.0,"enemies":"Cultist","floor":12.0,"turns":2.0},{"damage":18.0,"enemies":"The Guardian","floor":16.0,"turns":8.0},{"damage":0.0,"enemies":"2 Thieves","floor":18.0,"turns":2.0},{"damage":0.0,"enemies":"3 Byrds","floor":22.0,"turns":3.0},{"damage":14.0,"enemies":"Slavers","floor":23.0,"turns":2.0},{"damage":0.0,"enemies":"Snecko","floor":24.0,"turns":2.0},{"damage":0.0,"enemies":"Gremlin Leader","floor":27.0,"turns":3.0},{"damage":15.0,"enemies":"Centurion and Healer","floor":29.0,"turns":2.0},{"damage":5.0,"enemies":"Cultist and Chosen","floor":30.0,"turns":2.0},{"damage":17.0,"enemies":"Champ","floor":33.0,"turns":4.0},{"damage":0.0,"enemies":"Orb Walker","floor":35.0,"turns":1.0},{"damage":0.0,"enemies":"3 Shapes","floor":37.0,"turns":2.0},{"damage":0.0,"enemies":"Maw","floor":39.0,"turns":2.0},{"damage":39,"enemies":"Nemesis","floor":40,"turns":3},{"damage":0,"enemies":"Spire Growth","floor":44,"turns":2},{"damage":1,"enemies":"4 Shapes","floor":46,"turns":2},{"damage":16,"enemies":"Giant Head","floor":48,"turns":4},{"damage":46,"enemies":"Donu and Deca","floor":50,"turns":4}],"seed_played":"-4878985882520153540","potions_obtained":[{"floor":12.0,"key":"FairyPotion"},{"floor":20.0,"key":"Dexterity Potion"},{"floor":20.0,"key":"FocusPotion"},{"floor":35.0,"key":"Energy Potion"}],"is_trial":false,"path_per_floor":["M","?","?","?","$","R","$","M","T","R","$","M","?","?","R","B",null,"M","?","?","$","M","E","M","?","T","E","T","M","M","$","R","B",null,"M","?","M","$","M","E","R","?","T","M","R","M","?","E","R","B",null],"character_chosen":"DEFECT","items_purchased":["Hologram","Ball Lightning","Skim+1"],"campfire_rested":4,"item_purchase_floors":[5,11,31],"current_hp_per_floor":[52,45,45,45,45,45,45,45,45,45,45,45,31,54,54,36,69,69,69,69,69,69,60,65,65,69,69,69,59,59,59,69,57,69,69,69,69,69,69,35,55,60,65,69,69,69,69,58,69,23],"gold":548,"neow_bonus":"TRANSFORM_TWO_CARDS","is_prod":false,"is_daily":false,"chose_seed":false,"campfire_upgraded":3,"win_rate":0,"timestamp":1552274576,"path_taken":["M","?","?","?","$","R","$","M","T","R","$","M","?","?","R","BOSS","M","?","?","$","?","E","M","?","T","E","?","M","M","$","R","BOSS","M","?","M","?","M","E","R","?","T","M","R","M","?","E","R","BOSS"],"build_version":"2019-01-23","purchased_purges":3,"victory":true,"max_hp_per_floor":[75,75,75,69,69,69,69,69,69,69,69,69,69,69,69,69,69,69,69,69,69,69,69,69,69,69,69,69,69,69,69,69,69,69,69,69,69,69,69,69,69,69,69,69,69,69,69,69,69,69],"card_choices":[{"not_picked":["Hologram","Blizzard"],"picked":"Coolheaded","floor":1.0},{"not_picked":["Sweeping Beam","Consume"],"picked":"Thunder Strike","floor":8.0},{"not_picked":["Leap","Coolheaded"],"picked":"Skim","floor":12.0},{"not_picked":["Hyperbeam","Reboot"],"picked":"Fission","floor":16.0},{"not_picked":["Melter","Coolheaded"],"picked":"Ball Lightning+1","floor":18.0},{"not_picked":["Auto Shields","Streamline"],"picked":"Tempest","floor":22.0},{"not_picked":["Storm","Melter","Auto Shields"],"picked":"SKIP","floor":23.0},{"not_picked":["Barrage+1","Conserve Battery","Streamline"],"picked":"SKIP","floor":24.0},{"not_picked":["Redo","Genetic Algorithm"],"picked":"Ball Lightning","floor":27.0},{"not_picked":["Rebound","Redo+1"],"picked":"Coolheaded+1","floor":29.0},{"not_picked":["Turbo+1","Rip and Tear"],"picked":"Seek+1","floor":30.0},{"not_picked":["Creative AI","Machine Learning"],"picked":"Seek+1","floor":33.0},{"not_picked":["Beam Cell","Steam+1","Force Field+1"],"picked":"SKIP","floor":35.0},{"not_picked":["Storm+1","Stack+1","Doom and Gloom+1"],"picked":"SKIP","floor":37.0},{"not_picked":["Hologram+1","Steam+1"],"picked":"Ball Lightning+1","floor":39.0},{"not_picked":["Redo+1","Skim+1"],"picked":"Electrodynamics","floor":40},{"not_picked":["Stack+1","Skim+1","Steam+1"],"picked":"Steam Power+1","floor":44},{"not_picked":["Redo+1","Steam+1","Go for the Eyes+1"],"picked":"Ball Lightning+1","floor":46},{"not_picked":["Hello World+1","Redo+1","Gash+1"],"picked":"Echo Form","floor":48}],"player_experience":1020587,"relics_obtained":[{"floor":9.0,"key":"War Paint"},{"floor":23.0,"key":"Art of War"},{"floor":26.0,"key":"Centennial Puzzle"},{"floor":27.0,"key":"Matryoshka"},{"floor":28.0,"key":"Pen Nib"},{"floor":28.0,"key":"Toxic Egg 2"},{"floor":40,"key":"Omamori"},{"floor":40,"key":"Question Card"},{"floor":43,"key":"Juzu Bracelet"},{"floor":43,"key":"Blood Vial"},{"floor":48,"key":"DataDisk"},{"floor":48,"key":"Whetstone"}],"event_choices":[{"cards_removed":["Strike_B"],"damage_healed":0.0,"max_hp_gain":0.0,"max_hp_loss":0.0,"gold_gain":0.0,"event_name":"Golden Wing","player_choice":"Card Removal","floor":2.0,"gold_loss":0.0,"damage_taken":7.0},{"damage_healed":0.0,"max_hp_gain":0.0,"max_hp_loss":0.0,"gold_gain":0.0,"cards_transformed":["Defend_B"],"event_name":"Living Wall","player_choice":"Change","floor":3.0,"gold_loss":0.0,"damage_taken":0.0,"cards_obtained":["Turbo"]},{"damage_healed":0.0,"max_hp_gain":0.0,"max_hp_loss":6.0,"gold_gain":0.0,"event_name":"Golden Idol","player_choice":"Lose Max HP","floor":4.0,"gold_loss":0.0,"damage_taken":0.0,"relics_obtained":["Golden Idol"]},{"damage_healed":0.0,"max_hp_gain":0.0,"max_hp_loss":0.0,"gold_gain":0.0,"event_name":"Shining Light","player_choice":"Entered Light","floor":13.0,"gold_loss":0.0,"damage_taken":14.0,"cards_upgraded":["Strike_B","Coolheaded"]},{"damage_healed":23.0,"max_hp_gain":0.0,"max_hp_loss":0.0,"gold_gain":0.0,"event_name":"Big Fish","player_choice":"Banana","floor":14.0,"gold_loss":0.0,"damage_taken":0.0},{"damage_healed":0.0,"max_hp_gain":0.0,"max_hp_loss":0.0,"gold_gain":0.0,"event_name":"Forgotten Altar","player_choice":"Gave Idol","floor":19.0,"relics_lost":["Golden Idol"],"gold_loss":0.0,"damage_taken":0.0,"relics_obtained":["Bloody Idol"]},{"damage_healed":0.0,"max_hp_gain":0.0,"max_hp_loss":0.0,"gold_gain":0.0,"event_name":"Lab","player_choice":"Got Potions","floor":20.0,"gold_loss":0.0,"damage_taken":0.0},{"damage_healed":0.0,"max_hp_gain":0.0,"max_hp_loss":0.0,"gold_gain":0.0,"event_name":"The Mausoleum","player_choice":"Opened","floor":25.0,"gold_loss":0.0,"damage_taken":0.0,"relics_obtained":["Vajra"],"cards_obtained":["Writhe"]},{"damage_healed":0.0,"max_hp_gain":0.0,"max_hp_loss":0.0,"gold_gain":0.0,"event_name":"Designer","player_choice":"Upgrade","floor":36.0,"gold_loss":40.0,"damage_taken":0.0,"cards_upgraded":["Fission"]},{"damage_healed":0,"gold_gain":275,"player_choice":"Desecrate","damage_taken":0,"max_hp_gain":0,"max_hp_loss":0,"event_name":"Golden Shrine","floor":42,"gold_loss":0,"cards_obtained":["Regret"]},{"cards_removed":["Tempest"],"damage_healed":0,"gold_gain":0,"player_choice":"Took Card","damage_taken":0,"max_hp_gain":0,"max_hp_loss":0,"event_name":"NoteForYourself","floor":47,"gold_loss":0,"cards_obtained":["Normality"]}],"is_beta":false,"boss_relics":[{"not_picked":["FrozenCore","Lizard Tail"],"picked":"Fusion Hammer"},{"not_picked":["Coffee Dripper","Eternal Feather"],"picked":"Black Star"}],"items_purged_floors":[11,21,31],"is_endless":false,"potions_floor_spawned":[12,24,27,29,30,35,40,44],"ascension_level":0}