{"gold_per_floor":[118,118,172,74,86,111,111,122,176,191,191,211,16,41,41,164,164,184,208,83,99,113,212,243,257,305,319,350,350,255,295,295,295],"floor_reached":33,"playtime":2607,"items_purged":["Strike_B","Strike_B","Thunder Strike"],"score":334,"play_id":"0e69f73e-e370-40dc-9202-54d64bc13ac7","local_time":"20190306161026","is_ascension_mode":false,"campfire_choices":[{"data":"Machine Learning","floor":7.0,"key":"SMITH"},{"data":"Strike_B","floor":15.0,"key":"SMITH"},{"floor":32,"key":"REST"}],"neow_cost":"NONE","seed_source_timestamp":0,"circlet_count":0,"master_deck":["Defend_B","Defend_B","Defend_B","Zap","Dualcast","Glacier","Streamline+1","White Noise","Machine Learning+1","Conserve Battery","Coolheaded","Sweeping Beam","Ball Lightning+1","Self Repair","Coolheaded","Leap+1","Gash+1","Redo+1","Loop","Tempest","Self Repair+1","Gash+1","Conserve Battery+1","Cold Snap+1","Cold Snap","Static Discharge","Streamline","Defragment","Blizzard"],"special_seed":0,"relics":["Cracked Core","NeowsBlessing","Oddly Smooth Stone","Mummified Hand","Potion Belt","Golden Idol","Astrolabe","Ancient Tea Set","Whetstone","Bottled Tornado","Omamori"],"potions_floor_usage":[24,24,28,33],"damage_taken":[{"damage":0.0,"enemies":"Cultist","floor":1.0,"turns":1.0},{"damage":0.0,"enemies":"Jaw Worm","floor":5.0,"turns":1.0},{"damage":0.0,"enemies":"Lagavulin","floor":6.0,"turns":1.0},{"damage":0.0,"enemies":"Small Slimes","floor":8.0,"turns":2.0},{"damage":0.0,"enemies":"Looter","floor":10.0,"turns":3.0},{"damage":0.0,"enemies":"Blue Slaver","floor":12.0,"turns":4.0},{"damage":4.0,"enemies":"2 Fungi Beasts","floor":14.0,"turns":3.0},{"damage":42.0,"enemies":"Hexaghost","floor":16.0,"turns":17.0},{"damage":24.0,"enemies":"Shell Parasite","floor":18.0,"turns":6.0},{"damage":2,"enemies":"3 Byrds","floor":19,"turns":6},{"damage":7,"enemies":"Snake Plant","floor":21,"turns":8},{"damage":3,"enemies":"Shelled Parasite and Fungi","floor":22,"turns":9},{"damage":55,"enemies":"Slavers","floor":24,"turns":7},{"damage":0,"enemies":"Centurion and Healer","floor":25,"turns":8},{"damage":11,"enemies":"3 Cultists","floor":27,"turns":6},{"damage":21,"enemies":"Book of Stabbing","floor":28,"turns":8},{"damage":37,"enemies":"Slavers","floor":31,"turns":6},{"damage":53,"enemies":"Champ","floor":33,"turns":13}],"seed_played":"-6370347083692988531","potions_obtained":[{"floor":1.0,"key":"Ancient Potion"},{"floor":14.0,"key":"Ancient Potion"},{"floor":16.0,"key":"Explosive Potion"},{"floor":19,"key":"SkillPotion"},{"floor":24,"key":"Ancient Potion"},{"floor":27,"key":"Strength Potion"},{"floor":31,"key":"Fire Potion"}],"is_trial":false,"path_per_floor":["M","?","T","$","M","E","R","M","T","M","?","M","$","M","R","B",null,"M","M","$","M","M","?","E","M","T","M","E","?","$","E","R","B"],"character_chosen":"DEFECT","items_purchased":["Streamline","Ball Lightning","Self Repair","Streamline","Defragment"],"campfire_rested":1,"item_purchase_floors":[4,13,13,30,30],"current_hp_per_floor":[75,80,80,80,80,80,80,80,80,80,60,60,60,63,63,28,80,63,68,68,68,80,80,42,59,59,65,54,54,54,27,51,0],"gold":295,"neow_bonus":"THREE_ENEMY_KILL","is_prod":false,"is_daily":false,"chose_seed":false,"campfire_upgraded":2,"win_rate":0.0,"timestamp":1551885026,"path_taken":["M","?","?","$","?","E","R","M","T","M","?","M","$","M","R","BOSS","M","M","$","M","M","?","E","M","T","M","E","?","$","E","R","BOSS"],"build_version":"2019-01-23","purchased_purges":3,"victory":false,"max_hp_per_floor":[75,80,80,80,80,80,80,80,80,80,80,80,80,80,80,80,80,80,80,80,80,80,80,80,80,80,80,80,80,80,80,80,80],"card_choices":[{"not_picked":["Scrape","Streamline"],"picked":"Glacier","floor":1.0},{"not_picked":["Reinforced Body","Melter"],"picked":"White Noise","floor":5.0},{"not_picked":["Barrage","Aggregate"],"picked":"Machine Learning","floor":6.0},{"not_picked":["Gash","White Noise"],"picked":"Conserve Battery","floor":8.0},{"not_picked":["BootSequence","Gash"],"picked":"Coolheaded","floor":10.0},{"not_picked":["Reinforced Body","Coolheaded"],"picked":"Sweeping Beam","floor":12.0},{"not_picked":["Hologram","Compile Driver"],"picked":"Coolheaded","floor":14.0},{"not_picked":["Buffer","Seek"],"picked":"Thunder Strike","floor":16.0},{"not_picked":["Lockon","Barrage+1"],"picked":"Loop","floor":18},{"not_picked":["Go for the Eyes","Stack"],"picked":"Tempest","floor":19},{"not_picked":["Rip and Tear","Double Energy"],"picked":"Self Repair+1","floor":21},{"not_picked":["Storm","Redo"],"picked":"Gash+1","floor":22},{"not_picked":["Hologram","Stack"],"picked":"Conserve Battery+1","floor":24},{"not_picked":["Biased Cognition","Hologram+1"],"picked":"Cold Snap+1","floor":25},{"not_picked":["BootSequence+1","Scrape"],"picked":"Cold Snap","floor":27},{"not_picked":["Redo","Cold Snap+1"],"picked":"Static Discharge","floor":28},{"not_picked":["Double Energy","Ball Lightning"],"picked":"Blizzard","floor":31}],"player_experience":85663,"relics_obtained":[{"floor":3.0,"key":"Oddly Smooth Stone"},{"floor":6.0,"key":"Mummified Hand"},{"floor":9.0,"key":"Potion Belt"},{"floor":24,"key":"Ancient Tea Set"},{"floor":26,"key":"Whetstone"},{"floor":28,"key":"Bottled Tornado"},{"floor":31,"key":"Omamori"}],"event_choices":[{"damage_healed":0.0,"max_hp_gain":5.0,"max_hp_loss":0.0,"gold_gain":0.0,"event_name":"Big Fish","player_choice":"Donut","floor":2.0,"gold_loss":0.0,"damage_taken":0.0},{"damage_healed":0.0,"max_hp_gain":0.0,"max_hp_loss":0.0,"gold_gain":0.0,"event_name":"Golden Idol","player_choice":"Take Damage","floor":11.0,"gold_loss":0.0,"damage_taken":20.0,"relics_obtained":["Golden Idol"]},{"damage_healed":0,"gold_gain":99,"player_choice":"Stole From Cult","damage_taken":0,"max_hp_gain":0,"max_hp_loss":0,"event_name":"Nest","floor":23,"gold_loss":0},{"damage_healed":0,"gold_gain":0,"player_choice":"Ignored","damage_taken":0,"max_hp_gain":0,"max_hp_loss":0,"event_name":"Vampires","floor":29,"gold_loss":0}],"is_beta":false,"boss_relics":[{"not_picked":["Pandora\u0027s Box","Runic Dome"],"picked":"Astrolabe"}],"items_purged_floors":[4,13,20],"is_endless":false,"potions_floor_spawned":[1,14,16,19,24,27,31],"killed_by":"Champ","ascension_level":0}