{"gold_per_floor":[11,27,41,58,78,109,109,125,149,149,162,191,191,208,208,309,309,326,426,366],"floor_reached":20,"playtime":2579,"items_purged":[],"score":222,"play_id":"f1917acf-5c0a-444e-a7c1-93a981cdc95d","local_time":"20190131133503","is_ascension_mode":true,"campfire_choices":[{"floor":7.0,"key":"REST"},{"floor":15.0,"key":"REST"}],"neow_cost":"NO_GOLD","seed_source_timestamp":0,"circlet_count":0,"master_deck":["Defend_G","Defend_G","Defend_G","Defend_G","Defend_G","Strike_G","Strike_G","Strike_G","Strike_G","Strike_G","Survivor","Neutralize","Caltrops+1","Footwork","Backflip","Dodge and Roll","Dagger Throw","Caltrops","Caltrops","Poisoned Stab","Terror","Dash","Malaise","Caltrops","Cloak And Dagger"],"special_seed":0,"relics":["Ring of the Snake","Question Card","Vajra","Letter Opener","Sozu","Dead Branch","Pantograph"],"potions_floor_usage":[],"damage_taken":[{"damage":0.0,"enemies":"Cultist","floor":1.0,"turns":5.0},{"damage":0.0,"enemies":"Small Slimes","floor":2.0,"turns":4.0},{"damage":4.0,"enemies":"Jaw Worm","floor":3.0,"turns":5.0},{"damage":13.0,"enemies":"3 Louse","floor":4.0,"turns":4.0},{"damage":6.0,"enemies":"Large Slime","floor":5.0,"turns":8.0},{"damage":16.0,"enemies":"3 Sentries","floor":6.0,"turns":12.0},{"damage":3.0,"enemies":"2 Fungi Beasts","floor":8.0,"turns":5.0},{"damage":18.0,"enemies":"Exordium Thugs","floor":11.0,"turns":5.0},{"damage":22.0,"enemies":"Lagavulin","floor":12.0,"turns":9.0},{"damage":18.0,"enemies":"Exordium Wildlife","floor":14.0,"turns":5.0},{"damage":11.0,"enemies":"Hexaghost","floor":16.0,"turns":9.0},{"damage":5,"enemies":"Spheric Guardian","floor":18,"turns":5},{"damage":31,"enemies":"Colosseum Slavers","floor":19,"turns":5},{"damage":46,"enemies":"Colosseum Nobs","floor":19,"turns":6},{"damage":3,"enemies":"2 Thieves","floor":20,"turns":2}],"seed_played":"-1510874911297660470","potions_obtained":[{"floor":1.0,"key":"SkillPotion"},{"floor":2.0,"key":"Energy Potion"},{"floor":3.0,"key":"FearPotion"},{"floor":6.0,"key":"FearPotion"},{"floor":12.0,"key":"LiquidBronze"}],"is_trial":false,"path_per_floor":["M","M","M","M","M","E","R","M","T","?","M","E","?","M","R","B",null,"M","?","M"],"character_chosen":"THE_SILENT","items_purchased":[],"campfire_rested":2,"item_purchase_floors":[],"current_hp_per_floor":[84,84,80,67,61,45,70,67,67,67,49,27,27,9,34,23,84,79,2,0],"gold":366,"neow_bonus":"TWENTY_PERCENT_HP_BONUS","is_prod":false,"is_daily":false,"chose_seed":false,"campfire_upgraded":0,"win_rate":0,"timestamp":1548963303,"path_taken":["M","M","M","?","M","E","R","M","T","?","M","E","?","?","R","BOSS","M","?","M"],"build_version":"2019-01-23","purchased_purges":0,"victory":false,"max_hp_per_floor":[84,84,84,84,84,84,84,84,84,84,84,84,84,84,84,84,84,84,84,84],"card_choices":[{"not_picked":["Dodge and Roll","Deflect"],"picked":"Caltrops","floor":1.0},{"not_picked":["Finisher","All Out Attack"],"picked":"Footwork","floor":2.0},{"not_picked":["Outmaneuver","Deadly Poison"],"picked":"Backflip","floor":3.0},{"not_picked":["Flying Knee","Calculated Gamble"],"picked":"Dodge and Roll","floor":4.0},{"not_picked":["Prepared","Distraction"],"picked":"Dagger Throw","floor":5.0},{"not_picked":["Finisher","Quick Slash"],"picked":"Caltrops","floor":6.0},{"not_picked":["Predator","Acrobatics","Calculated Gamble"],"picked":"Caltrops","floor":8.0},{"not_picked":["Masterful Stab","Distraction","Eviscerate"],"picked":"Poisoned Stab","floor":11.0},{"not_picked":["Backstab","Endless Agony","Grand Finale"],"picked":"Terror","floor":12.0},{"not_picked":["Poisoned Stab","Well Laid Plans","Bane"],"picked":"Dash","floor":14.0},{"not_picked":["A Thousand Cuts","Corpse Explosion","Doppelganger"],"picked":"Malaise","floor":16.0},{"not_picked":["Reflex","Flechettes","Deadly Poison"],"picked":"Caltrops","floor":18},{"not_picked":["Poisoned Stab","Caltrops","Deflect"],"picked":"Cloak And Dagger","floor":19}],"player_experience":120055,"relics_obtained":[{"floor":6.0,"key":"Question Card"},{"floor":9.0,"key":"Vajra"},{"floor":12.0,"key":"Letter Opener"},{"floor":19,"key":"Dead Branch"},{"floor":19,"key":"Pantograph"}],"event_choices":[{"damage_healed":0.0,"max_hp_gain":0.0,"max_hp_loss":0.0,"gold_gain":0.0,"event_name":"Living Wall","player_choice":"Grow","floor":10.0,"gold_loss":0.0,"damage_taken":0.0,"cards_upgraded":["Caltrops"]},{"damage_healed":0.0,"max_hp_gain":0.0,"max_hp_loss":0.0,"gold_gain":0.0,"event_name":"Dead Adventurer","player_choice":"Searched \u00270\u0027 times","floor":13.0,"gold_loss":0.0,"damage_taken":0.0},{"damage_healed":0,"gold_gain":0,"player_choice":"Fight","damage_taken":0,"max_hp_gain":0,"max_hp_loss":0,"event_name":"Colosseum","floor":19,"gold_loss":0},{"damage_healed":0,"gold_gain":0,"player_choice":"Fought Nobs","damage_taken":0,"max_hp_gain":0,"max_hp_loss":0,"event_name":"Colosseum","floor":19,"gold_loss":0}],"is_beta":false,"boss_relics":[{"not_picked":["Black Star","HoveringKite"],"picked":"Sozu"}],"items_purged_floors":[],"is_endless":false,"potions_floor_spawned":[1,2,3,6,12,18],"killed_by":"2 Thieves","ascension_level":1}