{"gold_per_floor":[12,12,29,97,147,147,181,181,181,181,246,266,293,317,317,317],"floor_reached":16,"playtime":618,"items_purged":[],"score":165,"play_id":"076ee29a-a44f-427b-8735-7a57c62b758a","local_time":"20181112162213","is_ascension_mode":true,"campfire_choices":[{"data":"Footwork","floor":6,"key":"SMITH"},{"floor":8,"key":"REST"},{"data":"Neutralize","floor":10,"key":"SMITH"},{"floor":15,"key":"REST"}],"neow_cost":"NO_GOLD","seed_source_timestamp":11163677584588,"circlet_count":0,"master_deck":["AscendersBane","Defend_G","Defend_G","Defend_G","Defend_G","Defend_G","Strike_G","Strike_G","Strike_G","Strike_G","Strike_G","Survivor","Neutralize+1","Dagger Throw","Footwork+1","Flying Knee","Escape Plan","Adrenaline","Corpse Explosion"],"relics":["Ring of the Snake","Incense Burner","SsserpentHead","Snake Skull","Oddly Smooth Stone","Frozen Egg 2","Shovel"],"potions_floor_usage":[16,16],"damage_taken":[{"damage":0,"enemies":"Small Slimes","floor":1,"turns":4},{"damage":1,"enemies":"Cultist","floor":3,"turns":4},{"damage":0,"enemies":"2 Louse","floor":4,"turns":3},{"damage":39,"enemies":"Gremlin Nob","floor":7,"turns":6},{"damage":9,"enemies":"Red Slaver","floor":11,"turns":6},{"damage":1,"enemies":"Looter","floor":12,"turns":4},{"damage":4,"enemies":"3 Sentries","floor":13,"turns":12},{"damage":52,"enemies":"Slime Boss","floor":16,"turns":8}],"seed_played":"8509346890656863016","potions_obtained":[{"floor":11,"key":"FearPotion"},{"floor":13,"key":"LiquidBronze"}],"is_trial":false,"path_per_floor":["M","?","M","M","?","R","E","R","T","R","M","M","E","?","R","B"],"character_chosen":"THE_SILENT","items_purchased":[],"campfire_rested":2,"item_purchase_floors":[],"current_hp_per_floor":[63,63,62,62,62,62,23,44,44,44,35,34,30,30,51,0],"gold":317,"neow_bonus":"ONE_RARE_RELIC","is_prod":false,"is_daily":false,"chose_seed":false,"campfire_upgraded":2,"win_rate":0,"timestamp":1542046933,"path_taken":["M","?","M","?","?","R","E","R","T","R","?","M","E","?","R","BOSS"],"build_version":"2018-11-08","purchased_purges":0,"victory":false,"max_hp_per_floor":[70,70,70,70,70,70,70,70,70,70,70,70,70,70,70,70],"card_choices":[{"not_picked":["Prepared","Deflect"],"picked":"Bane","floor":1},{"not_picked":["Bane","Expertise"],"picked":"Dagger Throw","floor":3},{"not_picked":["Calculated Gamble","Underhanded Strike"],"picked":"Footwork","floor":4},{"not_picked":["Expertise","Deflect"],"picked":"Flying Knee","floor":7},{"not_picked":["Cloak And Dagger","Calculated Gamble"],"picked":"Escape Plan","floor":11},{"not_picked":["Dagger Spray","Quick Slash"],"picked":"Adrenaline","floor":12},{"not_picked":["Bouncing Flask","Masterful Stab"],"picked":"Corpse Explosion","floor":13}],"player_experience":599954,"relics_obtained":[{"floor":7,"key":"Oddly Smooth Stone"},{"floor":9,"key":"Frozen Egg 2"},{"floor":13,"key":"Shovel"}],"event_choices":[{"damage_healed":0,"gold_gain":0,"player_choice":"Trade","damage_taken":0,"relics_obtained":["SsserpentHead"],"max_hp_gain":0,"max_hp_loss":0,"event_name":"FaceTrader","floor":2,"gold_loss":0},{"cards_removed":["Bane"],"damage_healed":0,"gold_gain":0,"player_choice":"Gave Card","damage_taken":0,"relics_obtained":["Snake Skull"],"max_hp_gain":0,"max_hp_loss":0,"event_name":"WeMeetAgain","floor":5,"gold_loss":0},{"damage_healed":0,"gold_gain":0,"player_choice":"Left Gold","damage_taken":0,"max_hp_gain":0,"max_hp_loss":0,"event_name":"World of Goop","floor":14,"gold_loss":26}],"is_beta":false,"boss_relics":[],"items_purged_floors":[],"is_endless":false,"potions_floor_spawned":[11,13],"killed_by":"Slime Boss","ascension_level":10}