{"gold_per_floor":[369,369,213,226,240,269,269,444,444,13,32,32,32,47,47,142,142,153,173,14,24,42,71,71,83,83,83,83,83,100,112,112,211,211,222,222,322,322,322,322,339,36,36,47,60,75,85,85,85,85,85,85,48,82,82],"floor_reached":55,"playtime":2483,"items_purged":["Doubt"],"score":780,"play_id":"3f3bb1f9-b94f-4536-adad-74f0946d3f2b","local_time":"20181120130717","is_ascension_mode":true,"campfire_choices":[{"floor":13.0,"key":"REST"},{"data":"Armaments","floor":15.0,"key":"SMITH"},{"floor":29,"key":"REST"},{"floor":32,"key":"REST"},{"data":"Apotheosis","floor":40,"key":"SMITH"},{"floor":49,"key":"RECALL"},{"data":"Shockwave","floor":52,"key":"SMITH"}],"neow_cost":"PERCENT_DAMAGE","seed_source_timestamp":0,"circlet_count":0,"master_deck":["Strike_R+1","Strike_R+1","Strike_R+1","Defend_R+1","Defend_R+1","Defend_R+1","Defend_R+1","Bash","Cleave","Armaments+1","Shrug It Off","Twin Strike+1","Disarm","Inflame","Anger","Pommel Strike","Infernal Blade","Pummel","Exhume","Shrug It Off+1","Shockwave+1","Reaper","Pummel+1","True Grit+1","Metallicize+1","Iron Wave","Exhume","Havoc+1","Infernal Blade+1","Apotheosis+1","Shrug It Off","True Grit+1","Entrench","Anger+1"],"special_seed":0,"relics":["Burning Blood","Shuriken","Nunchaku","Lizard Tail","Whetstone","CultistMask","Vajra","Mark of Pain","Mango","Orichalcum","Happy Flower","Oddly Smooth Stone","Bottled Lightning"],"potions_floor_usage":[31,45,47,50],"damage_taken":[{"damage":1.0,"enemies":"2 Louse","floor":1.0,"turns":2.0},{"damage":6.0,"enemies":"Cultist","floor":4.0,"turns":3.0},{"damage":0.0,"enemies":"Small Slimes","floor":5.0,"turns":3.0},{"damage":46.0,"enemies":"Lagavulin","floor":6.0,"turns":8.0},{"damage":1.0,"enemies":"2 Fungi Beasts","floor":11.0,"turns":2.0},{"damage":0.0,"enemies":"Gremlin Gang","floor":14.0,"turns":3.0},{"damage":18.0,"enemies":"Slime Boss","floor":16.0,"turns":6.0},{"damage":37.0,"enemies":"2 Thieves","floor":18.0,"turns":5.0},{"damage":18.0,"enemies":"Spheric Guardian","floor":19.0,"turns":5.0},{"damage":11.0,"enemies":"Chosen and Byrds","floor":21.0,"turns":8.0},{"damage":36.0,"enemies":"Centurion and Healer","floor":22.0,"turns":7.0},{"damage":65.0,"enemies":"Gremlin Leader","floor":23.0,"turns":11.0},{"damage":41.0,"enemies":"3 Cultists","floor":25.0,"turns":6.0},{"damage":12,"enemies":"Snecko","floor":30,"turns":7},{"damage":10,"enemies":"Shelled Parasite and Fungi","floor":31,"turns":5},{"damage":127,"enemies":"Collector","floor":33,"turns":15},{"damage":30,"enemies":"3 Darklings","floor":35,"turns":8},{"damage":0,"enemies":"Mind Bloom Boss Battle","floor":37,"turns":6},{"damage":7,"enemies":"3 Shapes","floor":41,"turns":3},{"damage":6,"enemies":"Spire Growth","floor":44,"turns":4},{"damage":2,"enemies":"3 Darklings","floor":45,"turns":6},{"damage":0,"enemies":"4 Shapes","floor":46,"turns":5},{"damage":11,"enemies":"Jaw Worm Horde","floor":47,"turns":3},{"damage":52,"enemies":"Awakened One","floor":50,"turns":12},{"damage":36,"enemies":"Shield and Spear","floor":54,"turns":9},{"damage":105,"enemies":"The Heart","floor":55,"turns":6}],"seed_played":"3752051446508592643","potions_obtained":[{"floor":5.0,"key":"SteroidPotion"},{"floor":6.0,"key":"AttackPotion"},{"floor":14.0,"key":"AttackPotion"},{"floor":16.0,"key":"GamblersBrew"},{"floor":21.0,"key":"Dexterity Potion"},{"floor":23.0,"key":"FairyPotion"},{"floor":25.0,"key":"FairyPotion"},{"floor":30,"key":"Dexterity Potion"},{"floor":31,"key":"Fruit Juice"},{"floor":33,"key":"Fire Potion"},{"floor":35,"key":"Regen Potion"},{"floor":46,"key":"SteroidPotion"}],"is_trial":false,"path_per_floor":["M","?","$","M","M","E","?","?","T","$","M","?","R","M","R","B",null,"M","M","$","M","M","E","?","M","T","$","?","R","M","M","R","B",null,"M","?","?","?","?","R","M","$","T","M","M","M","M","?","R","B",null,"R","$","E","B"],"character_chosen":"IRONCLAD","items_purchased":["Armaments","Shrug It Off","Twin Strike","Nunchaku","Anger","Reaper","Orichalcum","Happy Flower","Entrench"],"campfire_rested":3,"item_purchase_floors":[3,3,3,10,10,20,42,42,53],"current_hp_per_floor":[61,61,61,61,67,27,27,27,27,27,32,32,56,62,62,50,80,49,37,37,33,27,33,33,12,12,12,12,36,30,31,56,13,85,78,78,98,98,98,98,98,98,98,99,99,99,94,94,94,82,99,99,99,93,0],"gold":82,"neow_bonus":"TWO_FIFTY_GOLD","is_prod":false,"is_daily":false,"chose_seed":false,"campfire_upgraded":3,"win_rate":0,"timestamp":1542740837,"path_taken":["M","?","$","M","?","E","?","?","T","$","M","?","R","M","R","BOSS","M","?","$","M","?","E","?","?","T","?","?","R","M","M","R","BOSS","M","?","?","?","?","R","M","$","T","M","M","?","M","?","R","BOSS","R","$","E","BOSS"],"build_version":"2018-11-15","purchased_purges":1,"victory":false,"max_hp_per_floor":[80,80,80,80,80,80,80,80,80,80,80,80,80,80,80,80,80,80,80,80,80,80,80,80,80,80,80,80,80,80,85,85,85,85,85,85,99,99,99,99,99,99,99,99,99,99,99,99,99,99,99,99,99,99,99],"card_choices":[{"not_picked":["Warcry","Headbutt"],"picked":"Cleave","floor":1.0},{"not_picked":["Corruption","Wild Strike","Cleave"],"picked":"SKIP","floor":4.0},{"not_picked":["Heavy Blade","Hemokinesis"],"picked":"Disarm","floor":5.0},{"not_picked":["Twin Strike","Fire Breathing"],"picked":"Inflame","floor":6.0},{"not_picked":["Seeing Red","Clash"],"picked":"Pommel Strike","floor":11.0},{"not_picked":["Thunderclap","Dark Embrace"],"picked":"Pummel","floor":14.0},{"not_picked":["Dark Embrace","Reaper"],"picked":"Exhume","floor":16.0},{"not_picked":["Heavy Blade","Headbutt"],"picked":"Shrug It Off+1","floor":18.0},{"not_picked":["Shrug It Off","Inflame"],"picked":"Shockwave","floor":19.0},{"not_picked":["Anger","Disarm"],"picked":"Pummel+1","floor":21.0},{"not_picked":["Blood for Blood","Warcry"],"picked":"True Grit+1","floor":22.0},{"not_picked":["Demon Form","Double Tap"],"picked":"Metallicize+1","floor":23.0},{"not_picked":["Dropkick","Wild Strike","Perfected Strike"],"picked":"SKIP","floor":25.0},{"not_picked":["Thunderclap","Warcry+1","Clash"],"picked":"SKIP","floor":30},{"not_picked":["True Grit","Wild Strike"],"picked":"Iron Wave","floor":31},{"not_picked":["Juggernaut","Double Tap"],"picked":"Exhume","floor":33},{"not_picked":["Entrench","Corruption"],"picked":"Havoc+1","floor":35},{"not_picked":["Clothesline","True Grit"],"picked":"Infernal Blade+1","floor":37},{"not_picked":["Blind","Swift Strike"],"picked":"Apotheosis","floor":38},{"not_picked":["Warcry","Body Slam"],"picked":"Shrug It Off","floor":41},{"not_picked":["Feel No Pain","Warcry+1","Sword Boomerang"],"picked":"SKIP","floor":44},{"not_picked":["Twin Strike+1","Infernal Blade","Warcry+1"],"picked":"SKIP","floor":45},{"not_picked":["Second Wind+1","Iron Wave","Heavy Blade"],"picked":"SKIP","floor":46},{"not_picked":["Burning Pact","Warcry+1"],"picked":"True Grit+1","floor":47},{"not_picked":["Reaper","Body Slam"],"picked":"Anger+1","floor":54}],"player_experience":109355,"relics_obtained":[{"floor":6.0,"key":"Shuriken"},{"floor":23.0,"key":"Whetstone"},{"floor":26.0,"key":"Vajra"},{"floor":37,"key":"Mango"},{"floor":43,"key":"Oddly Smooth Stone"},{"floor":54,"key":"Bottled Lightning"}],"event_choices":[{"damage_healed":0.0,"max_hp_gain":0.0,"max_hp_loss":0.0,"gold_gain":0.0,"event_name":"Purifier","player_choice":"Ignored","floor":2.0,"gold_loss":0.0,"damage_taken":0.0},{"damage_healed":0.0,"max_hp_gain":0.0,"max_hp_loss":0.0,"gold_gain":0.0,"event_name":"Dead Adventurer","player_choice":"Searched \u00270\u0027 times","floor":7.0,"gold_loss":0.0,"damage_taken":0.0},{"damage_healed":0.0,"max_hp_gain":0.0,"max_hp_loss":0.0,"gold_gain":175.0,"event_name":"Liars Game","player_choice":"AGREE","floor":8.0,"gold_loss":0.0,"damage_taken":0.0,"cards_obtained":["Doubt"]},{"damage_healed":0.0,"max_hp_gain":0.0,"max_hp_loss":0.0,"gold_gain":0.0,"cards_transformed":["Strike_R"],"event_name":"Transmorgrifier","player_choice":"Transformed","floor":12.0,"gold_loss":0.0,"damage_taken":0.0,"cards_obtained":["Infernal Blade"]},{"damage_healed":0.0,"max_hp_gain":0.0,"max_hp_loss":0.0,"gold_gain":0.0,"event_name":"FaceTrader","player_choice":"Trade","floor":24.0,"gold_loss":0.0,"damage_taken":0.0,"relics_obtained":["CultistMask"]},{"damage_healed":0,"gold_gain":0,"player_choice":"Simplicity","damage_taken":0,"max_hp_gain":0,"max_hp_loss":0,"event_name":"Back to Basics","floor":28,"gold_loss":0,"cards_upgraded":["Strike_R","Strike_R","Strike_R","Defend_R","Defend_R","Defend_R","Defend_R"]},{"damage_healed":0,"gold_gain":0,"player_choice":"Ignored","damage_taken":0,"max_hp_gain":0,"max_hp_loss":0,"event_name":"Tomb of Lord Red Mask","floor":36,"gold_loss":0},{"damage_healed":0,"gold_gain":0,"player_choice":"Fight","damage_taken":0,"max_hp_gain":0,"max_hp_loss":0,"event_name":"MindBloom","floor":37,"gold_loss":0},{"damage_healed":0,"gold_gain":0,"player_choice":"Memory 1","damage_taken":0,"max_hp_gain":0,"max_hp_loss":0,"event_name":"SensoryStone","floor":38,"gold_loss":0},{"cards_removed":["Strike_R"],"damage_healed":0,"gold_gain":0,"player_choice":"Removed Attack","damage_taken":0,"max_hp_gain":0,"max_hp_loss":0,"event_name":"Falling","floor":39,"gold_loss":0},{"damage_healed":0,"gold_gain":0,"player_choice":"Ignored","damage_taken":0,"max_hp_gain":0,"max_hp_loss":0,"event_name":"Mysterious Sphere","floor":48,"gold_loss":0}],"is_beta":false,"boss_relics":[{"not_picked":["Runic Dome","White Beast Statue"],"picked":"Lizard Tail"},{"not_picked":["Orrery","Fusion Hammer"],"picked":"Mark of Pain"}],"items_purged_floors":[10],"is_endless":false,"potions_floor_spawned":[5,6,14,16,21,23,25,30,31,33,35,37,41,46],"killed_by":"The Heart","ascension_level":1}