{"gold_per_floor":[116,133,133,233,244,244,263,295,295,327,70,70,88,112,112,215,215,229,229,129,129,129,129,154,171,171,171,198,73,85,95,95,192,192,203,203,53,64,84,84,111,125,125,125,125,144,161,161,161,161,161,161,34,61,61],"floor_reached":55,"playtime":6172,"items_purged":["Strike_G","Defend_G","Strike_G","Defend_G"],"score":834,"play_id":"8161d792-6c07-44a0-b303-37d50e3281b5","local_time":"20190307200314","is_ascension_mode":true,"campfire_choices":[{"data":"Adrenaline","floor":6,"key":"SMITH"},{"floor":15,"key":"REST"},{"floor":23,"key":"REST"},{"data":"Noxious Fumes","floor":27,"key":"SMITH"},{"floor":32,"key":"REST"},{"floor":40,"key":"RECALL"},{"floor":44,"key":"REST"},{"floor":49,"key":"REST"},{"floor":52,"key":"REST"}],"neow_cost":"NONE","seed_source_timestamp":272063293235933,"circlet_count":0,"master_deck":["Defend_G","Defend_G","Defend_G","Survivor","Neutralize","Adrenaline+1","Deadly Poison","Riddle With Holes","Noxious Fumes+1","Choke","Apotheosis","Footwork","Crippling Poison","Envenom","Dash","Choke+1","Outmaneuver","Outmaneuver","Expertise+1","Eviscerate","After Image","Predator+1","Parasite","Bouncing Flask"],"relics":["Snecko Eye","Meat on the Bone","Ornamental Fan","Bottled Tornado","Bag of Marbles","Strawberry","WristBlade","Enchiridion","Mercury Hourglass","Du-Vu Doll","Bottled Lightning","Fusion Hammer","Juzu Bracelet","Pen Nib"],"potions_floor_usage":[8,24,24,24,28,33,48,48,50,55,55],"damage_taken":[{"damage":1,"enemies":"Cultist","floor":1,"turns":3},{"damage":10,"enemies":"Small Slimes","floor":2,"turns":5},{"damage":3,"enemies":"Jaw Worm","floor":5,"turns":4},{"damage":5,"enemies":"Blue Slaver","floor":7,"turns":3},{"damage":31,"enemies":"3 Sentries","floor":8,"turns":11},{"damage":26,"enemies":"Gremlin Nob","floor":10,"turns":4},{"damage":1,"enemies":"Looter","floor":13,"turns":2},{"damage":8,"enemies":"Slime Boss","floor":16,"turns":8},{"damage":32,"enemies":"2 Thieves","floor":18,"turns":5},{"damage":20,"enemies":"Slavers","floor":24,"turns":4},{"damage":8,"enemies":"Chosen","floor":25,"turns":2},{"damage":43,"enemies":"Gremlin Leader","floor":28,"turns":4},{"damage":0,"enemies":"3 Cultists","floor":30,"turns":3},{"damage":0,"enemies":"Snecko","floor":31,"turns":3},{"damage":7,"enemies":"Collector","floor":33,"turns":7},{"damage":4,"enemies":"3 Shapes","floor":35,"turns":3},{"damage":0,"enemies":"Orb Walker","floor":38,"turns":3},{"damage":26,"enemies":"4 Shapes","floor":39,"turns":3},{"damage":14,"enemies":"Giant Head","floor":41,"turns":6},{"damage":14,"enemies":"Sphere and 2 Shapes","floor":42,"turns":4},{"damage":30,"enemies":"3 Darklings","floor":46,"turns":3},{"damage":8,"enemies":"Writhing Mass","floor":47,"turns":3},{"damage":22,"enemies":"Nemesis","floor":48,"turns":5},{"damage":17,"enemies":"Time Eater","floor":50,"turns":9},{"damage":32,"enemies":"Shield and Spear","floor":54,"turns":4},{"damage":74,"enemies":"The Heart","floor":55,"turns":3}],"seed_played":"-4652030318266848105","potions_obtained":[{"floor":7,"key":"Block Potion"},{"floor":10,"key":"GamblersBrew"},{"floor":13,"key":"GhostInAJar"},{"floor":18,"key":"Energy Potion"},{"floor":24,"key":"Energy Potion"},{"floor":25,"key":"SkillPotion"},{"floor":35,"key":"SteroidPotion"},{"floor":39,"key":"GhostInAJar"},{"floor":42,"key":"SmokeBomb"},{"floor":54,"key":"FearPotion"}],"is_trial":false,"path_per_floor":["M","M","T","?","M","R","M","E","T","E","$","?","M","T","R","B",null,"M","?","$","?","?","R","E","M","T","R","E","$","M","M","R","B",null,"M","?","$","M","M","R","E","M","T","R","?","M","M","E","R","B",null,"R","$","E","B"],"character_chosen":"THE_SILENT","items_purchased":["Apotheosis","Bouncing Flask","SteroidPotion"],"campfire_rested":6,"item_purchase_floors":[11,53,53],"current_hp_per_floor":[69,59,59,59,56,56,51,32,32,18,18,18,29,36,59,51,77,45,45,45,29,29,52,44,48,48,48,17,17,29,41,64,57,77,73,73,73,73,47,47,45,43,43,66,66,48,40,30,53,48,77,77,77,45,0],"gold":61,"neow_bonus":"BOSS_RELIC","is_prod":false,"is_daily":false,"chose_seed":false,"campfire_upgraded":2,"win_rate":0,"timestamp":1552010594,"path_taken":["M","?","?","?","M","R","?","E","T","E","$","?","M","?","R","BOSS","M","?","$","?","?","R","E","M","T","R","E","$","M","M","R","BOSS","M","?","$","?","M","R","E","M","T","R","?","M","M","E","R","BOSS","R","$","E","BOSS"],"build_version":"2019-01-23","purchased_purges":4,"victory":false,"max_hp_per_floor":[70,70,70,70,70,70,70,70,70,70,70,70,70,77,77,77,77,77,77,77,77,77,77,77,77,77,77,77,77,77,77,77,77,77,77,77,77,77,77,77,77,77,77,77,77,77,77,77,77,77,77,77,77,77,77],"card_choices":[{"not_picked":["Dagger Spray","Acrobatics","Underhanded Strike"],"picked":"SKIP","floor":1},{"not_picked":["Noxious Fumes","Flechettes"],"picked":"Adrenaline","floor":2},{"not_picked":["Bane","Outmaneuver"],"picked":"Deadly Poison","floor":5},{"not_picked":["Acrobatics","Infinite Blades"],"picked":"Riddle With Holes","floor":7},{"not_picked":["Blade Dance","Blur"],"picked":"Noxious Fumes","floor":8},{"not_picked":["Setup","Sucker Punch"],"picked":"Choke","floor":10},{"not_picked":["PiercingWail","Dagger Throw"],"picked":"Crippling Poison","floor":13},{"not_picked":["Unload","Adrenaline"],"picked":"Envenom","floor":16},{"not_picked":["Dagger Throw+1","PiercingWail"],"picked":"Dash","floor":18},{"not_picked":["Backstab","Distraction"],"picked":"Choke+1","floor":24},{"not_picked":["Underhanded Strike+1","Expertise+1"],"picked":"Outmaneuver","floor":25},{"not_picked":["Deflect+1","Escape Plan"],"picked":"Outmaneuver","floor":28},{"not_picked":["Outmaneuver","Dodge and Roll"],"picked":"Expertise+1","floor":30},{"not_picked":["Poisoned Stab","Tactician"],"picked":"Eviscerate","floor":31},{"not_picked":["Phantasmal Killer","A Thousand Cuts"],"picked":"After Image","floor":33},{"not_picked":["Dagger Throw","Setup+1"],"picked":"Predator+1","floor":35},{"not_picked":["Prepared+1","Cloak And Dagger","Blade Dance"],"picked":"SKIP","floor":38},{"not_picked":["Outmaneuver","Cloak And Dagger+1","Dodge and Roll"],"picked":"SKIP","floor":39},{"not_picked":["Bane+1","Slice+1","All Out Attack"],"picked":"SKIP","floor":41},{"not_picked":["Quick Slash+1","Riddle With Holes+1","Endless Agony+1"],"picked":"SKIP","floor":42},{"not_picked":["Caltrops","Sucker Punch","Well Laid Plans+1"],"picked":"SKIP","floor":46},{"not_picked":["Cloak And Dagger","Outmaneuver","Blade Dance+1"],"picked":"SKIP","floor":47},{"not_picked":["Endless Agony","Quick Slash","Bane+1"],"picked":"SKIP","floor":54}],"player_experience":209859,"relics_obtained":[{"floor":3,"key":"Meat on the Bone"},{"floor":8,"key":"Ornamental Fan"},{"floor":9,"key":"Bottled Tornado"},{"floor":10,"key":"Bag of Marbles"},{"floor":14,"key":"Strawberry"},{"floor":21,"key":"Enchiridion"},{"floor":24,"key":"Mercury Hourglass"},{"floor":26,"key":"Du-Vu Doll"},{"floor":28,"key":"Bottled Lightning"},{"floor":41,"key":"Juzu Bracelet"},{"floor":54,"key":"Pen Nib"}],"event_choices":[{"damage_healed":0,"gold_gain":100,"player_choice":"Pray","damage_taken":0,"max_hp_gain":0,"max_hp_loss":0,"event_name":"Golden Shrine","floor":4,"gold_loss":0},{"damage_healed":0,"gold_gain":0,"cards_transformed":["Strike_G"],"player_choice":"Change","damage_taken":0,"max_hp_gain":0,"max_hp_loss":0,"event_name":"Living Wall","floor":12,"gold_loss":0,"cards_obtained":["Footwork"]},{"damage_healed":0,"gold_gain":0,"player_choice":"Ignored","damage_taken":0,"max_hp_gain":0,"max_hp_loss":0,"event_name":"Vampires","floor":19,"gold_loss":0},{"damage_healed":0,"gold_gain":0,"player_choice":"Obtained Book","damage_taken":16,"max_hp_gain":0,"max_hp_loss":0,"event_name":"Cursed Tome","floor":21,"gold_loss":0},{"cards_removed":["Strike_G"],"damage_healed":0,"gold_gain":0,"player_choice":"Offered Basic","damage_taken":0,"max_hp_gain":0,"max_hp_loss":0,"event_name":"Bonfire Elementals","floor":22,"gold_loss":0},{"cards_removed":["Strike_G"],"damage_healed":0,"gold_gain":0,"player_choice":"Purged","damage_taken":0,"max_hp_gain":0,"max_hp_loss":0,"event_name":"Purifier","floor":36,"gold_loss":0},{"damage_healed":0,"gold_gain":0,"player_choice":"Memory 1","damage_taken":0,"max_hp_gain":0,"max_hp_loss":0,"event_name":"SensoryStone","floor":45,"gold_loss":0}],"is_beta":false,"boss_relics":[{"not_picked":["Velvet Choker","HoveringKite"],"picked":"WristBlade"},{"not_picked":["Orrery","Coffee Dripper"],"picked":"Fusion Hammer"}],"items_purged_floors":[11,20,29,37],"is_endless":false,"potions_floor_spawned":[7,10,13,18,24,25,35,39,42,54],"killed_by":"The Heart","ascension_level":3}