{"gold_per_floor":[113,63,63,74,91,119,119,119,119,147,159,171,200,175,175,271,271,289,289,304,67,87,87,121,132,132,132,150,150,150,75,75,75],"floor_reached":33,"playtime":2198,"items_purged":[],"score":300,"play_id":"35c7e676-cdd2-4476-8b86-405adf46e884","local_time":"20190308223204","is_ascension_mode":true,"campfire_choices":[{"floor":8,"key":"REST"},{"floor":11,"key":"REST"},{"floor":15,"key":"REST"},{"floor":23,"key":"REST"},{"floor":27,"key":"REST"},{"data":"Hyperbeam","floor":30,"key":"SMITH"},{"data":"Turbo","floor":32,"key":"SMITH"}],"neow_cost":"NONE","seed_source_timestamp":1022668932411338,"circlet_count":0,"master_deck":["Strike_B","Strike_B","Defend_B","Defend_B","Defend_B","Defend_B","Zap","Chaos","Blizzard","Turbo+1","Redo","Self Repair","Barrage","Reprogram","Rainbow+1","Coolheaded","Static Discharge","Ball Lightning","Electrodynamics","Turbo","Cold Snap+1","Hyperbeam+1","Meteor Strike","Conserve Battery","Blizzard","Cold Snap","BootSequence","Steam Power+1"],"relics":["Cracked Core","Mummified Hand","Dream Catcher","MawBank","Eternal Feather","Ancient Tea Set","Happy Flower","Matryoshka"],"potions_floor_usage":[6,24,24,25,33],"damage_taken":[{"damage":7,"enemies":"Jaw Worm","floor":1,"turns":4},{"damage":1,"enemies":"2 Louse","floor":4,"turns":3},{"damage":3,"enemies":"Cultist","floor":5,"turns":4},{"damage":13,"enemies":"3 Sentries","floor":6,"turns":7},{"damage":45,"enemies":"Gremlin Nob","floor":10,"turns":5},{"damage":19,"enemies":"Blue Slaver","floor":13,"turns":3},{"damage":42,"enemies":"The Guardian","floor":16,"turns":9},{"damage":30,"enemies":"Shell Parasite","floor":18,"turns":5},{"damage":20,"enemies":"Spheric Guardian","floor":20,"turns":4},{"damage":9,"enemies":"Cultist and Chosen","floor":22,"turns":4},{"damage":34,"enemies":"Slavers","floor":24,"turns":3},{"damage":18,"enemies":"Centurion and Healer","floor":25,"turns":7},{"damage":33,"enemies":"Chosen and Byrds","floor":28,"turns":6},{"damage":103,"enemies":"Champ","floor":33,"turns":11}],"seed_played":"-8959287287887021472","potions_obtained":[{"floor":4,"key":"FocusPotion"},{"floor":6,"key":"Swift Potion"},{"floor":13,"key":"SkillPotion"},{"floor":18,"key":"Explosive Potion"},{"floor":25,"key":"Explosive Potion"}],"is_trial":false,"path_per_floor":["M","?","?","M","M","E","?","R","T","E","R","?","M","$","R","B",null,"M","T","M","$","M","R","E","M","T","R","M","?","R","?","R","B"],"character_chosen":"DEFECT","items_purchased":["Static Discharge","Hyperbeam","Meteor Strike"],"campfire_rested":5,"item_purchase_floors":[14,21,21],"current_hp_per_floor":[75,75,75,74,71,58,58,82,82,44,68,68,56,56,80,38,82,59,59,46,46,44,80,53,42,42,81,55,55,70,70,82,0],"gold":75,"neow_bonus":"TEN_PERCENT_HP_BONUS","is_prod":false,"is_daily":false,"chose_seed":false,"campfire_upgraded":2,"win_rate":0,"timestamp":1552095124,"path_taken":["M","?","?","?","M","E","?","R","T","E","R","?","?","?","R","BOSS","M","?","M","$","M","R","E","M","T","R","M","?","R","?","R","BOSS"],"build_version":"2019-01-23","purchased_purges":0,"victory":false,"max_hp_per_floor":[82,82,82,82,82,82,82,82,82,82,82,82,82,82,82,82,82,82,82,82,82,82,82,82,82,82,82,82,82,82,82,82,82],"card_choices":[{"not_picked":["Barrage","Gash"],"picked":"Chaos","floor":1},{"not_picked":["Steam","Coolheaded"],"picked":"Turbo","floor":4},{"not_picked":["Loop","Stack"],"picked":"Redo","floor":5},{"not_picked":["FTL","Go for the Eyes"],"picked":"Self Repair","floor":6},{"not_picked":["Go for the Eyes","Beam Cell"],"picked":"Reprogram","floor":10},{"not_picked":["Ball Lightning","Doom and Gloom"],"picked":"Rainbow","floor":11},{"not_picked":["Beam Cell","Barrage"],"picked":"Coolheaded","floor":13},{"not_picked":["Rebound","Blizzard"],"picked":"Ball Lightning","floor":15},{"not_picked":["Amplify","Buffer"],"picked":"Electrodynamics","floor":16},{"not_picked":["Coolheaded+1","Rebound"],"picked":"Turbo","floor":18},{"not_picked":["Ball Lightning","Tempest+1"],"picked":"Cold Snap+1","floor":20},{"not_picked":["Coolheaded","Steam Power"],"picked":"Conserve Battery","floor":22},{"not_picked":["FTL","Stack"],"picked":"Blizzard","floor":23},{"not_picked":["Rip and Tear","Fusion"],"picked":"Streamline","floor":24},{"not_picked":["Conserve Battery","Barrage"],"picked":"Cold Snap","floor":25},{"not_picked":["Redo+1","Chill+1"],"picked":"BootSequence","floor":27},{"not_picked":["Compile Driver","Electrodynamics"],"picked":"Steam Power+1","floor":28}],"player_experience":65615,"relics_obtained":[{"floor":6,"key":"Mummified Hand"},{"floor":9,"key":"Dream Catcher"},{"floor":10,"key":"MawBank"},{"floor":19,"key":"Ancient Tea Set"},{"floor":24,"key":"Happy Flower"},{"floor":26,"key":"Matryoshka"}],"event_choices":[{"cards_removed":["Strike_B"],"damage_healed":0,"gold_gain":0,"player_choice":"Card Removal","damage_taken":0,"max_hp_gain":0,"max_hp_loss":0,"event_name":"The Cleric","floor":2,"gold_loss":50},{"damage_healed":0,"gold_gain":0,"cards_transformed":["Strike_B"],"player_choice":"Transformed","damage_taken":0,"max_hp_gain":0,"max_hp_loss":0,"event_name":"Transmorgrifier","floor":3,"gold_loss":0,"cards_obtained":["Blizzard"]},{"damage_healed":0,"gold_gain":0,"cards_transformed":["Dualcast"],"player_choice":"Change","damage_taken":0,"max_hp_gain":0,"max_hp_loss":0,"event_name":"Living Wall","floor":7,"gold_loss":0,"cards_obtained":["Barrage"]},{"damage_healed":0,"gold_gain":0,"player_choice":"Upgraded","damage_taken":0,"max_hp_gain":0,"max_hp_loss":0,"event_name":"Upgrade Shrine","floor":12,"gold_loss":0,"cards_upgraded":["Rainbow"]},{"damage_healed":0,"gold_gain":0,"player_choice":"Ignored","damage_taken":0,"max_hp_gain":0,"max_hp_loss":0,"event_name":"Ghosts","floor":29,"gold_loss":0},{"cards_removed":["Streamline"],"damage_healed":0,"gold_gain":0,"player_choice":"Gave Gold","damage_taken":0,"max_hp_gain":0,"max_hp_loss":0,"event_name":"Beggar","floor":31,"gold_loss":75}],"is_beta":false,"boss_relics":[{"not_picked":["Snecko Eye","Empty Cage"],"picked":"Eternal Feather"}],"items_purged_floors":[],"is_endless":false,"potions_floor_spawned":[4,6,13,18,25],"killed_by":"Champ","ascension_level":2}