{"gold_per_floor":[110,75,90,48,68,68,98,98,125,125,125,21,48,67,67,145,145,163,176,39,39,39,39,39,55,79,95,120,120],"floor_reached":29,"playtime":1031,"items_purged":["Defend_G","Strike_G"],"score":458,"play_id":"3b3a9f1d-8fc1-4546-b1b2-7ad8a88f7e85","local_time":"20190307114204","is_ascension_mode":true,"campfire_choices":[{"data":"Accuracy","floor":6,"key":"SMITH"},{"data":"Infinite Blades","floor":8,"key":"SMITH"},{"data":"Cloak And Dagger","floor":10,"key":"SMITH"},{"floor":15,"key":"REST"},{"floor":23,"key":"REST"}],"neow_cost":"NONE","seed_source_timestamp":64927387930973,"circlet_count":0,"master_deck":["AscendersBane","Defend_G","Defend_G","Defend_G","Defend_G","Strike_G","Strike_G","Strike_G","Strike_G","Survivor","Neutralize+1","Cloak And Dagger+1","Accuracy+1","Infinite Blades+1","Dagger Spray","Backflip","Terror+1","Dodge and Roll+1","Tools of the Trade","PiercingWail+1","Escape Plan+1","Endless Agony+1","Footwork"],"relics":["Ring of the Snake","Tiny Chest","Vajra","Toxic Egg 2","WristBlade","MutagenicStrength","Smiling Mask","Dodecahedron"],"potions_floor_usage":[18,28],"damage_taken":[{"damage":5,"enemies":"2 Louse","floor":1,"turns":4},{"damage":5,"enemies":"Jaw Worm","floor":3,"turns":8},{"damage":2,"enemies":"Small Slimes","floor":5,"turns":4},{"damage":10,"enemies":"3 Sentries","floor":13,"turns":5},{"damage":6,"enemies":"Looter","floor":14,"turns":3},{"damage":28,"enemies":"Slime Boss","floor":16,"turns":7},{"damage":16,"enemies":"Shell Parasite","floor":18,"turns":4},{"damage":24,"enemies":"3 Byrds","floor":19,"turns":5},{"damage":16,"enemies":"Snake Plant","floor":25,"turns":4},{"damage":4,"enemies":"Cultist and Chosen","floor":27,"turns":6},{"damage":9,"enemies":"Book of Stabbing","floor":28,"turns":5},{"damage":6,"enemies":"Sentry and Sphere","floor":29,"turns":2}],"seed_played":"6024856980789853090","potions_obtained":[{"floor":13,"key":"Energy Potion"},{"floor":14,"key":"Ancient Potion"},{"floor":19,"key":"Ancient Potion"},{"floor":25,"key":"Weak Potion"}],"is_trial":false,"path_per_floor":["M","?","M","$","M","R","?","R","T","R","$","$","E","M","R","B",null,"M","M","$","?","?","R","$","M","T","M","E","M"],"character_chosen":"THE_SILENT","items_purchased":["Infinite Blades","Backflip","Escape Plan+1"],"campfire_rested":2,"item_purchase_floors":[4,12,20],"current_hp_per_floor":[54,66,61,61,59,59,41,41,41,41,41,41,31,25,44,16,54,38,14,14,14,14,33,33,17,17,13,4,0],"gold":120,"neow_bonus":"UPGRADE_CARD","is_prod":false,"is_daily":false,"chose_seed":false,"campfire_upgraded":3,"win_rate":0,"timestamp":1551955324,"path_taken":["M","?","M","$","M","R","?","R","T","R","?","$","E","M","R","BOSS","M","M","$","?","?","R","$","M","T","M","E","M"],"build_version":"2019-01-23","purchased_purges":2,"victory":false,"max_hp_per_floor":[66,66,66,66,66,66,66,66,66,66,66,66,66,66,66,66,66,66,66,66,66,66,66,66,66,66,66,66,66],"card_choices":[{"not_picked":["Outmaneuver","Concentrate"],"picked":"Cloak And Dagger","floor":1},{"not_picked":["Acrobatics","Expertise"],"picked":"Accuracy","floor":3},{"not_picked":["Choke","Reflex"],"picked":"Dagger Spray","floor":5},{"not_picked":["Accuracy","Skewer"],"picked":"Terror","floor":13},{"not_picked":["Calculated Gamble+1","Endless Agony"],"picked":"Dodge and Roll+1","floor":14},{"not_picked":["Glass Knife","Phantasmal Killer+1"],"picked":"Tools of the Trade","floor":16},{"not_picked":["Underhanded Strike+1","Concentrate+1"],"picked":"PiercingWail+1","floor":18},{"not_picked":["Underhanded Strike","Concentrate+1","Expertise+1"],"picked":"SKIP","floor":19},{"not_picked":["Well Laid Plans","Acrobatics+1"],"picked":"Endless Agony+1","floor":25},{"not_picked":["Flechettes","Concentrate+1"],"picked":"Footwork","floor":27},{"not_picked":["Concentrate+1","Dagger Throw","Poisoned Stab"],"picked":"SKIP","floor":28}],"player_experience":915285,"relics_obtained":[{"floor":9,"key":"Vajra"},{"floor":13,"key":"Toxic Egg 2"},{"floor":26,"key":"Smiling Mask"},{"floor":28,"key":"Dodecahedron"}],"event_choices":[{"damage_healed":16,"gold_gain":0,"player_choice":"Healed","damage_taken":0,"max_hp_gain":0,"max_hp_loss":0,"event_name":"The Cleric","floor":2,"gold_loss":35},{"damage_healed":0,"gold_gain":0,"player_choice":"Success","damage_taken":18,"relics_obtained":["Tiny Chest"],"max_hp_gain":0,"max_hp_loss":0,"event_name":"Scrap Ooze","floor":7,"gold_loss":0},{"damage_healed":0,"gold_gain":0,"player_choice":"Inject Mutagens","damage_taken":0,"relics_obtained":["MutagenicStrength"],"max_hp_gain":0,"max_hp_loss":0,"event_name":"Drug Dealer","floor":21,"gold_loss":0},{"damage_healed":0,"gold_gain":0,"player_choice":"Ignored","damage_taken":0,"max_hp_gain":0,"max_hp_loss":0,"event_name":"Beggar","floor":22,"gold_loss":0}],"is_beta":false,"boss_relics":[{"not_picked":["Lizard Tail","Snecko Eye"],"picked":"WristBlade"}],"items_purged_floors":[12,20],"is_endless":false,"potions_floor_spawned":[13,14,19,25,27],"killed_by":"Sentry and Sphere","ascension_level":18}