{"gold_per_floor":[119,129,129,61,76,102,102,112,112,112,112,141,154,185,185,283,333,346,87,99,99,110,110,35,35,35,35,35,53,67,84,84,179,179,189,89,89,89,89,89,107,121,121,140,140,140,150,78,78,78],"floor_reached":51,"playtime":15260,"items_purged":["Strike_R","Defend_R"],"score":724,"play_id":"fca19dc3-495d-4d7c-82be-50e858dd3972","local_time":"20190130135541","is_ascension_mode":true,"campfire_choices":[{"data":"Searing Blow","floor":7.0,"key":"SMITH"},{"data":"Armaments","floor":11.0,"key":"SMITH"},{"data":"Searing Blow+1","floor":15.0,"key":"SMITH"},{"data":"Armaments","floor":23.0,"key":"SMITH"},{"data":"Searing Blow+2","floor":25.0,"key":"SMITH"},{"data":"Searing Blow+3","floor":32.0,"key":"SMITH"},{"data":"Searing Blow+4","floor":40,"key":"SMITH"},{"data":"Searing Blow+5","floor":46,"key":"SMITH"},{"floor":49,"key":"REST"}],"neow_cost":"NONE","seed_source_timestamp":516101635268932,"circlet_count":0,"master_deck":["Defend_R","Defend_R","Defend_R","Bash","Headbutt","Armaments+1","Demon Form","Searing Blow+6","Battle Trance","Armaments+1","Shrug It Off+1","Feed","Shrug It Off","Offering","Armaments","Reaper","Finesse","Madness","Madness","True Grit","Deep Breath"],"special_seed":0,"relics":["Burning Blood","NeowsBlessing","Singing Bowl","Mercury Hourglass","Letter Opener","Dodecahedron","Tiny House","Pantograph","Bag of Preparation","Empty Cage","Bronze Scales","The Courier"],"potions_floor_usage":[47],"damage_taken":[{"damage":0.0,"enemies":"Jaw Worm","floor":1.0,"turns":1.0},{"damage":0.0,"enemies":"Cultist","floor":2.0,"turns":1.0},{"damage":0.0,"enemies":"Small Slimes","floor":5.0,"turns":1.0},{"damage":25.0,"enemies":"3 Sentries","floor":6.0,"turns":8.0},{"damage":11.0,"enemies":"Gremlin Gang","floor":8.0,"turns":5.0},{"damage":15.0,"enemies":"Lagavulin","floor":12.0,"turns":6.0},{"damage":6.0,"enemies":"2 Fungi Beasts","floor":13.0,"turns":3.0},{"damage":14.0,"enemies":"Gremlin Nob","floor":14.0,"turns":3.0},{"damage":2.0,"enemies":"Slime Boss","floor":16.0,"turns":7.0},{"damage":0.0,"enemies":"Shell Parasite","floor":18.0,"turns":3.0},{"damage":0.0,"enemies":"3 Byrds","floor":20.0,"turns":4.0},{"damage":21.0,"enemies":"Snake Plant","floor":22.0,"turns":4.0},{"damage":7.0,"enemies":"Snecko","floor":29.0,"turns":4.0},{"damage":29.0,"enemies":"Shelled Parasite and Fungi","floor":30.0,"turns":8.0},{"damage":2.0,"enemies":"Snake Plant","floor":31.0,"turns":4.0},{"damage":85,"enemies":"Automaton","floor":33,"turns":11},{"damage":28,"enemies":"3 Darklings","floor":35,"turns":14},{"damage":12,"enemies":"Orb Walker","floor":41,"turns":2},{"damage":13,"enemies":"4 Shapes","floor":42,"turns":5},{"damage":7,"enemies":"3 Darklings","floor":44,"turns":3},{"damage":50,"enemies":"Transient","floor":47,"turns":5},{"damage":90,"enemies":"Awakened One","floor":50,"turns":10}],"seed_played":"-5517598519136503958","potions_obtained":[{"floor":2.0,"key":"Fire Potion"},{"floor":5.0,"key":"SpeedPotion"},{"floor":12.0,"key":"Regen Potion"},{"floor":13.0,"key":"Poison Potion"},{"floor":16.0,"key":"Explosive Potion"},{"floor":17.0,"key":"FairyPotion"},{"floor":20.0,"key":"Ancient Potion"}],"is_trial":false,"path_per_floor":["M","M","?","$","M","E","R","M","T","?","R","E","M","E","R","B",null,"M","$","M","?","M","R","$","R","T","?","$","M","M","M","R","B",null,"M","$","?","?","?","R","M","M","T","M","?","R","M","$","R","B",null],"character_chosen":"IRONCLAD","items_purchased":["Searing Blow","Pantograph","Deep Breath"],"campfire_rested":1,"item_purchase_floors":[4,19,48],"current_hp_per_floor":[80,80,80,80,80,63,63,58,58,58,58,51,53,45,45,64,93,96,96,99,99,86,86,86,86,86,86,86,87,69,75,75,21,110,99,99,99,99,85,85,84,87,87,102,102,102,60,60,96,44],"gold":78,"neow_bonus":"THREE_ENEMY_KILL","is_prod":false,"is_daily":false,"chose_seed":false,"campfire_upgraded":8,"win_rate":0,"timestamp":1548878141,"path_taken":["M","M","?","$","?","E","R","M","T","?","R","E","M","E","R","BOSS","M","$","?","?","?","R","$","R","T","?","$","M","M","?","R","BOSS","M","$","?","?","?","R","M","M","T","M","?","R","?","$","R","BOSS"],"build_version":"2019-01-23","purchased_purges":2,"victory":true,"max_hp_per_floor":[80,80,80,80,80,82,82,82,82,82,82,84,86,86,86,86,93,96,96,99,99,101,101,101,101,101,101,101,103,108,110,110,110,110,112,112,112,112,112,112,112,118,118,120,120,120,122,122,122,122],"card_choices":[{"not_picked":["Pummel","Sword Boomerang"],"picked":"Headbutt","floor":1.0},{"not_picked":["Sever Soul","Heavy Blade"],"picked":"Armaments","floor":2.0},{"not_picked":["Rage","Clothesline"],"picked":"Battle Trance","floor":5.0},{"not_picked":["Wild Strike","Reckless Charge","Twin Strike"],"picked":"Singing Bowl","floor":6.0},{"not_picked":["Perfected Strike","True Grit"],"picked":"Armaments","floor":8.0},{"not_picked":["Cleave","Sentinel","Anger"],"picked":"Singing Bowl","floor":12.0},{"not_picked":["Feel No Pain","Fiend Fire","Burning Pact"],"picked":"Singing Bowl","floor":13.0},{"not_picked":["Warcry","Hemokinesis"],"picked":"Shrug It Off","floor":14.0},{"not_picked":["Immolate","Demon Form"],"picked":"Feed","floor":16.0},{"not_picked":["Flex","Warcry","Clothesline"],"picked":"Singing Bowl","floor":17.0},{"not_picked":["Thunderclap","True Grit"],"picked":"Disarm+1","floor":18.0},{"not_picked":["Thunderclap","Warcry"],"picked":"Shrug It Off","floor":20.0},{"not_picked":["Fire Breathing+1","Corruption+1","Rupture"],"picked":"Singing Bowl","floor":22.0},{"not_picked":["Clash","Perfected Strike+1","Reckless Charge+1"],"picked":"Singing Bowl","floor":29.0},{"not_picked":["Twin Strike+1","Blood for Blood","Perfected Strike"],"picked":"Singing Bowl","floor":30.0},{"not_picked":["Rupture","Perfected Strike","Second Wind"],"picked":"Singing Bowl","floor":31.0},{"not_picked":["Bludgeon","Impervious"],"picked":"Reaper","floor":33},{"not_picked":["Corruption","Flex","Twin Strike+1"],"picked":"Singing Bowl","floor":35},{"not_picked":["Apotheosis","Impatience"],"picked":"Finesse","floor":37},{"not_picked":["Havoc+1","Rampage"],"picked":"True Grit","floor":41},{"not_picked":["Anger+1","Sword Boomerang","Feel No Pain"],"picked":"Singing Bowl","floor":42},{"not_picked":["Headbutt","Clash+1","Heavy Blade+1"],"picked":"Singing Bowl","floor":44},{"not_picked":["Corruption+1","Limit Break","Entrench"],"picked":"Singing Bowl","floor":47}],"player_experience":240385,"relics_obtained":[{"floor":6.0,"key":"Singing Bowl"},{"floor":9.0,"key":"Mercury Hourglass"},{"floor":12.0,"key":"Letter Opener"},{"floor":14.0,"key":"Dodecahedron"},{"floor":26.0,"key":"Bag of Preparation"},{"floor":43,"key":"Bronze Scales"}],"event_choices":[{"damage_healed":0.0,"max_hp_gain":0.0,"max_hp_loss":0.0,"gold_gain":0.0,"cards_transformed":["Strike_R"],"event_name":"Transmorgrifier","player_choice":"Transformed","floor":3.0,"gold_loss":0.0,"damage_taken":0.0,"cards_obtained":["Demon Form"]},{"damage_healed":0.0,"max_hp_gain":0.0,"max_hp_loss":0.0,"gold_gain":0.0,"event_name":"NoteForYourself","player_choice":"Ignored","floor":10.0,"gold_loss":0.0,"damage_taken":0.0},{"damage_healed":0.0,"max_hp_gain":0.0,"max_hp_loss":0.0,"gold_gain":0.0,"event_name":"Match and Keep!","player_choice":"1 cards matched","floor":21.0,"gold_loss":0.0,"damage_taken":0.0,"cards_obtained":["Offering"]},{"damage_healed":0.0,"max_hp_gain":0.0,"max_hp_loss":0.0,"gold_gain":0.0,"cards_transformed":["Strike_R"],"event_name":"Transmorgrifier","player_choice":"Transformed","floor":27.0,"gold_loss":0.0,"damage_taken":0.0,"cards_obtained":["Armaments"]},{"damage_healed":0,"gold_gain":0,"player_choice":"Memory 1","damage_taken":0,"max_hp_gain":0,"max_hp_loss":0,"event_name":"SensoryStone","floor":37,"gold_loss":0},{"cards_removed":["Disarm"],"damage_healed":0,"gold_gain":0,"player_choice":"Removed Skill","damage_taken":0,"max_hp_gain":0,"max_hp_loss":0,"event_name":"Falling","floor":38,"gold_loss":0},{"damage_healed":0,"gold_gain":0,"player_choice":"Embrace Madness","damage_taken":14,"max_hp_gain":0,"max_hp_loss":0,"event_name":"Winding Halls","floor":39,"gold_loss":0,"cards_obtained":["Madness","Madness"]},{"damage_healed":0,"gold_gain":0,"player_choice":"Gave Potion","damage_taken":0,"relics_obtained":["The Courier"],"max_hp_gain":0,"max_hp_loss":0,"event_name":"WeMeetAgain","floor":45,"gold_loss":0}],"is_beta":false,"boss_relics":[{"not_picked":["Runic Cube","Runic Dome"],"picked":"Tiny House"},{"not_picked":["White Beast Statue","Astrolabe"],"picked":"Empty Cage"}],"items_purged_floors":[24,36],"is_endless":false,"potions_floor_spawned":[2,5,12,13,16,20,31,33,41,42],"ascension_level":1}