{"gold_per_floor":[112,122,138,138,154,154,26,39,85,114,114,132,32,32,32,157,157,180,180,193,193,216,216,12,12,12,12,35,58,71,71,71,196,196,209,223,292,342,360,360,380,444,444,494,345,395],"floor_reached":46,"playtime":1376,"items_purged":["Strike_R","Strike_R","Strike_R","Pain"],"score":451,"play_id":"5a74262e-2837-4969-b585-55fed4e6407b","local_time":"20190301182008","is_ascension_mode":false,"campfire_choices":[{"floor":6,"key":"REST"},{"floor":15,"key":"REST"},{"floor":23,"key":"REST"},{"floor":25,"key":"RECALL"},{"floor":32,"key":"REST"},{"floor":40,"key":"REST"}],"neow_cost":"NONE","seed_source_timestamp":1204660267940054,"circlet_count":0,"master_deck":["Defend_R","Defend_R","Defend_R","Defend_R","Bash","Sword Boomerang","Reaper","Thunderclap","Flex","Flex","Thunderclap","Spot Weakness","Cleave","Double Tap","Shrug It Off+1","Twin Strike","Warcry+1","Offering","True Grit+1","Thunderclap","Warcry+1","Flex","Havoc+1","Flex+1","Armaments"],"relics":["Fusion Hammer","Paper Frog","Bronze Scales","Red Skull","Golden Idol","Pen Nib","Black Star","Potion Belt","SsserpentHead","Lizard Tail","WarpedTongs","Happy Flower"],"potions_floor_usage":[10,18,30,33,39,41,42,46],"damage_taken":[{"damage":10,"enemies":"Small Slimes","floor":1,"turns":3},{"damage":1,"enemies":"Cultist","floor":2,"turns":3},{"damage":1,"enemies":"2 Louse","floor":3,"turns":2},{"damage":17,"enemies":"Exordium Wildlife","floor":5,"turns":2},{"damage":0,"enemies":"2 Fungi Beasts","floor":8,"turns":3},{"damage":31,"enemies":"3 Sentries","floor":10,"turns":4},{"damage":5,"enemies":"Lots of Slimes","floor":12,"turns":2},{"damage":48,"enemies":"The Guardian","floor":16,"turns":8},{"damage":25,"enemies":"2 Thieves","floor":18,"turns":3},{"damage":5,"enemies":"3 Byrds","floor":20,"turns":2},{"damage":0,"enemies":"Snecko","floor":22,"turns":3},{"damage":27,"enemies":"Snake Plant","floor":28,"turns":2},{"damage":6,"enemies":"Cultist and Chosen","floor":29,"turns":4},{"damage":21,"enemies":"Centurion and Healer","floor":30,"turns":6},{"damage":87,"enemies":"Collector","floor":33,"turns":7},{"damage":52,"enemies":"3 Shapes","floor":35,"turns":2},{"damage":26,"enemies":"3 Darklings","floor":36,"turns":3},{"damage":25,"enemies":"4 Shapes","floor":37,"turns":5},{"damage":52,"enemies":"Writhing Mass","floor":39,"turns":4},{"damage":15,"enemies":"Jaw Worm Horde","floor":41,"turns":2},{"damage":51,"enemies":"Spire Growth","floor":42,"turns":4},{"damage":24,"enemies":"4 Shapes","floor":46,"turns":4}],"seed_played":"8830098294605822822","potions_obtained":[{"floor":3,"key":"Dexterity Potion"},{"floor":5,"key":"AttackPotion"},{"floor":16,"key":"LiquidBronze"},{"floor":20,"key":"Explosive Potion"},{"floor":29,"key":"Weak Potion"},{"floor":36,"key":"GamblersBrew"},{"floor":39,"key":"Strength Potion"},{"floor":41,"key":"Strength Potion"},{"floor":42,"key":"FearPotion"}],"is_trial":false,"path_per_floor":["M","M","M","?","M","R","$","M","T","E","?","M","$","?","R","B",null,"M","?","M","?","M","R","$","R","T","$","M","M","M","?","R","B",null,"M","M","M","?","M","R","M","M","T","?","$","M"],"character_chosen":"IRONCLAD","items_purchased":["Flex","Offering","Armaments"],"campfire_rested":5,"item_purchase_floors":[7,24,45],"current_hp_per_floor":[70,69,72,72,63,80,80,80,80,63,63,74,74,67,74,26,74,49,49,67,67,67,74,74,74,74,74,47,66,59,59,74,8,74,28,29,13,13,27,49,74,23,23,23,23,0],"gold":395,"neow_bonus":"BOSS_RELIC","is_prod":false,"is_daily":false,"chose_seed":false,"campfire_upgraded":0,"win_rate":0,"timestamp":1551442808,"path_taken":["M","M","M","?","?","R","$","M","T","E","?","M","$","?","R","BOSS","M","?","M","?","M","R","$","R","T","$","M","M","M","?","R","BOSS","M","M","?","?","M","R","M","?","T","?","?","?"],"build_version":"2019-01-23","purchased_purges":4,"victory":false,"max_hp_per_floor":[80,80,80,80,80,80,80,80,80,80,74,74,74,74,74,74,74,74,74,74,74,74,74,74,74,74,74,74,74,74,74,74,74,74,74,74,74,74,74,74,74,74,74,74,74,74],"card_choices":[{"not_picked":["Wild Strike","Perfected Strike"],"picked":"Sword Boomerang","floor":1},{"not_picked":["Clothesline","Rage"],"picked":"Reaper","floor":2},{"not_picked":["Clothesline","Twin Strike"],"picked":"Thunderclap","floor":3},{"not_picked":["Armaments","Pummel"],"picked":"Flex","floor":5},{"not_picked":["Clothesline","Second Wind"],"picked":"Thunderclap","floor":8},{"not_picked":["Twin Strike","Perfected Strike"],"picked":"Spot Weakness","floor":10},{"not_picked":["Wild Strike","Iron Wave"],"picked":"Cleave","floor":12},{"not_picked":["Immolate","Fiend Fire"],"picked":"Double Tap","floor":16},{"not_picked":["Headbutt","Clash"],"picked":"Shrug It Off+1","floor":18},{"not_picked":["Power Through+1","Bloodletting","Metallicize"],"picked":"SKIP","floor":20},{"not_picked":["Fire Breathing","Clothesline+1"],"picked":"Warcry+1","floor":22},{"not_picked":["Clothesline","Uppercut+1"],"picked":"True Grit+1","floor":28},{"not_picked":["Clash","Twin Strike"],"picked":"Thunderclap","floor":29},{"not_picked":["True Grit","Fire Breathing+1"],"picked":"Warcry+1","floor":30},{"not_picked":["Perfected Strike","Thunderclap"],"picked":"Flex","floor":35},{"not_picked":["Iron Wave","Thunderclap+1"],"picked":"Havoc+1","floor":36},{"not_picked":["Cleave","Second Wind","Perfected Strike"],"picked":"SKIP","floor":37},{"not_picked":["Infernal Blade+1","Fire Breathing+1"],"picked":"Flex+1","floor":39},{"not_picked":["Warcry","Sword Boomerang","Anger"],"picked":"SKIP","floor":41},{"not_picked":["Infernal Blade+1","Perfected Strike","Immolate"],"picked":"SKIP","floor":42}],"player_experience":925553,"relics_obtained":[{"floor":9,"key":"Bronze Scales"},{"floor":10,"key":"Red Skull"},{"floor":26,"key":"Potion Belt"},{"floor":43,"key":"Happy Flower"}],"event_choices":[{"damage_healed":0,"gold_gain":0,"player_choice":"Gave Potion","damage_taken":0,"relics_obtained":["Paper Frog"],"max_hp_gain":0,"max_hp_loss":0,"event_name":"WeMeetAgain","floor":4,"gold_loss":0},{"damage_healed":0,"gold_gain":0,"player_choice":"Lose Max HP","damage_taken":0,"relics_obtained":["Golden Idol"],"max_hp_gain":0,"max_hp_loss":6,"event_name":"Golden Idol","floor":11,"gold_loss":0},{"damage_healed":0,"gold_gain":0,"player_choice":"Success","damage_taken":7,"relics_obtained":["Pen Nib"],"max_hp_gain":0,"max_hp_loss":0,"event_name":"Scrap Ooze","floor":14,"gold_loss":0},{"damage_healed":0,"gold_gain":0,"cards_transformed":["Strike_R","Strike_R"],"player_choice":"Became Test Subject","damage_taken":0,"max_hp_gain":0,"max_hp_loss":0,"event_name":"Drug Dealer","floor":19,"gold_loss":0,"cards_obtained":["Twin Strike","Rupture"]},{"damage_healed":0,"gold_gain":0,"player_choice":"Ignored","damage_taken":0,"max_hp_gain":0,"max_hp_loss":0,"event_name":"Ghosts","floor":21,"gold_loss":0},{"damage_healed":0,"gold_gain":0,"player_choice":"Trade","damage_taken":0,"relics_obtained":["SsserpentHead"],"max_hp_gain":0,"max_hp_loss":0,"event_name":"FaceTrader","floor":31,"gold_loss":0},{"damage_healed":0,"gold_gain":0,"player_choice":"Rummage","damage_taken":0,"relics_obtained":["WarpedTongs"],"max_hp_gain":0,"max_hp_loss":0,"event_name":"Accursed Blacksmith","floor":38,"gold_loss":0,"cards_obtained":["Pain"]},{"cards_removed":["Rupture"],"damage_healed":0,"gold_gain":0,"player_choice":"Removed Power","damage_taken":0,"max_hp_gain":0,"max_hp_loss":0,"event_name":"Falling","floor":44,"gold_loss":0}],"is_beta":false,"boss_relics":[{"not_picked":["Cursed Key","Astrolabe"],"picked":"Black Star"},{"not_picked":["Orrery","Runic Cube"],"picked":"Lizard Tail"}],"items_purged_floors":[7,13,24,45],"is_endless":false,"potions_floor_spawned":[3,5,16,20,29,36,39,41,42],"killed_by":"4 Shapes","ascension_level":0}