{"gold_per_floor":[114,114,114,114,133,133,40,40,109,129,229,229,245,259,259,356,356,375,386,301,301,315,315,325,325,325,325,325,339,44,44,44,143,143,163,163,163,176,0,64,64,64,87,87,106,106,106,106,106,106],"floor_reached":50,"playtime":2800,"items_purged":["Strike_G"],"score":531,"play_id":"ca504242-d54a-4915-95e1-117cc267c02b","local_time":"20190306014010","is_ascension_mode":false,"campfire_choices":[{"data":"Deadly Poison","floor":6,"key":"SMITH"},{"data":"Footwork","floor":8,"key":"SMITH"},{"data":"Neutralize","floor":12,"key":"SMITH"},{"data":"After Image","floor":15,"key":"SMITH"},{"data":"Noxious Fumes","floor":23,"key":"SMITH"},{"data":"Burst","floor":27,"key":"SMITH"},{"floor":32,"key":"REST"},{"floor":41,"key":"REST"},{"floor":46,"key":"REST"},{"floor":49,"key":"REST"}],"neow_cost":"TEN_PERCENT_HP_LOSS","seed_source_timestamp":40221747253352,"circlet_count":0,"master_deck":["Defend_G+1","Defend_G+1","Defend_G+1","Strike_G+1","Strike_G+1","Strike_G+1","Survivor+1","Neutralize+1","Deadly Poison+1","Prepared+1","Footwork+1","Slice+1","Noxious Fumes+1","After Image+1","Burst+1","Pain","Infinite Blades+1","Iron Wave+1","Blade Dance+1","After Image+1","Storm of Steel+1","Decay","Corpse Explosion+1","Writhe","Infinite Blades+1"],"relics":["Ring of the Snake","Girya","Singing Bowl","WristBlade","Juzu Bracelet","WarpedTongs","Frozen Egg 2","Letter Opener","Busted Crown","Red Mask","Tiny Chest","Boot","Mark of the Bloom"],"potions_floor_usage":[16,16,33,33,40,50,50],"damage_taken":[{"damage":0,"enemies":"2 Louse","floor":1,"turns":3},{"damage":2,"enemies":"Cultist","floor":5,"turns":5},{"damage":0,"enemies":"Small Slimes","floor":10,"turns":3},{"damage":0,"enemies":"Red Slaver","floor":13,"turns":3},{"damage":6,"enemies":"Exordium Thugs","floor":14,"turns":4},{"damage":11,"enemies":"Hexaghost","floor":16,"turns":10},{"damage":0,"enemies":"Chosen","floor":18,"turns":6},{"damage":9,"enemies":"Spheric Guardian","floor":19,"turns":5},{"damage":3,"enemies":"Shelled Parasite and Fungi","floor":22,"turns":7},{"damage":8,"enemies":"Centurion and Healer","floor":24,"turns":9},{"damage":38,"enemies":"Snecko","floor":29,"turns":7},{"damage":4,"enemies":"Champ","floor":33,"turns":9},{"damage":2,"enemies":"3 Shapes","floor":35,"turns":6},{"damage":7,"enemies":"Orb Walker","floor":38,"turns":3},{"damage":53,"enemies":"Nemesis","floor":40,"turns":9},{"damage":15,"enemies":"Transient","floor":45,"turns":5},{"damage":80,"enemies":"Awakened One","floor":50,"turns":5}],"seed_played":"-3191199848482404103","potions_obtained":[{"floor":1,"key":"Strength Potion"},{"floor":5,"key":"PowerPotion"},{"floor":13,"key":"Dexterity Potion"},{"floor":16,"key":"SkillPotion"},{"floor":22,"key":"SpeedPotion"},{"floor":33,"key":"GamblersBrew"},{"floor":35,"key":"Energy Potion"},{"floor":37,"key":"SpeedPotion"}],"is_trial":false,"path_per_floor":["M","?","?","?","M","R","$","R","T","M","?","R","M","M","R","B",null,"M","M","?","?","M","R","M","?","T","R","T","M","$","?","R","B",null,"M","?","?","M","?","E","R","?","T","?","M","R","?","?","R","B"],"character_chosen":"THE_SILENT","items_purchased":["Prepared","Footwork","After Image+1","Storm of Steel"],"campfire_rested":4,"item_purchase_floors":[7,7,30,30],"current_hp_per_floor":[63,63,56,61,59,59,59,59,59,59,59,59,59,53,53,44,70,72,63,63,63,60,60,52,52,52,52,52,14,14,14,35,31,72,72,74,74,69,69,18,42,42,42,62,47,71,71,71,71,0],"gold":106,"neow_bonus":"ONE_RARE_RELIC","is_prod":false,"is_daily":false,"chose_seed":false,"campfire_upgraded":6,"win_rate":0.0,"timestamp":1551832810,"path_taken":["M","?","?","?","M","R","$","R","T","M","?","R","?","M","R","BOSS","M","M","?","?","M","R","M","?","T","R","?","M","$","?","R","BOSS","M","?","?","M","?","E","R","?","T","?","M","R","?","?","R","BOSS"],"build_version":"2019-01-23","purchased_purges":1,"victory":false,"max_hp_per_floor":[63,63,63,68,68,68,68,68,68,68,68,68,68,68,68,70,70,72,72,72,72,72,72,72,72,72,72,72,72,72,72,72,72,72,74,76,76,78,78,80,80,80,80,80,80,80,80,80,80,80],"card_choices":[{"not_picked":["Reflex","Acrobatics"],"picked":"Dagger Spray","floor":1},{"not_picked":["Underhanded Strike","Prepared"],"picked":"Deadly Poison","floor":5},{"not_picked":["Choke","Acrobatics"],"picked":"Slice","floor":10},{"not_picked":["Acrobatics","Calculated Gamble"],"picked":"Noxious Fumes","floor":13},{"not_picked":["Dagger Spray","Sucker Punch"],"picked":"After Image","floor":14},{"not_picked":["Doppelganger","Unload","Grand Finale"],"picked":"Singing Bowl","floor":16},{"not_picked":["Bane","Calculated Gamble","Endless Agony+1"],"picked":"Singing Bowl","floor":18},{"not_picked":["Underhanded Strike","Backflip"],"picked":"Burst","floor":19},{"not_picked":["Poisoned Stab+1","Dagger Spray"],"picked":"Infinite Blades","floor":22},{"not_picked":["Prepared","Dagger Spray","Sucker Punch"],"picked":"SKIP","floor":24},{"not_picked":["Leg Sweep","Endless Agony"],"picked":"Blade Dance+1","floor":29},{"not_picked":["Venomology","Bullet Time"],"picked":"Corpse Explosion","floor":33},{"not_picked":["PiercingWail+1"],"picked":"Singing Bowl","floor":35},{"not_picked":["Dramatic Entrance"],"picked":"Singing Bowl","floor":36},{"not_picked":["Dagger Throw"],"picked":"Singing Bowl","floor":38},{"not_picked":["Outmaneuver"],"picked":"Singing Bowl","floor":40},{"not_picked":[],"picked":"Infinite Blades+1","floor":45}],"player_experience":71618,"relics_obtained":[{"floor":9,"key":"Singing Bowl"},{"floor":26,"key":"Frozen Egg 2"},{"floor":28,"key":"Letter Opener"},{"floor":40,"key":"Tiny Chest"},{"floor":43,"key":"Boot"}],"event_choices":[{"cards_removed":["Defend_G"],"damage_healed":0,"gold_gain":0,"player_choice":"Forget","damage_taken":0,"max_hp_gain":0,"max_hp_loss":0,"event_name":"Living Wall","floor":2,"gold_loss":0},{"cards_removed":["Strike_G"],"damage_healed":0,"gold_gain":0,"player_choice":"Card Removal","damage_taken":7,"max_hp_gain":0,"max_hp_loss":0,"event_name":"Golden Wing","floor":3,"gold_loss":0},{"damage_healed":0,"gold_gain":0,"player_choice":"Donut","damage_taken":0,"max_hp_gain":5,"max_hp_loss":0,"event_name":"Big Fish","floor":4,"gold_loss":0},{"damage_healed":0,"gold_gain":100,"player_choice":"Pray","damage_taken":0,"max_hp_gain":0,"max_hp_loss":0,"event_name":"Golden Shrine","floor":11,"gold_loss":0},{"damage_healed":0,"gold_gain":0,"player_choice":"Obtained Relic","damage_taken":0,"relics_obtained":["Juzu Bracelet"],"max_hp_gain":0,"max_hp_loss":0,"event_name":"Addict","floor":20,"gold_loss":85},{"damage_healed":0,"gold_gain":0,"player_choice":"Rummage","damage_taken":0,"relics_obtained":["WarpedTongs"],"max_hp_gain":0,"max_hp_loss":0,"event_name":"Accursed Blacksmith","floor":21,"gold_loss":0,"cards_obtained":["Pain"]},{"cards_removed":["Defend_G"],"damage_healed":0,"gold_gain":0,"player_choice":"Took Card","damage_taken":0,"max_hp_gain":0,"max_hp_loss":0,"event_name":"NoteForYourself","floor":25,"gold_loss":0,"cards_obtained":["Iron Wave"]},{"damage_healed":0,"gold_gain":0,"player_choice":"Smashed Altar","damage_taken":0,"max_hp_gain":0,"max_hp_loss":0,"event_name":"Forgotten Altar","floor":31,"gold_loss":0,"cards_obtained":["Decay"]},{"damage_healed":0,"gold_gain":0,"player_choice":"Memory 1","damage_taken":0,"max_hp_gain":0,"max_hp_loss":0,"event_name":"SensoryStone","floor":36,"gold_loss":0},{"damage_healed":0,"gold_gain":0,"player_choice":"Got Potions","damage_taken":0,"max_hp_gain":0,"max_hp_loss":0,"event_name":"Lab","floor":37,"gold_loss":0},{"damage_healed":0,"gold_gain":0,"player_choice":"Paid","damage_taken":0,"relics_obtained":["Red Mask"],"max_hp_gain":0,"max_hp_loss":0,"event_name":"Tomb of Lord Red Mask","floor":39,"gold_loss":176},{"damage_healed":0,"gold_gain":0,"player_choice":"Ignored","damage_taken":0,"max_hp_gain":0,"max_hp_loss":0,"event_name":"Mysterious Sphere","floor":42,"gold_loss":0},{"damage_healed":20,"gold_gain":0,"player_choice":"Writhe","damage_taken":0,"max_hp_gain":0,"max_hp_loss":0,"event_name":"Winding Halls","floor":44,"gold_loss":0,"cards_obtained":["Writhe"]},{"damage_healed":0,"gold_gain":0,"player_choice":"Upgrade","damage_taken":0,"relics_obtained":["Mark of the Bloom"],"max_hp_gain":0,"max_hp_loss":0,"event_name":"MindBloom","floor":47,"gold_loss":0,"cards_upgraded":["Defend_G","Defend_G","Defend_G","Strike_G","Strike_G","Strike_G","Survivor","Dagger Spray","Prepared","Slice","Infinite Blades","Iron Wave","Storm of Steel","Corpse Explosion"]},{"cards_removed":["Dagger Spray"],"damage_healed":0,"gold_gain":0,"player_choice":"Removed Attack","damage_taken":0,"max_hp_gain":0,"max_hp_loss":0,"event_name":"Falling","floor":48,"gold_loss":0}],"is_beta":false,"boss_relics":[{"not_picked":["Ectoplasm","Black Star"],"picked":"WristBlade"},{"not_picked":["Velvet Choker","Runic Pyramid"],"picked":"Busted Crown"}],"items_purged_floors":[30],"is_endless":false,"potions_floor_spawned":[1,5,13,16,22,29,33,35],"killed_by":"Awakened One","ascension_level":0}