{"gold_per_floor":[118,135,152,165,185,212,212,212,261,261,276,376,402,414,414,519,519,536,553,553,567,567],"floor_reached":22,"playtime":1010,"items_purged":[],"score":210,"play_id":"0b6aa6eb-edb0-47cc-8ad0-2b19cd2c7a34","local_time":"20190310005629","is_ascension_mode":true,"campfire_choices":[{"data":"Redo","floor":7,"key":"SMITH"},{"data":"Zap","floor":10,"key":"SMITH"},{"floor":15,"key":"REST"}],"neow_cost":"NONE","seed_source_timestamp":24267075829400,"circlet_count":0,"master_deck":["Strike_B","Strike_B","Strike_B","Defend_B","Defend_B","Defend_B","Defend_B","Zap+1","Dualcast","Reboot","BootSequence","Conserve Battery","Coolheaded","Ball Lightning","Redo+1","Redo","Hologram","Ball Lightning","Hologram+1","Compile Driver","Leap"],"relics":["Cracked Core","Darkstone Periapt","Bag of Preparation","Blue Candle","White Beast Statue"],"potions_floor_usage":[6,16,18,21,21,22],"damage_taken":[{"damage":0,"enemies":"2 Louse","floor":1,"turns":2},{"damage":1,"enemies":"Cultist","floor":2,"turns":3},{"damage":1,"enemies":"Jaw Worm","floor":3,"turns":2},{"damage":0,"enemies":"2 Fungi Beasts","floor":4,"turns":2},{"damage":0,"enemies":"Large Slime","floor":5,"turns":5},{"damage":12,"enemies":"3 Sentries","floor":6,"turns":9},{"damage":0,"enemies":"3 Louse","floor":11,"turns":2},{"damage":37,"enemies":"Gremlin Nob","floor":13,"turns":5},{"damage":0,"enemies":"Blue Slaver","floor":14,"turns":3},{"damage":24,"enemies":"The Guardian","floor":16,"turns":11},{"damage":0,"enemies":"Spheric Guardian","floor":18,"turns":3},{"damage":30,"enemies":"3 Byrds","floor":19,"turns":6},{"damage":26,"enemies":"Sentry and Sphere","floor":21,"turns":6},{"damage":25,"enemies":"Snake Plant","floor":22,"turns":3}],"seed_played":"1098736313584661712","potions_obtained":[{"floor":1,"key":"Energy Potion"},{"floor":5,"key":"Block Potion"},{"floor":13,"key":"SkillPotion"},{"floor":18,"key":"Fruit Juice"},{"floor":19,"key":"SkillPotion"},{"floor":21,"key":"Swift Potion"}],"is_trial":false,"path_per_floor":["M","M","M","M","M","E","R","?","T","R","M","?","E","M","R","B",null,"M","M","?","M","M"],"character_chosen":"DEFECT","items_purchased":[],"campfire_rested":1,"item_purchase_floors":[],"current_hp_per_floor":[75,74,73,73,73,61,61,61,61,61,61,61,24,24,46,22,75,80,50,50,24,0],"gold":567,"neow_bonus":"ONE_RANDOM_RARE_CARD","is_prod":false,"is_daily":false,"chose_seed":false,"campfire_upgraded":2,"win_rate":0,"timestamp":1552175789,"path_taken":["M","M","M","M","M","E","R","?","T","R","M","?","E","M","R","BOSS","M","?","?","M","M"],"build_version":"2019-01-23","purchased_purges":0,"victory":false,"max_hp_per_floor":[75,75,75,75,75,75,75,75,75,75,75,75,75,75,75,75,75,80,80,80,80,80],"card_choices":[{"not_picked":["Steam Power","Genetic Algorithm","Turbo"],"picked":"SKIP","floor":1},{"not_picked":["Gash","Rebound"],"picked":"BootSequence","floor":2},{"not_picked":["Rip and Tear","Blizzard"],"picked":"Conserve Battery","floor":3},{"not_picked":["Sweeping Beam","Leap"],"picked":"Coolheaded","floor":4},{"not_picked":["Steam","Sweeping Beam"],"picked":"Ball Lightning","floor":5},{"not_picked":["Machine Learning","Genetic Algorithm"],"picked":"Redo","floor":6},{"not_picked":["Scrape","Conserve Battery"],"picked":"Redo","floor":11},{"not_picked":["Conserve Battery","Aggregate"],"picked":"Hologram","floor":13},{"not_picked":["Go for the Eyes","BootSequence"],"picked":"Ball Lightning","floor":14},{"not_picked":["Gash","Stack"],"picked":"Hologram+1","floor":18},{"not_picked":["BootSequence","Hologram+1"],"picked":"Compile Driver","floor":19},{"not_picked":["Go for the Eyes+1","Compile Driver"],"picked":"Leap","floor":21}],"player_experience":142381,"relics_obtained":[{"floor":6,"key":"Darkstone Periapt"},{"floor":9,"key":"Bag of Preparation"},{"floor":13,"key":"Blue Candle"}],"event_choices":[{"cards_removed":["Strike_B"],"damage_healed":0,"gold_gain":0,"player_choice":"Forget","damage_taken":0,"max_hp_gain":0,"max_hp_loss":0,"event_name":"Living Wall","floor":8,"gold_loss":0},{"damage_healed":0,"gold_gain":100,"player_choice":"Pray","damage_taken":0,"max_hp_gain":0,"max_hp_loss":0,"event_name":"Golden Shrine","floor":12,"gold_loss":0},{"damage_healed":0,"gold_gain":0,"player_choice":"Ignored","damage_taken":0,"max_hp_gain":0,"max_hp_loss":0,"event_name":"Vampires","floor":20,"gold_loss":0}],"is_beta":false,"boss_relics":[{"not_picked":["Snecko Eye","Fusion Hammer"],"picked":"White Beast Statue"}],"items_purged_floors":[],"is_endless":false,"potions_floor_spawned":[1,5,13,18,19,21],"killed_by":"Snake Plant","ascension_level":1}