{"gold_per_floor":[116,116,133,146,146,163,163,176,230,264,264,281,356,356,356,456,456,472,472,484,332,332,332,332,365,439,456,476,476,495,505,505,505],"floor_reached":33,"playtime":2252,"items_purged":["Parasite"],"score":294,"play_id":"f693b9c7-6ec3-48bf-b311-2202be3084a1","local_time":"20190304015414","is_ascension_mode":false,"campfire_choices":[{"data":"Metallicize","floor":7,"key":"SMITH"},{"data":"Searing Blow","floor":15,"key":"SMITH"},{"data":"Armaments","floor":23,"key":"SMITH"},{"floor":29,"key":"REST"},{"data":"Flex","floor":32,"key":"SMITH"}],"neow_cost":"TEN_PERCENT_HP_LOSS","seed_source_timestamp":114727787498411,"circlet_count":0,"master_deck":["Strike_R+1","Strike_R+1","Strike_R+1","Strike_R+1","Strike_R+1","Defend_R+1","Defend_R+1","Defend_R+1","Defend_R+1","Bash","Cleave","Cleave","Flex+1","Metallicize+1","Searing Blow+1","Perfected Strike","Headbutt","Limit Break","Ghostly Armor","Perfected Strike","Cleave","Armaments+1","Feed","Perfected Strike+1","Flex+1","Shrug It Off+1","Pommel Strike","Perfected Strike+1","Twin Strike"],"relics":["Burning Blood","Gambling Chip","Matryoshka","Bottled Tornado","Bag of Marbles","Mercury Hourglass","Boot","Eternal Feather","Bag of Preparation","Dream Catcher","Sundial"],"potions_floor_usage":[10,10,27,31],"damage_taken":[{"damage":2,"enemies":"2 Louse","floor":1,"turns":3},{"damage":10,"enemies":"Small Slimes","floor":3,"turns":4},{"damage":0,"enemies":"Cultist","floor":4,"turns":3},{"damage":0,"enemies":"Looter","floor":6,"turns":4},{"damage":12,"enemies":"Large Slime","floor":8,"turns":7},{"damage":6,"enemies":"3 Sentries","floor":10,"turns":6},{"damage":0,"enemies":"2 Fungi Beasts","floor":12,"turns":2},{"damage":28,"enemies":"Slime Boss","floor":16,"turns":10},{"damage":12,"enemies":"Chosen","floor":18,"turns":4},{"damage":0,"enemies":"Spheric Guardian","floor":20,"turns":5},{"damage":55,"enemies":"Book of Stabbing","floor":25,"turns":7},{"damage":21,"enemies":"Snake Plant","floor":27,"turns":4},{"damage":0,"enemies":"3 Cultists","floor":28,"turns":4},{"damage":4,"enemies":"Snecko","floor":30,"turns":3},{"damage":20,"enemies":"Centurion and Healer","floor":31,"turns":4},{"damage":55,"enemies":"Champ","floor":33,"turns":9}],"seed_played":"5304738705700931403","potions_obtained":[{"floor":1,"key":"EssenceOfSteel"},{"floor":3,"key":"Weak Potion"},{"floor":4,"key":"SteroidPotion"},{"floor":8,"key":"Fire Potion"},{"floor":25,"key":"BloodPotion"},{"floor":30,"key":"Weak Potion"}],"is_trial":false,"path_per_floor":["M","?","M","M","?","M","R","M","T","E","?","M","?","?","R","B",null,"M","?","M","$","?","R","?","E","T","M","M","R","M","M","R","B"],"character_chosen":"IRONCLAD","items_purchased":["Cleave","Armaments"],"campfire_rested":1,"item_purchase_floors":[21,21],"current_hp_per_floor":[72,58,54,60,42,48,48,42,42,42,42,48,37,55,55,33,72,66,66,72,69,69,69,69,20,20,11,17,52,54,40,55,0],"gold":505,"neow_bonus":"ONE_RARE_RELIC","is_prod":false,"is_daily":false,"chose_seed":false,"campfire_upgraded":4,"win_rate":0.0,"timestamp":1551660854,"path_taken":["M","?","M","M","?","M","R","M","T","E","?","?","?","?","R","BOSS","M","?","M","$","?","R","?","E","T","?","?","R","M","M","R","BOSS"],"build_version":"2019-01-23","purchased_purges":1,"victory":false,"max_hp_per_floor":[72,72,72,72,72,72,72,72,72,72,72,72,72,72,72,72,72,72,72,72,69,69,69,69,69,69,69,69,69,69,69,69,69],"card_choices":[{"not_picked":["Shockwave","Corruption"],"picked":"Cleave","floor":1},{"not_picked":["Burning Pact","Sword Boomerang"],"picked":"Cleave","floor":3},{"not_picked":["Clothesline","Thunderclap"],"picked":"Flex","floor":4},{"not_picked":["Power Through","Anger"],"picked":"Metallicize","floor":6},{"not_picked":["Headbutt","Reaper"],"picked":"Searing Blow","floor":8},{"not_picked":["Burning Pact","True Grit"],"picked":"Perfected Strike","floor":10},{"not_picked":["Warcry","Clothesline"],"picked":"Headbutt","floor":12},{"not_picked":["Brutality","Dark Embrace"],"picked":"Limit Break","floor":16},{"not_picked":["Burning Pact","Body Slam"],"picked":"Ghostly Armor","floor":18},{"not_picked":["Feel No Pain","Pommel Strike"],"picked":"Perfected Strike","floor":20},{"not_picked":["Clash","Dropkick"],"picked":"Perfected Strike+1","floor":25},{"not_picked":["Anger+1","Uppercut"],"picked":"Flex+1","floor":27},{"not_picked":["Bloodletting","Bludgeon"],"picked":"Shrug It Off+1","floor":28},{"not_picked":["Armaments","Warcry+1"],"picked":"Pommel Strike","floor":29},{"not_picked":["Rupture+1","Dual Wield"],"picked":"Perfected Strike+1","floor":30},{"not_picked":["Disarm+1","Warcry"],"picked":"Twin Strike","floor":31}],"player_experience":4294,"relics_obtained":[{"floor":9,"key":"Bottled Tornado"},{"floor":9,"key":"Bag of Marbles"},{"floor":10,"key":"Mercury Hourglass"},{"floor":25,"key":"Bag of Preparation"},{"floor":26,"key":"Dream Catcher"},{"floor":26,"key":"Sundial"}],"event_choices":[{"damage_healed":0,"gold_gain":0,"player_choice":"Entered Light","damage_taken":14,"max_hp_gain":0,"max_hp_loss":0,"event_name":"Shining Light","floor":2,"gold_loss":0,"cards_upgraded":["Defend_R","Strike_R"]},{"damage_healed":0,"gold_gain":0,"player_choice":"Success","damage_taken":18,"relics_obtained":["Matryoshka"],"max_hp_gain":0,"max_hp_loss":0,"event_name":"Scrap Ooze","floor":5,"gold_loss":0},{"damage_healed":0,"gold_gain":0,"player_choice":"Gave Potion","damage_taken":0,"relics_obtained":["Boot"],"max_hp_gain":0,"max_hp_loss":0,"event_name":"WeMeetAgain","floor":11,"gold_loss":0},{"damage_healed":0,"gold_gain":75,"player_choice":"Gather Gold","damage_taken":11,"max_hp_gain":0,"max_hp_loss":0,"event_name":"World of Goop","floor":13,"gold_loss":0},{"damage_healed":18,"gold_gain":0,"player_choice":"Healed and dodged fight","damage_taken":0,"max_hp_gain":0,"max_hp_loss":0,"event_name":"Mushrooms","floor":14,"gold_loss":0,"cards_obtained":["Parasite"]},{"damage_healed":0,"gold_gain":0,"player_choice":"Simplicity","damage_taken":0,"max_hp_gain":0,"max_hp_loss":0,"event_name":"Back to Basics","floor":19,"gold_loss":0,"cards_upgraded":["Strike_R","Strike_R","Strike_R","Strike_R","Defend_R","Defend_R","Defend_R"]},{"damage_healed":0,"gold_gain":0,"player_choice":"Read","damage_taken":0,"max_hp_gain":0,"max_hp_loss":0,"event_name":"The Library","floor":22,"gold_loss":0,"cards_obtained":["Feed"]},{"damage_healed":0,"gold_gain":0,"player_choice":"Ignored","damage_taken":0,"max_hp_gain":0,"max_hp_loss":0,"event_name":"Ghosts","floor":24,"gold_loss":0}],"is_beta":false,"boss_relics":[{"not_picked":["Busted Crown","Astrolabe"],"picked":"Eternal Feather"}],"items_purged_floors":[21],"is_endless":false,"potions_floor_spawned":[1,3,4,8,25,30],"killed_by":"Champ","ascension_level":0}