{"gold_per_floor":[116,46,46,46,64,81,81,94,94,108,123,123,53,70,70,171,171,201,123,115,141,171,183,209,241,253,190,202,228,91,91,91,186,186,201,201,214,214,214,233,252,252,252,252,27,38,38,53,53,53],"floor_reached":51,"playtime":4209,"items_purged":["Clumsy"],"score":645,"play_id":"aefd752f-df2f-411e-b3f9-d782fb3a8cb1","local_time":"20190213003713","is_ascension_mode":false,"campfire_choices":[{"data":"Footwork","floor":7.0,"key":"SMITH"},{"data":"Bouncing Flask","floor":12.0,"key":"SMITH"},{"data":"Catalyst","floor":15.0,"key":"SMITH"},{"floor":23.0,"key":"REST"},{"floor":28.0,"key":"REST"},{"floor":32.0,"key":"REST"},{"data":"Well Laid Plans","floor":42.0,"key":"SMITH"},{"floor":44.0,"key":"REST"},{"data":"Mayhem","floor":47,"key":"SMITH"},{"data":"Well Laid Plans","floor":49,"key":"SMITH"}],"neow_cost":"NONE","seed_source_timestamp":0,"circlet_count":0,"master_deck":["Survivor+1","Neutralize+1","Wraith Form v2+1","Acrobatics+1","Footwork+1","Blur+1","Blade Dance+1","Venomology+1","Catalyst+1","Bouncing Flask+1","Accuracy+1","Sucker Punch+1","Backstab+1","Dodge and Roll+1","Footwork+1","Footwork+1","Leg Sweep+1","Footwork+1","Infinite Blades+1","Adrenaline+1","PiercingWail+1","After Image+1","Heel Hook+1","Storm of Steel+1","Outmaneuver+1","Venomology+1","Predator+1","Skewer+1","Deflect+1","Escape Plan+1","Backstab+1","PiercingWail+1","Well Laid Plans+1","Mayhem+1","Well Laid Plans+1","Infinite Blades+1"],"special_seed":0,"relics":["Ring of the Snake","Molten Egg 2","Calling Bell","MawBank","Paper Crane","Thread and Needle","Ninja Scroll","Pandora\u0027s Box","Mark of the Bloom","Shuriken"],"potions_floor_usage":[46,50,50,50,50,50],"damage_taken":[{"damage":5.0,"enemies":"Jaw Worm","floor":1.0,"turns":5.0},{"damage":0.0,"enemies":"Small Slimes","floor":5.0,"turns":5.0},{"damage":1.0,"enemies":"Cultist","floor":6.0,"turns":6.0},{"damage":13.0,"enemies":"Looter","floor":8.0,"turns":4.0},{"damage":0.0,"enemies":"Red Slaver","floor":10.0,"turns":7.0},{"damage":0.0,"enemies":"2 Fungi Beasts","floor":11.0,"turns":7.0},{"damage":2.0,"enemies":"Exordium Wildlife","floor":14.0,"turns":4.0},{"damage":15.0,"enemies":"The Guardian","floor":16.0,"turns":10.0},{"damage":2.0,"enemies":"Shell Parasite","floor":18.0,"turns":8.0},{"damage":16.0,"enemies":"2 Thieves","floor":20.0,"turns":4.0},{"damage":24.0,"enemies":"Centurion and Healer","floor":21.0,"turns":15.0},{"damage":11.0,"enemies":"Snake Plant","floor":22.0,"turns":8.0},{"damage":7.0,"enemies":"Snecko","floor":24.0,"turns":7.0},{"damage":22.0,"enemies":"Centurion and Healer","floor":25.0,"turns":19.0},{"damage":17.0,"enemies":"Snake Plant","floor":29.0,"turns":2.0},{"damage":30.0,"enemies":"Champ","floor":33.0,"turns":29.0},{"damage":8.0,"enemies":"Orb Walker","floor":35.0,"turns":6.0},{"damage":0.0,"enemies":"3 Shapes","floor":37.0,"turns":8.0},{"damage":11.0,"enemies":"Writhing Mass","floor":40.0,"turns":9.0},{"damage":9.0,"enemies":"Maw","floor":41.0,"turns":9.0},{"damage":1,"enemies":"Jaw Worm Horde","floor":46,"turns":5},{"damage":0,"enemies":"Sphere and 2 Shapes","floor":48,"turns":4},{"damage":18,"enemies":"Awakened One","floor":50,"turns":12}],"seed_played":"-7503527796274499311","potions_obtained":[{"floor":1.0,"key":"FearPotion"},{"floor":5.0,"key":"FearPotion"},{"floor":16.0,"key":"Weak Potion"},{"floor":18.0,"key":"Energy Potion"},{"floor":20.0,"key":"Dexterity Potion"}],"is_trial":false,"path_per_floor":["M","$","?","?","M","M","R","M","T","M","M","R","$","M","R","B",null,"M","?","M","M","M","R","M","M","T","?","R","M","$","?","R","B",null,"M","?","M","?","$","M","M","R","T","R","$","M","R","M","R","B",null],"character_chosen":"THE_SILENT","items_purchased":["Footwork","Accuracy","Infinite Blades","Mayhem","Well Laid Plans"],"campfire_rested":4,"item_purchase_floors":[2,13,30,45,45],"current_hp_per_floor":[65,65,65,65,65,64,64,51,51,51,51,51,51,49,49,34,70,68,68,52,28,17,38,31,9,9,9,30,13,13,13,34,4,70,62,62,62,62,62,51,42,42,42,42,42,41,41,41,41,23],"gold":53,"neow_bonus":"ONE_RANDOM_RARE_CARD","is_prod":false,"is_daily":false,"chose_seed":false,"campfire_upgraded":6,"win_rate":0,"timestamp":1550036233,"path_taken":["M","$","?","?","M","M","R","?","T","M","M","R","$","M","R","BOSS","M","?","M","M","?","R","M","M","T","?","R","M","$","?","R","BOSS","M","?","M","?","$","M","M","R","T","R","$","M","R","M","R","BOSS"],"build_version":"2019-01-23","purchased_purges":1,"victory":true,"max_hp_per_floor":[70,70,70,70,70,70,70,70,70,70,70,70,70,70,70,70,70,70,70,70,70,70,70,70,70,70,70,70,70,70,70,70,70,70,70,70,70,70,70,70,70,70,70,70,70,70,70,70,70,70],"card_choices":[{"not_picked":["Setup","Prepared"],"picked":"Acrobatics","floor":1.0},{"not_picked":["Blade Dance","Masterful Stab"],"picked":"Blur","floor":5.0},{"not_picked":["Expertise","Acrobatics"],"picked":"Blade Dance","floor":6.0},{"not_picked":["Acrobatics","Underhanded Strike"],"picked":"Venomology","floor":8.0},{"not_picked":["Bouncing Flask","Distraction"],"picked":"Catalyst","floor":10.0},{"not_picked":["Cloak And Dagger","Prepared"],"picked":"Bouncing Flask","floor":11.0},{"not_picked":["Dagger Throw+1","Flying Knee+1"],"picked":"Sucker Punch+1","floor":14.0},{"not_picked":["Outmaneuver","Slice+1"],"picked":"Backstab+1","floor":18.0},{"not_picked":["Dagger Spray+1","Acrobatics"],"picked":"Dodge and Roll+1","floor":20.0},{"not_picked":["Bane+1","Dodge and Roll"],"picked":"Footwork","floor":21.0},{"not_picked":["Storm of Steel","Acrobatics"],"picked":"Footwork","floor":22.0},{"not_picked":["Acrobatics","Bane+1","Poisoned Stab+1"],"picked":"SKIP","floor":24.0},{"not_picked":["Outmaneuver","Well Laid Plans+1"],"picked":"Leg Sweep","floor":25.0},{"not_picked":["Reflex","Escape Plan+1"],"picked":"Footwork","floor":29.0},{"not_picked":["Bullet Time","Wraith Form v2"],"picked":"Adrenaline","floor":33.0},{"not_picked":["Acrobatics+1","Outmaneuver","All Out Attack+1"],"picked":"SKIP","floor":35.0},{"not_picked":["Slice+1","Outmaneuver+1"],"picked":"Backstab+1","floor":37.0},{"not_picked":["Calculated Gamble+1","Deflect+1"],"picked":"PiercingWail+1","floor":40.0},{"not_picked":["Quick Slash+1","PiercingWail+1"],"picked":"Well Laid Plans","floor":41.0},{"not_picked":["Bane+1","Doppelganger"],"picked":"Infinite Blades+1","floor":46},{"not_picked":["Deadly Poison","Quick Slash+1","Outmaneuver"],"picked":"SKIP","floor":48}],"player_experience":1034104,"relics_obtained":[{"floor":9.0,"key":"Molten Egg 2"},{"floor":17.0,"key":"MawBank"},{"floor":17.0,"key":"Paper Crane"},{"floor":17.0,"key":"Thread and Needle"},{"floor":26.0,"key":"Ninja Scroll"},{"floor":43.0,"key":"Shuriken"}],"event_choices":[{"damage_healed":0.0,"max_hp_gain":0.0,"max_hp_loss":0.0,"gold_gain":0.0,"event_name":"The Cleric","player_choice":"Leave","floor":3.0,"gold_loss":0.0,"damage_taken":0.0},{"damage_healed":0.0,"max_hp_gain":0.0,"max_hp_loss":0.0,"gold_gain":0.0,"event_name":"Accursed Blacksmith","player_choice":"Forge","floor":4.0,"gold_loss":0.0,"damage_taken":0.0,"cards_upgraded":["Wraith Form v2"]},{"cards_removed":["Shame"],"damage_healed":0.0,"max_hp_gain":0.0,"max_hp_loss":0.0,"gold_gain":0.0,"event_name":"Designer","player_choice":"Upgrade and Remove","floor":19.0,"gold_loss":90.0,"damage_taken":0.0,"cards_upgraded":["Defend_G"]},{"cards_removed":["Decay"],"damage_healed":0.0,"max_hp_gain":0.0,"max_hp_loss":0.0,"gold_gain":0.0,"event_name":"Beggar","player_choice":"Gave Gold","floor":27.0,"gold_loss":75.0,"damage_taken":0.0},{"damage_healed":0.0,"max_hp_gain":0.0,"max_hp_loss":0.0,"gold_gain":0.0,"event_name":"Ghosts","player_choice":"Ignored","floor":31.0,"gold_loss":0.0,"damage_taken":0.0},{"damage_healed":0.0,"max_hp_gain":0.0,"max_hp_loss":0.0,"gold_gain":0.0,"event_name":"Mysterious Sphere","player_choice":"Ignored","floor":36.0,"gold_loss":0.0,"damage_taken":0.0},{"damage_healed":0.0,"max_hp_gain":0.0,"max_hp_loss":0.0,"gold_gain":0.0,"event_name":"MindBloom","player_choice":"Upgrade","floor":38.0,"gold_loss":0.0,"damage_taken":0.0,"cards_upgraded":["Survivor","Neutralize","Acrobatics","Blur","Blade Dance","Venomology","Accuracy","Footwork","Footwork","Leg Sweep","Footwork","Infinite Blades","Adrenaline","PiercingWail","After Image","Storm of Steel","Outmaneuver","Venomology","Deflect","Escape Plan"],"relics_obtained":["Mark of the Bloom"]}],"is_beta":false,"boss_relics":[{"not_picked":["Snecko Eye","Sozu"],"picked":"Calling Bell"},{"not_picked":["Busted Crown","HoveringKite"],"picked":"Pandora\u0027s Box"}],"items_purged_floors":[30],"is_endless":false,"potions_floor_spawned":[1,5,16,18,20,35,46,48],"ascension_level":0}