{"gold_per_floor":[117,128,128,16,28,69,98,110,122,151,5,5,32,44,44,116,116,128,60,60,60,60,60,60,60,86,99,128,128,145,95,95,95],"floor_reached":33,"playtime":779,"items_purged":["Shame"],"score":503,"play_id":"33a4e5b9-159f-4d8d-9a51-0dfe74b7aeaf","local_time":"20190227183003","is_ascension_mode":true,"campfire_choices":[{"data":"Defragment","floor":12,"key":"SMITH"},{"floor":15,"key":"REST"},{"data":"Defragment","floor":23,"key":"SMITH"},{"data":"Beam Cell","floor":25,"key":"SMITH"},{"floor":29,"key":"REST"},{"floor":32,"key":"REST"}],"neow_cost":"NONE","seed_source_timestamp":147271160925500,"circlet_count":0,"master_deck":["AscendersBane","Strike_B","Strike_B+1","Defend_B+1","Defend_B","Defend_B","Zap","Dualcast","Leap","Doom and Gloom","Reinforced Body+1","Coolheaded","Steam","Defragment+1","Melter","Barrage","Beam Cell+1","Echo Form","Leap+1","Rip and Tear+1","Glacier+1","Defragment+1","Rebound","Lockon","Static Discharge"],"relics":["Cracked Core","NeowsBlessing","MawBank","Strawberry","Ornamental Fan","Kunai","Astrolabe","Orichalcum","Ancient Tea Set","Smiling Mask","Lantern"],"potions_floor_usage":[13,33],"damage_taken":[{"damage":0,"enemies":"Jaw Worm","floor":1,"turns":1},{"damage":0,"enemies":"Small Slimes","floor":2,"turns":1},{"damage":0,"enemies":"3 Sentries","floor":6,"turns":1},{"damage":1,"enemies":"Cultist","floor":7,"turns":3},{"damage":1,"enemies":"2 Fungi Beasts","floor":10,"turns":4},{"damage":27,"enemies":"Gremlin Nob","floor":13,"turns":5},{"damage":13,"enemies":"Exordium Wildlife","floor":14,"turns":5},{"damage":17,"enemies":"Slime Boss","floor":16,"turns":10},{"damage":3,"enemies":"Shell Parasite","floor":18,"turns":6},{"damage":0,"enemies":"Spheric Guardian","floor":27,"turns":2},{"damage":48,"enemies":"Slavers","floor":28,"turns":6},{"damage":30,"enemies":"Snake Plant","floor":30,"turns":4},{"damage":32,"enemies":"Collector","floor":33,"turns":3}],"seed_played":"-254249787548415531","potions_obtained":[{"floor":6,"key":"Block Potion"},{"floor":7,"key":"GamblersBrew"},{"floor":13,"key":"FearPotion"}],"is_trial":false,"path_per_floor":["M","M","?","?","$","E","M","?","T","M","$","R","E","M","R","B",null,"M","$","?","T","$","R","?","R","T","M","E","R","M","$","R","B"],"character_chosen":"DEFECT","items_purchased":["Defragment","Melter","Defragment"],"campfire_rested":3,"item_purchase_floors":[11,11,19],"current_hp_per_floor":[64,64,50,50,50,57,56,56,56,55,55,55,28,15,38,21,64,61,61,61,61,61,61,61,61,61,61,13,36,6,6,29,0],"gold":95,"neow_bonus":"THREE_ENEMY_KILL","is_prod":false,"is_daily":false,"chose_seed":false,"campfire_upgraded":3,"win_rate":0,"timestamp":1551310203,"path_taken":["M","M","?","?","$","E","?","?","T","M","?","R","E","M","R","BOSS","M","$","?","?","?","R","?","R","T","M","E","R","M","?","R","BOSS"],"build_version":"2019-02-06","purchased_purges":1,"victory":false,"max_hp_per_floor":[71,71,71,71,71,78,78,78,78,78,78,78,78,78,78,78,78,78,78,78,78,78,78,78,78,78,78,78,78,78,78,78,78],"card_choices":[{"not_picked":["Sweeping Beam","Compile Driver"],"picked":"Leap","floor":1},{"not_picked":["Sweeping Beam","BootSequence"],"picked":"Doom and Gloom","floor":2},{"not_picked":["Turbo","Conserve Battery"],"picked":"Reinforced Body","floor":6},{"not_picked":["Compile Driver","Go for the Eyes"],"picked":"Coolheaded","floor":7},{"not_picked":["Stack","Coolheaded"],"picked":"Steam","floor":10},{"not_picked":["Melter","Static Discharge"],"picked":"Barrage","floor":13},{"not_picked":["Heatsinks","Streamline"],"picked":"Beam Cell","floor":14},{"not_picked":["Machine Learning","Creative AI"],"picked":"Echo Form","floor":16},{"not_picked":["Fusion","Storm","Turbo"],"picked":"SKIP","floor":18},{"not_picked":["Steam","Gash"],"picked":"Rebound","floor":27},{"not_picked":["All For One","Hello World"],"picked":"Lockon","floor":28},{"not_picked":["Ball Lightning","Self Repair"],"picked":"Static Discharge","floor":30}],"player_experience":616418,"relics_obtained":[{"floor":6,"key":"Strawberry"},{"floor":9,"key":"Ornamental Fan"},{"floor":13,"key":"Kunai"},{"floor":21,"key":"Ancient Tea Set"},{"floor":26,"key":"Smiling Mask"},{"floor":28,"key":"Lantern"}],"event_choices":[{"damage_healed":0,"gold_gain":0,"player_choice":"Entered Light","damage_taken":14,"max_hp_gain":0,"max_hp_loss":0,"event_name":"Shining Light","floor":3,"gold_loss":0,"cards_upgraded":["Defend_B","Strike_B"]},{"damage_healed":0,"gold_gain":0,"player_choice":"Paid Gold","damage_taken":0,"relics_obtained":["MawBank"],"max_hp_gain":0,"max_hp_loss":0,"event_name":"WeMeetAgain","floor":4,"gold_loss":112},{"damage_healed":0,"gold_gain":0,"player_choice":"Grow","damage_taken":0,"max_hp_gain":0,"max_hp_loss":0,"event_name":"Living Wall","floor":8,"gold_loss":0,"cards_upgraded":["Reinforced Body"]},{"damage_healed":0,"gold_gain":0,"player_choice":"Stole Relic","damage_taken":0,"relics_obtained":["Orichalcum"],"max_hp_gain":0,"max_hp_loss":0,"event_name":"Addict","floor":20,"gold_loss":0,"cards_obtained":["Shame"]},{"damage_healed":0,"gold_gain":0,"player_choice":"Ignored","damage_taken":0,"max_hp_gain":0,"max_hp_loss":0,"event_name":"Vampires","floor":24,"gold_loss":0}],"is_beta":true,"boss_relics":[{"not_picked":["Tiny House","Runic Pyramid"],"picked":"Astrolabe"}],"items_purged_floors":[31],"is_endless":false,"potions_floor_spawned":[6,7,13,30],"killed_by":"Collector","ascension_level":14}