{"gold_per_floor":[111,111,127,127,147,172,187,187,187,217,217,217,217,231,231,231],"floor_reached":16,"playtime":497,"items_purged":[],"score":110,"play_id":"2eb1feb9-1f2e-44d5-b9e3-52a3052d1fe3","local_time":"20190128132657","is_ascension_mode":false,"campfire_choices":[{"floor":8,"key":"RECALL"},{"floor":13,"key":"REST"},{"floor":15,"key":"REST"}],"neow_cost":"NONE","seed_source_timestamp":797708652421975,"circlet_count":0,"master_deck":["Strike_R","Strike_R","Strike_R","Strike_R","Strike_R","Defend_R+1","Defend_R","Defend_R+1","Defend_R","Bash","Perfected Strike","Pommel Strike","Twin Strike","Flex","Injury"],"relics":["Burning Blood","Gremlin Horn","Turnip","Golden Idol","Molten Egg 2"],"potions_floor_usage":[16],"damage_taken":[{"damage":7,"enemies":"Small Slimes","floor":1,"turns":5},{"damage":1,"enemies":"Jaw Worm","floor":3,"turns":3},{"damage":0,"enemies":"2 Louse","floor":5,"turns":2},{"damage":31,"enemies":"3 Sentries","floor":6,"turns":8},{"damage":8,"enemies":"Large Slime","floor":7,"turns":4},{"damage":32,"enemies":"Gremlin Nob","floor":10,"turns":4},{"damage":6,"enemies":"Exordium Thugs","floor":14,"turns":4},{"damage":63,"enemies":"Slime Boss","floor":16,"turns":12}],"seed_played":"-4398316681991678654","potions_obtained":[{"floor":1,"key":"EssenceOfSteel"}],"is_trial":false,"path_per_floor":["M","?","M","?","M","E","M","R","T","E","?","?","R","M","R","B"],"character_chosen":"IRONCLAD","items_purchased":[],"campfire_rested":2,"item_purchase_floors":[],"current_hp_per_floor":[87,87,88,70,76,51,49,49,49,23,23,11,37,37,63,0],"gold":231,"neow_bonus":"TEN_PERCENT_HP_BONUS","is_prod":false,"is_daily":false,"chose_seed":false,"campfire_upgraded":0,"win_rate":0,"timestamp":1548718017,"path_taken":["M","?","M","?","M","E","?","R","T","E","?","?","R","M","R","BOSS"],"build_version":"2019-01-23","purchased_purges":0,"victory":false,"max_hp_per_floor":[88,88,88,88,88,88,88,88,88,88,88,88,88,88,88,88],"card_choices":[{"not_picked":["Shrug It Off","Sword Boomerang"],"picked":"Perfected Strike","floor":1},{"not_picked":["True Grit","Entrench","Thunderclap"],"picked":"SKIP","floor":3},{"not_picked":["Whirlwind","Sword Boomerang"],"picked":"Pommel Strike","floor":5},{"not_picked":["Burning Pact","Inflame"],"picked":"Twin Strike","floor":6},{"not_picked":["Searing Blow","Rampage"],"picked":"Flex","floor":7},{"not_picked":["True Grit","Carnage","Entrench"],"picked":"SKIP","floor":10},{"not_picked":["Spot Weakness","Bloodletting","Anger+1"],"picked":"SKIP","floor":14}],"player_experience":382464,"relics_obtained":[{"floor":6,"key":"Gremlin Horn"},{"floor":10,"key":"Turnip"}],"event_choices":[{"damage_healed":0,"gold_gain":0,"player_choice":"Ignored","damage_taken":0,"max_hp_gain":0,"max_hp_loss":0,"event_name":"Golden Wing","floor":2,"gold_loss":0},{"damage_healed":0,"gold_gain":0,"player_choice":"Entered Light","damage_taken":18,"max_hp_gain":0,"max_hp_loss":0,"event_name":"Shining Light","floor":4,"gold_loss":0,"cards_upgraded":["Defend_R","Defend_R"]},{"damage_healed":0,"gold_gain":0,"player_choice":"Take Wound","damage_taken":0,"relics_obtained":["Golden Idol"],"max_hp_gain":0,"max_hp_loss":0,"event_name":"Golden Idol","floor":11,"gold_loss":0,"cards_obtained":["Injury"]},{"damage_healed":0,"gold_gain":0,"player_choice":"Success","damage_taken":12,"relics_obtained":["Molten Egg 2"],"max_hp_gain":0,"max_hp_loss":0,"event_name":"Scrap Ooze","floor":12,"gold_loss":0}],"is_beta":false,"boss_relics":[],"items_purged_floors":[],"is_endless":false,"potions_floor_spawned":[1],"killed_by":"Slime Boss","ascension_level":0}