{"gold_per_floor":[10,21,21,21,38,63,63,63,86,103,115,145,161,179,179,280,280,294,217,217,119,130,130,165,65,65,84,84,103,103,115,115,215,215,231,106,116,116,130,130,145,145,145,179,192,205,205,205,205,205],"floor_reached":50,"playtime":4421,"items_purged":["Defend_R","Infernal Blade","Rampage"],"score":531,"play_id":"18d4cb89-0bab-45ca-b966-4273f7749c14","local_time":"20180728215928","is_ascension_mode":false,"campfire_choices":[{"floor":7,"key":"REST"},{"floor":15,"key":"REST"},{"data":"Cleave","floor":23,"key":"SMITH"},{"data":"Demon Form","floor":30,"key":"SMITH"},{"data":"Limit Break","floor":32,"key":"SMITH"},{"data":"Heavy Blade","floor":40,"key":"SMITH"},{"data":"J.A.X.","floor":42,"key":"SMITH"},{"data":"Pommel Strike","floor":47,"key":"SMITH"},{"floor":49,"key":"REST"}],"neow_cost":"NO_GOLD","seed_source_timestamp":88056430503937,"circlet_count":0,"master_deck":["Strike_R","Strike_R+1","Strike_R","Strike_R","Strike_R","Defend_R+1","Defend_R+1","Defend_R","Bash","Demon Form+1","Flex+1","Shrug It Off","Twin Strike","Headbutt","Cleave+1","Heavy Blade+1","Double Tap","J.A.X.+1","Twin Strike","Perfected Strike+1","Limit Break+1","Infernal Blade+1","Shrug It Off+1","Pommel Strike+1"],"relics":["Burning Blood","Dodecahedron","War Paint","Shuriken","Pen Nib","Ancient Tea Set","Busted Crown","Ice Cream","Kunai","Bottled Tornado","Sozu","Gambling Chip","Du-Vu Doll"],"potions_floor_usage":[12,33,33,33,44],"damage_taken":[{"damage":6,"enemies":"Cultist","floor":1,"turns":3},{"damage":25,"enemies":"Jaw Worm","floor":2,"turns":4},{"damage":0,"enemies":"2 Louse","floor":5,"turns":3},{"damage":44,"enemies":"Lagavulin","floor":6,"turns":9},{"damage":5,"enemies":"Looter","floor":10,"turns":3},{"damage":4,"enemies":"Blue Slaver","floor":11,"turns":3},{"damage":22,"enemies":"Gremlin Nob","floor":12,"turns":4},{"damage":10,"enemies":"Exordium Thugs","floor":13,"turns":4},{"damage":5,"enemies":"Gremlin Gang","floor":14,"turns":3},{"damage":31,"enemies":"The Guardian","floor":16,"turns":7},{"damage":14,"enemies":"Spheric Guardian","floor":18,"turns":4},{"damage":10,"enemies":"Chosen","floor":22,"turns":3},{"damage":29,"enemies":"Slavers","floor":24,"turns":4},{"damage":12,"enemies":"3 Cultists","floor":27,"turns":4},{"damage":13,"enemies":"Cultist and Chosen","floor":29,"turns":3},{"damage":12,"enemies":"Snake Plant","floor":31,"turns":3},{"damage":8,"enemies":"Collector","floor":33,"turns":5},{"damage":0,"enemies":"3 Shapes","floor":35,"turns":3},{"damage":0,"enemies":"Flame Bruiser 1 Orb","floor":37,"turns":3},{"damage":11,"enemies":"3 Darklings","floor":39,"turns":3},{"damage":0,"enemies":"Flame Bruiser 2 Orb","floor":41,"turns":3},{"damage":29,"enemies":"2 Orb Walkers","floor":44,"turns":3},{"damage":3,"enemies":"Transient","floor":45,"turns":5},{"damage":19,"enemies":"Sphere and 2 Shapes","floor":46,"turns":3},{"damage":73,"enemies":"Awakened One","floor":50,"turns":5}],"seed_played":"5624947309560930003","potions_obtained":[{"floor":2,"key":"LiquidBronze"},{"floor":11,"key":"PowerPotion"},{"floor":13,"key":"LiquidBronze"},{"floor":14,"key":"Explosive Potion"},{"floor":27,"key":"Regen Potion"},{"floor":29,"key":"SkillPotion"},{"floor":31,"key":"AttackPotion"},{"floor":33,"key":"PowerPotion"}],"is_trial":false,"path_per_floor":["M","M","?","?","M","E","R","T","T","M","M","E","M","M","R","B",null,"M","?","?","$","M","R","E","$","T","M","?","M","R","M","R","B",null,"M","$","M","$","M","R","M","R","T","E","M","M","R","?","R"],"character_chosen":"IRONCLAD","items_purchased":["Twin Strike"],"campfire_rested":3,"item_purchase_floors":[21],"current_hp_per_floor":[80,61,58,42,48,10,34,34,34,35,37,21,17,18,42,17,80,72,72,72,72,68,68,45,45,45,39,65,58,58,52,52,62,80,80,80,80,80,75,75,80,80,80,57,60,47,47,47,71,0],"gold":205,"neow_bonus":"THREE_RARE_CARDS","is_prod":false,"is_daily":false,"chose_seed":false,"campfire_upgraded":6,"win_rate":0,"timestamp":1532833168,"path_taken":["M","M","?","?","M","E","R","?","T","?","?","E","M","M","R","BOSS","M","?","?","$","M","R","E","$","T","M","?","M","R","M","R","BOSS","M","$","M","$","M","R","?","R","T","E","M","M","R","?","R","BOSS"],"build_version":"2018-07-26","purchased_purges":3,"victory":false,"max_hp_per_floor":[80,80,80,80,80,80,80,80,80,80,80,80,80,80,80,80,80,80,80,80,80,80,80,80,80,80,80,80,80,80,80,80,80,80,80,80,80,80,80,80,80,80,80,80,80,80,80,80,80,80],"card_choices":[{"not_picked":["Fiend Fire","Barricade"],"picked":"Demon Form","floor":0},{"not_picked":["Flex","Perfected Strike"],"picked":"Rampage","floor":1},{"not_picked":["Clash","Wild Strike"],"picked":"Flex","floor":2},{"not_picked":["Iron Wave","Bloodletting"],"picked":"Shrug It Off","floor":5},{"not_picked":["Feel No Pain","Pommel Strike"],"picked":"Twin Strike","floor":6},{"not_picked":["Hemokinesis","Armaments"],"picked":"Headbutt","floor":10},{"not_picked":["Clash","Searing Blow"],"picked":"Cleave","floor":11},{"not_picked":["Warcry","Headbutt"],"picked":"Metallicize","floor":12},{"not_picked":["Metallicize","Shrug It Off"],"picked":"Heavy Blade","floor":13},{"not_picked":["Corruption","Feel No Pain"],"picked":"Infernal Blade","floor":14},{"not_picked":["Juggernaut","Impervious"],"picked":"Double Tap","floor":16},{"not_picked":["Headbutt"],"picked":"SKIP","floor":18},{"not_picked":[],"picked":"Perfected Strike+1","floor":22},{"not_picked":["Warcry+1"],"picked":"SKIP","floor":24},{"not_picked":["Armaments"],"picked":"SKIP","floor":27},{"not_picked":["Flame Barrier"],"picked":"SKIP","floor":29},{"not_picked":[],"picked":"Limit Break","floor":31},{"not_picked":[],"picked":"Infernal Blade+1","floor":35},{"not_picked":[],"picked":"Shrug It Off+1","floor":37},{"not_picked":["True Grit+1"],"picked":"SKIP","floor":39},{"not_picked":["Hemokinesis"],"picked":"SKIP","floor":41},{"not_picked":[],"picked":"Pommel Strike","floor":44},{"not_picked":["Heavy Blade+1"],"picked":"SKIP","floor":45},{"not_picked":["Twin Strike"],"picked":"SKIP","floor":46}],"player_experience":80554,"relics_obtained":[{"floor":6,"key":"War Paint"},{"floor":8,"key":"Shuriken"},{"floor":9,"key":"Pen Nib"},{"floor":12,"key":"Ancient Tea Set"},{"floor":24,"key":"Kunai"},{"floor":26,"key":"Bottled Tornado"},{"floor":43,"key":"Gambling Chip"},{"floor":44,"key":"Du-Vu Doll"}],"event_choices":[{"event_name":"Scrap Ooze","player_choice":"success","floor":3,"damage_taken":3},{"event_name":"Shining Light","player_choice":"Entered Light","floor":4,"damage_taken":0},{"event_name":"Drug Dealer","player_choice":"Got JAXXED","floor":19,"damage_taken":0},{"event_name":"WeMeetAgain","player_choice":"Card","floor":20,"damage_taken":0},{"event_name":"The Library","player_choice":"Heal","floor":28,"damage_taken":0},{"event_name":"Mysterious Sphere","player_choice":"Ignore","floor":48,"damage_taken":0}],"is_beta":false,"boss_relics":[{"not_picked":["Mark of Pain","Cursed Key"],"picked":"Busted Crown"},{"not_picked":["Calling Bell","Coffee Dripper"],"picked":"Sozu"}],"items_purged_floors":[21,25,36],"is_endless":false,"potions_floor_spawned":[2,11,13,14,27,29,31,33,39,41],"killed_by":"Awakened One","ascension_level":0}