{"gold_per_floor":[113,130,206,220,173,207,207,207,207,222,242,222,23,54,54,54],"floor_reached":16,"playtime":1370,"items_purged":[],"score":110,"play_id":"647c2e04-b138-476a-916a-f26e601ab795","local_time":"20180720222934","is_ascension_mode":false,"campfire_choices":[{"floor":8,"key":"REST"},{"floor":15,"key":"REST"}],"neow_cost":"","seed_source_timestamp":171291985474422,"circlet_count":0,"master_deck":["Defend_G","Defend_G","Defend_G","Defend_G","Defend_G","Strike_G","Strike_G","Strike_G","Strike_G","Strike_G","Survivor","Neutralize","Dagger Spray","Dagger Throw","Accuracy","Quick Slash","Deflect","Neutralize","Skewer","Caltrops","Dagger Spray"],"relics":["Ring of the Snake","Darkstone Periapt","Ornamental Fan","Smiling Mask","ClockworkSouvenir","Nunchaku"],"potions_floor_usage":[16,16,16],"damage_taken":[{"damage":5,"enemies":"Cultist","floor":1,"turns":7},{"damage":4,"enemies":"Jaw Worm","floor":2,"turns":5},{"damage":0,"enemies":"2 Louse","floor":4,"turns":2},{"damage":45,"enemies":"Lagavulin","floor":6,"turns":9},{"damage":5,"enemies":"Exordium Thugs","floor":10,"turns":5},{"damage":1,"enemies":"Blue Slaver","floor":11,"turns":3},{"damage":13,"enemies":"Gremlin Nob","floor":14,"turns":4},{"damage":41,"enemies":"Slime Boss","floor":16,"turns":11}],"seed_played":"5720036535688370258","potions_obtained":[{"floor":2,"key":"EssenceOfSteel"},{"floor":6,"key":"Weak Potion"},{"floor":11,"key":"Energy Potion"}],"is_trial":false,"path_per_floor":["M","M","T","M","$","E","?","R","T","M","M","?","$","E","R"],"character_chosen":"THE_SILENT","items_purchased":["Quick Slash","ClockworkSouvenir"],"campfire_rested":2,"item_purchase_floors":[5,13],"current_hp_per_floor":[65,61,61,61,61,16,16,37,37,32,31,31,31,18,39,0],"gold":54,"neow_bonus":"","is_prod":false,"is_daily":false,"chose_seed":false,"campfire_upgraded":0,"win_rate":0,"timestamp":1532143774,"path_taken":["M","M","?","M","?","E","?","R","T","?","M","?","?","E","R","BOSS"],"build_version":"2018-07-19v2","purchased_purges":0,"victory":false,"max_hp_per_floor":[70,70,70,70,70,70,70,70,70,70,70,70,70,70,70,70],"card_choices":[{"not_picked":["Underhanded Strike","Slice"],"picked":"Dagger Spray","floor":1},{"not_picked":["Underhanded Strike","All Out Attack"],"picked":"Dagger Throw","floor":2},{"not_picked":["After Image","Caltrops"],"picked":"Accuracy","floor":4},{"not_picked":["Poisoned Stab","Tactician"],"picked":"Deflect","floor":6},{"not_picked":["Reflex","Sucker Punch"],"picked":"Skewer","floor":10},{"not_picked":["Deflect","Eviscerate"],"picked":"Caltrops","floor":11},{"not_picked":["PiercingWail","Acrobatics"],"picked":"Dagger Spray","floor":14}],"player_experience":62569,"relics_obtained":[{"floor":3,"key":"Darkstone Periapt"},{"floor":6,"key":"Ornamental Fan"},{"floor":9,"key":"Smiling Mask"},{"floor":14,"key":"Nunchaku"}],"event_choices":[{"event_name":"Match and Keep!","player_choice":"1 cards matched","floor":7,"damage_taken":0},{"event_name":"World of Goop","player_choice":"Left","floor":12,"damage_taken":0}],"is_beta":false,"boss_relics":[],"items_purged_floors":[],"is_endless":false,"potions_floor_spawned":[2,6,11],"killed_by":"Slime Boss","ascension_level":0}