{"gold_per_floor":[117,137,137,153,170,170,170,190,190,215,140,165,165,65,65,166,166,178,198,209,35,55,55,55,55,55,66,79,79,79,110,110,210,210,210,210,210,67,81,81,81,101,175,175,100,100,116,116,116,116],"floor_reached":51,"playtime":5032,"items_purged":["Strike_G","Strike_G","Defend_G"],"score":738,"play_id":"e5603fd6-7c5d-4b0e-abc5-842a16ec9da5","local_time":"20190311001128","is_ascension_mode":true,"campfire_choices":[{"data":"Blur","floor":6.0,"key":"SMITH"},{"floor":13.0,"key":"REST"},{"floor":15.0,"key":"REST"},{"floor":23.0,"key":"REST"},{"data":"Venomology","floor":25.0,"key":"SMITH"},{"floor":29.0,"key":"REST"},{"floor":32.0,"key":"REST"},{"data":"Envenom","floor":41.0,"key":"SMITH"},{"data":"Terror","floor":49.0,"key":"SMITH"}],"neow_cost":"NONE","seed_source_timestamp":543139445992596,"circlet_count":0,"master_deck":["Defend_G","Defend_G","Defend_G","Defend_G","Survivor","Neutralize+1","Blur+1","Escape Plan+1","Deadly Poison","Venomology+1","A Thousand Cuts","Blur+1","Deadly Poison","Backflip","Acrobatics","Footwork","Envenom+1","Apotheosis+1","Secret Technique+1","Terror+1","Footwork"],"special_seed":0,"relics":["Astrolabe","CultistMask","Singing Bowl","Odd Mushroom","Potion Belt","White Beast Statue","Pear","Dead Branch","Empty Cage","War Paint","Kunai"],"potions_floor_usage":[50,50,50],"damage_taken":[{"damage":2.0,"enemies":"Cultist","floor":1.0,"turns":5.0},{"damage":0.0,"enemies":"Small Slimes","floor":2.0,"turns":4.0},{"damage":7.0,"enemies":"2 Louse","floor":4.0,"turns":3.0},{"damage":0.0,"enemies":"Blue Slaver","floor":5.0,"turns":6.0},{"damage":0.0,"enemies":"Gremlin Gang","floor":8.0,"turns":6.0},{"damage":8.0,"enemies":"The Mushroom Lair","floor":10.0,"turns":5.0},{"damage":26.0,"enemies":"Gremlin Nob","floor":12.0,"turns":6.0},{"damage":18.0,"enemies":"The Guardian","floor":16.0,"turns":14.0},{"damage":10.0,"enemies":"Shell Parasite","floor":18.0,"turns":8.0},{"damage":8.0,"enemies":"Chosen","floor":19.0,"turns":9.0},{"damage":36.0,"enemies":"Sentry and Sphere","floor":20.0,"turns":11.0},{"damage":0.0,"enemies":"Snecko","floor":22.0,"turns":6.0},{"damage":14.0,"enemies":"Snake Plant","floor":27.0,"turns":5.0},{"damage":1.0,"enemies":"Shelled Parasite and Fungi","floor":28.0,"turns":7.0},{"damage":19.0,"enemies":"Gremlin Leader","floor":31.0,"turns":10.0},{"damage":61.0,"enemies":"Automaton","floor":33.0,"turns":13.0},{"damage":0.0,"enemies":"3 Darklings","floor":35.0,"turns":1.0},{"damage":21.0,"enemies":"Orb Walker","floor":39.0,"turns":9.0},{"damage":45.0,"enemies":"3 Darklings","floor":42.0,"turns":8.0},{"damage":0.0,"enemies":"Maw","floor":47.0,"turns":12.0},{"damage":45,"enemies":"Time Eater","floor":50,"turns":22}],"seed_played":"-2344135362492478022","potions_obtained":[{"floor":2.0,"key":"Block Potion"},{"floor":5.0,"key":"GamblersBrew"},{"floor":10.0,"key":"Dexterity Potion"},{"floor":18.0,"key":"PowerPotion"},{"floor":19.0,"key":"SmokeBomb"},{"floor":20.0,"key":"SkillPotion"},{"floor":22.0,"key":"GhostInAJar"},{"floor":27.0,"key":"Weak Potion"},{"floor":28.0,"key":"Block Potion"},{"floor":31.0,"key":"Block Potion"},{"floor":33.0,"key":"SteroidPotion"},{"floor":39.0,"key":"AttackPotion"},{"floor":42.0,"key":"Block Potion"},{"floor":47.0,"key":"Strength Potion"}],"is_trial":false,"path_per_floor":["M","M","?","M","M","R","?","M","T","?","$","E","R","$","R","B",null,"M","M","M","$","M","R","$","R","T","M","M","R","?","E","R","B",null,"M","?","?","$","M","?","R","M","T","?","$","?","M","?","R","B",null],"character_chosen":"THE_SILENT","items_purchased":["Deadly Poison","War Paint","Footwork"],"campfire_rested":5,"item_purchase_floors":[21,38,45],"current_hp_per_floor":[68,68,68,61,61,61,47,47,47,41,41,15,36,36,57,39,72,64,56,22,22,24,47,47,47,57,43,42,68,68,49,75,14,88,88,88,80,80,61,61,61,16,16,80,80,80,82,78,78,33],"gold":116,"neow_bonus":"BOSS_RELIC","is_prod":false,"is_daily":false,"chose_seed":false,"campfire_upgraded":4,"win_rate":0,"timestamp":1552281088,"path_taken":["M","M","?","?","M","R","?","M","T","?","$","E","R","?","R","BOSS","M","M","M","$","?","R","$","R","T","M","M","R","?","E","R","BOSS","M","?","?","$","?","?","R","M","T","?","$","?","M","?","R","BOSS"],"build_version":"2019-01-23","purchased_purges":3,"victory":true,"max_hp_per_floor":[70,70,70,70,70,70,70,70,70,72,72,72,72,72,72,72,72,74,74,76,76,78,78,78,78,88,88,88,88,88,88,88,88,88,88,88,90,90,92,92,92,92,92,80,80,80,82,78,78,78],"card_choices":[{"not_picked":["Blade Dance","PiercingWail"],"picked":"Blur","floor":1.0},{"not_picked":["Leg Sweep","Distraction","Tactician"],"picked":"SKIP","floor":2.0},{"not_picked":["Prepared","Finisher"],"picked":"Escape Plan","floor":4.0},{"not_picked":["Well Laid Plans","Dagger Spray"],"picked":"Deadly Poison","floor":5.0},{"not_picked":["Poisoned Stab","Terror","Slice"],"picked":"SKIP","floor":8.0},{"not_picked":["Quick Slash","Dagger Spray","Endless Agony"],"picked":"Singing Bowl","floor":10.0},{"not_picked":["Deadly Poison","PiercingWail"],"picked":"Venomology","floor":12.0},{"not_picked":["Bullet Time","Night Terror"],"picked":"A Thousand Cuts","floor":16.0},{"not_picked":["Sucker Punch+1","Outmaneuver","Acrobatics"],"picked":"Singing Bowl","floor":18.0},{"not_picked":["Backflip","Poisoned Stab"],"picked":"Blur+1","floor":19.0},{"not_picked":["Bane+1","Acrobatics","Prepared"],"picked":"Singing Bowl","floor":20.0},{"not_picked":["Quick Slash+1","Predator+1","PiercingWail"],"picked":"Singing Bowl","floor":22.0},{"not_picked":["Underhanded Strike","Bullet Time"],"picked":"Backflip","floor":27.0},{"not_picked":["PiercingWail","Outmaneuver"],"picked":"Acrobatics","floor":28.0},{"not_picked":["PiercingWail","Infinite Blades"],"picked":"Footwork","floor":31.0},{"not_picked":["Grand Finale","Bullet Time"],"picked":"Envenom","floor":33.0},{"not_picked":["Enlightenment","Dramatic Entrance","Panacea"],"picked":"Singing Bowl","floor":37.0},{"not_picked":["Panache","Flash of Steel"],"picked":"Apotheosis","floor":37.0},{"not_picked":["Flash of Steel","Impatience"],"picked":"Secret Technique","floor":37.0},{"not_picked":["Cloak And Dagger+1","Flechettes","Sucker Punch+1"],"picked":"Singing Bowl","floor":39.0},{"not_picked":["Finisher+1","Dagger Throw"],"picked":"Terror","floor":42.0},{"not_picked":["Dash","Cloak And Dagger+1","Leg Sweep+1"],"picked":"Singing Bowl","floor":47.0}],"player_experience":264595,"relics_obtained":[{"floor":9.0,"key":"Singing Bowl"},{"floor":10.0,"key":"Odd Mushroom"},{"floor":12.0,"key":"Potion Belt"},{"floor":26.0,"key":"Pear"},{"floor":31.0,"key":"Dead Branch"},{"floor":43.0,"key":"Kunai"}],"event_choices":[{"damage_healed":0.0,"max_hp_gain":0.0,"max_hp_loss":0.0,"gold_gain":0.0,"event_name":"FaceTrader","player_choice":"Trade","floor":3.0,"gold_loss":0.0,"damage_taken":0.0,"relics_obtained":["CultistMask"]},{"damage_healed":0.0,"max_hp_gain":0.0,"max_hp_loss":0.0,"gold_gain":0.0,"event_name":"Shining Light","player_choice":"Entered Light","floor":7.0,"gold_loss":0.0,"damage_taken":14.0,"cards_upgraded":["Escape Plan","Neutralize"]},{"damage_healed":0.0,"max_hp_gain":0.0,"max_hp_loss":0.0,"gold_gain":0.0,"event_name":"Mushrooms","player_choice":"Fought Mushrooms","floor":10.0,"gold_loss":0.0,"damage_taken":0.0},{"damage_healed":0.0,"max_hp_gain":0.0,"max_hp_loss":0.0,"gold_gain":0.0,"event_name":"Mysterious Sphere","player_choice":"Ignored","floor":36.0,"gold_loss":0.0,"damage_taken":0.0},{"damage_healed":0.0,"max_hp_gain":0.0,"max_hp_loss":0.0,"gold_gain":0.0,"event_name":"SensoryStone","player_choice":"Memory 3","floor":37.0,"gold_loss":0.0,"damage_taken":10.0},{"cards_removed":["Leg Sweep"],"damage_healed":0.0,"max_hp_gain":0.0,"max_hp_loss":0.0,"gold_gain":0.0,"event_name":"Falling","player_choice":"Removed Skill","floor":40.0,"gold_loss":0.0,"damage_taken":0.0},{"damage_healed":80.0,"max_hp_gain":0.0,"max_hp_loss":12.0,"gold_gain":0.0,"event_name":"The Moai Head","player_choice":"Heal","floor":44.0,"gold_loss":0.0,"damage_taken":0.0},{"damage_healed":0.0,"max_hp_gain":0.0,"max_hp_loss":0.0,"gold_gain":0.0,"event_name":"Tomb of Lord Red Mask","player_choice":"Ignored","floor":46.0,"gold_loss":0.0,"damage_taken":0.0},{"damage_healed":0.0,"max_hp_gain":0.0,"max_hp_loss":4.0,"gold_gain":0.0,"event_name":"Winding Halls","player_choice":"Max HP","floor":48.0,"gold_loss":0.0,"damage_taken":0.0}],"is_beta":false,"boss_relics":[{"not_picked":["Runic Dome","Snecko Eye"],"picked":"White Beast Statue"},{"not_picked":["Tiny House","Black Star"],"picked":"Empty Cage"}],"items_purged_floors":[11,14,21],"is_endless":false,"potions_floor_spawned":[2,5,10,18,19,20,22,27,28,31,33,35,39,42,47],"ascension_level":4}