{"gold_per_floor":[114,114,127,141,56,56,72,107,130,130],"floor_reached":10,"playtime":287,"items_purged":[],"score":122,"play_id":"dd470f8e-a9d6-47e1-b118-68b50e4b58a1","local_time":"20190310141424","is_ascension_mode":true,"campfire_choices":[{"data":"Searing Blow","floor":6,"key":"SMITH"}],"neow_cost":"PERCENT_DAMAGE","seed_source_timestamp":245282692800600,"circlet_count":0,"master_deck":["AscendersBane","Strike_R","Strike_R","Strike_R","Strike_R","Defend_R","Defend_R","Defend_R","Defend_R+1","Bash","PanicButton+1","Flash of Steel","Searing Blow+1","Body Slam","Evolve","Infernal Blade","Iron Wave","Armaments"],"relics":["Burning Blood","War Paint","Ancient Tea Set"],"potions_floor_usage":[],"damage_taken":[{"damage":0,"enemies":"Jaw Worm","floor":1,"turns":3},{"damage":1,"enemies":"Cultist","floor":3,"turns":3},{"damage":10,"enemies":"2 Louse","floor":4,"turns":3},{"damage":13,"enemies":"Red Slaver","floor":7,"turns":5},{"damage":42,"enemies":"Lagavulin","floor":8,"turns":5},{"damage":16,"enemies":"Lots of Slimes","floor":10,"turns":2}],"seed_played":"3052035059427023723","potions_obtained":[{"floor":7,"key":"Fire Potion"},{"floor":8,"key":"Swift Potion"}],"is_trial":false,"path_per_floor":["M","?","M","M","$","R","M","E","T","M"],"character_chosen":"IRONCLAD","items_purchased":["Infernal Blade"],"campfire_rested":0,"item_purchase_floors":[5],"current_hp_per_floor":[56,56,61,57,57,57,50,14,14,0],"gold":130,"neow_bonus":"RANDOM_COLORLESS_2","is_prod":false,"is_daily":false,"chose_seed":false,"campfire_upgraded":1,"win_rate":0,"timestamp":1552241664,"path_taken":["M","?","M","?","$","R","M","E","T","M"],"build_version":"2019-02-06","purchased_purges":0,"victory":false,"max_hp_per_floor":[75,75,75,75,75,75,75,75,75,75],"card_choices":[{"not_picked":["Rampage","Power Through"],"picked":"Searing Blow","floor":1},{"not_picked":["Inflame","Heavy Blade"],"picked":"Body Slam","floor":3},{"not_picked":["Battle Trance","Sword Boomerang"],"picked":"Evolve","floor":4},{"not_picked":["Thunderclap","Headbutt"],"picked":"Iron Wave","floor":7},{"not_picked":["Wild Strike","Intimidate"],"picked":"Armaments","floor":8}],"player_experience":632674,"relics_obtained":[{"floor":8,"key":"War Paint"},{"floor":9,"key":"Ancient Tea Set"}],"event_choices":[{"cards_removed":["Strike_R"],"damage_healed":0,"gold_gain":0,"player_choice":"Offered Basic","damage_taken":0,"max_hp_gain":0,"max_hp_loss":0,"event_name":"Bonfire Elementals","floor":2,"gold_loss":0}],"is_beta":true,"boss_relics":[],"items_purged_floors":[],"is_endless":false,"potions_floor_spawned":[7,8],"killed_by":"Lots of Slimes","ascension_level":16}