{"gold_per_floor":[14,33,33,33,52,52,52,52,52,84,102,113,113,131,131,232,232,232,232,232,232,232,232,232,232,232,232,232,232,232,232,232,232],"floor_reached":33,"playtime":1336,"items_purged":[],"score":452,"play_id":"3e621138-dcff-4b36-9722-b6e3ed46d135","local_time":"20190225200558","is_ascension_mode":true,"campfire_choices":[{"data":"Metamorphosis","floor":6,"key":"SMITH"},{"floor":8,"key":"REST"},{"floor":13,"key":"REST"},{"data":"Leg Sweep","floor":15,"key":"SMITH"},{"floor":23,"key":"REST"},{"floor":25,"key":"REST"},{"floor":28,"key":"REST"},{"floor":32,"key":"REST"}],"neow_cost":"NO_GOLD","seed_source_timestamp":70208628683100,"circlet_count":0,"master_deck":["AscendersBane","Defend_G","Defend_G","Defend_G","Defend_G","Defend_G","Survivor","Neutralize","Secret Technique","Metamorphosis+1","Poisoned Stab","Bouncing Flask","Leg Sweep+1","Choke","Outmaneuver","Well Laid Plans","Burst+1","Bane+1","Cloak And Dagger","Finisher","Bite","Bite","Bite","Bite","Bite","Footwork"],"relics":["Ring of the Snake","Ancient Tea Set","Nunchaku","Pantograph","Ectoplasm","Shovel","Mercury Hourglass"],"potions_floor_usage":[21,30,33,33],"damage_taken":[{"damage":0,"enemies":"Cultist","floor":1,"turns":3},{"damage":11,"enemies":"2 Louse","floor":2,"turns":3},{"damage":1,"enemies":"Jaw Worm","floor":5,"turns":3},{"damage":10,"enemies":"Lagavulin","floor":10,"turns":5},{"damage":13,"enemies":"Large Slime","floor":11,"turns":4},{"damage":11,"enemies":"Red Slaver","floor":12,"turns":4},{"damage":3,"enemies":"Blue Slaver","floor":14,"turns":3},{"damage":12,"enemies":"The Guardian","floor":16,"turns":8},{"damage":2,"enemies":"Chosen","floor":18,"turns":4},{"damage":16,"enemies":"Spheric Guardian","floor":21,"turns":4},{"damage":16,"enemies":"Centurion and Healer","floor":22,"turns":5},{"damage":13,"enemies":"Snake Plant","floor":24,"turns":5},{"damage":45,"enemies":"3 Cultists","floor":27,"turns":6},{"damage":30,"enemies":"Book of Stabbing","floor":30,"turns":4},{"damage":53,"enemies":"Automaton","floor":33,"turns":6}],"seed_played":"6531217337623721150","potions_obtained":[{"floor":2,"key":"Swift Potion"},{"floor":10,"key":"Explosive Potion"},{"floor":12,"key":"EssenceOfSteel"},{"floor":21,"key":"LiquidBronze"},{"floor":30,"key":"PowerPotion"}],"is_trial":false,"path_per_floor":["M","M","?","?","M","R","?","R","T","E","M","M","R","M","R","B",null,"M","?","?","M","M","R","M","R","T","M","R","?","E","?","R","B"],"character_chosen":"THE_SILENT","items_purchased":[],"campfire_rested":6,"item_purchase_floors":[],"current_hp_per_floor":[63,52,52,52,51,51,44,65,65,55,42,31,52,49,49,58,67,65,65,65,49,33,54,41,62,62,17,38,38,14,14,28,0],"gold":232,"neow_bonus":"RANDOM_COLORLESS_2","is_prod":false,"is_daily":false,"chose_seed":false,"campfire_upgraded":2,"win_rate":0,"timestamp":1551143158,"path_taken":["M","M","?","?","?","R","?","R","T","E","M","M","R","M","R","BOSS","M","?","?","M","?","R","M","R","T","M","R","?","E","?","R","BOSS"],"build_version":"2019-02-06","purchased_purges":0,"victory":false,"max_hp_per_floor":[70,70,70,70,70,70,70,70,70,70,70,70,70,70,70,70,70,70,70,70,70,70,70,70,70,70,70,70,49,49,49,49,49],"card_choices":[{"not_picked":["Flying Knee","Slice"],"picked":"Poisoned Stab","floor":1},{"not_picked":["Dagger Throw","Underhanded Strike"],"picked":"Bouncing Flask","floor":2},{"not_picked":["Cloak And Dagger","Poisoned Stab"],"picked":"Leg Sweep","floor":5},{"not_picked":["Flying Knee","Finisher"],"picked":"Choke","floor":10},{"not_picked":["Bane","Skewer"],"picked":"Outmaneuver","floor":11},{"not_picked":["Dagger Spray","Bane"],"picked":"Well Laid Plans","floor":12},{"not_picked":["Underhanded Strike","A Thousand Cuts","Prepared"],"picked":"SKIP","floor":14},{"not_picked":["Adrenaline","Storm of Steel"],"picked":"Burst","floor":16},{"not_picked":["Finisher","Deflect"],"picked":"Bane+1","floor":18},{"not_picked":["Prepared","Flying Knee"],"picked":"Cloak And Dagger","floor":21},{"not_picked":["Slice","Cloak And Dagger"],"picked":"Finisher","floor":22},{"not_picked":["Acrobatics","Slice","Eviscerate"],"picked":"SKIP","floor":24},{"not_picked":["Dagger Throw","Finisher","Blade Dance+1"],"picked":"SKIP","floor":27},{"not_picked":["Infinite Blades","PiercingWail+1"],"picked":"Footwork","floor":30}],"player_experience":608881,"relics_obtained":[{"floor":9,"key":"Nunchaku"},{"floor":10,"key":"Pantograph"},{"floor":26,"key":"Shovel"},{"floor":30,"key":"Mercury Hourglass"}],"event_choices":[{"damage_healed":0,"gold_gain":0,"player_choice":"Box","damage_taken":0,"relics_obtained":["Ancient Tea Set"],"max_hp_gain":0,"max_hp_loss":0,"event_name":"Big Fish","floor":3,"gold_loss":0,"cards_obtained":["Regret"]},{"cards_removed":["Regret"],"damage_healed":0,"gold_gain":0,"player_choice":"Purged","damage_taken":0,"max_hp_gain":0,"max_hp_loss":0,"event_name":"Purifier","floor":4,"gold_loss":0},{"cards_removed":["Strike_G"],"damage_healed":0,"gold_gain":0,"player_choice":"Card Removal","damage_taken":7,"max_hp_gain":0,"max_hp_loss":0,"event_name":"Golden Wing","floor":7,"gold_loss":0},{"damage_healed":0,"gold_gain":0,"player_choice":"Ignored","damage_taken":0,"max_hp_gain":0,"max_hp_loss":0,"event_name":"Ghosts","floor":19,"gold_loss":0},{"damage_healed":0,"gold_gain":0,"player_choice":"Upgraded","damage_taken":0,"max_hp_gain":0,"max_hp_loss":0,"event_name":"Upgrade Shrine","floor":20,"gold_loss":0,"cards_upgraded":["Burst"]},{"damage_healed":0,"gold_gain":0,"player_choice":"Became a vampire","damage_taken":0,"max_hp_gain":0,"max_hp_loss":21,"event_name":"Vampires","floor":29,"gold_loss":0,"cards_obtained":["Bite","Bite","Bite","Bite","Bite"]},{"damage_healed":0,"gold_gain":0,"player_choice":"Ignored","damage_taken":0,"max_hp_gain":0,"max_hp_loss":0,"event_name":"N\u0027loth","floor":31,"gold_loss":0}],"is_beta":true,"boss_relics":[{"not_picked":["Calling Bell","Fusion Hammer"],"picked":"Ectoplasm"}],"items_purged_floors":[],"is_endless":false,"potions_floor_spawned":[2,10,12,21,30],"killed_by":"Automaton","ascension_level":12}