{"gold_per_floor":[115,115,128,128,128,468,492,417,417,440,440,464,464,495,495,620,620,640,337,332,332,332,332],"floor_reached":23,"playtime":2585,"items_purged":["Strike_R","Strike_R"],"score":258,"play_id":"eeb02127-87e0-449e-a2fc-c5f396aba74b","local_time":"20190304011000","is_ascension_mode":true,"campfire_choices":[{"floor":11,"key":"REST"},{"data":"Spot Weakness","floor":13,"key":"SMITH"},{"floor":15,"key":"REST"}],"neow_cost":"PERCENT_DAMAGE","seed_source_timestamp":96979638663614,"circlet_count":0,"master_deck":["Strike_R","Strike_R","Defend_R","Defend_R","Defend_R","Defend_R","Bash","Limit Break+1","Headbutt","Spot Weakness+1","Pommel Strike","Heavy Blade","Armaments","Double Tap","Feed","Dropkick"],"relics":["Burning Blood","Bloody Idol","Old Coin","Turnip","Ornamental Fan","Sozu","Sling"],"potions_floor_usage":[10,12,16],"damage_taken":[{"damage":8,"enemies":"Small Slimes","floor":1,"turns":5},{"damage":8,"enemies":"2 Louse","floor":3,"turns":3},{"damage":50,"enemies":"Gremlin Nob","floor":6,"turns":5},{"damage":0,"enemies":"Cultist","floor":7,"turns":3},{"damage":0,"enemies":"Large Slime","floor":10,"turns":4},{"damage":6,"enemies":"Blue Slaver","floor":12,"turns":4},{"damage":25,"enemies":"Lagavulin","floor":14,"turns":5},{"damage":46,"enemies":"Slime Boss","floor":16,"turns":9},{"damage":37,"enemies":"Chosen","floor":18,"turns":5},{"damage":35,"enemies":"2 Thieves","floor":20,"turns":4},{"damage":23,"enemies":"Book of Stabbing","floor":23,"turns":3}],"seed_played":"-7786708801981896025","potions_obtained":[{"floor":1,"key":"Explosive Potion"},{"floor":10,"key":"Weak Potion"},{"floor":12,"key":"Dexterity Potion"}],"is_trial":false,"path_per_floor":["M","?","M","?","?","E","M","$","T","M","R","M","R","E","R","B",null,"M","$","M","?","?","E"],"character_chosen":"IRONCLAD","items_purchased":["Sling"],"campfire_rested":2,"item_purchase_floors":[19],"current_hp_per_floor":[54,54,52,57,57,13,19,19,19,25,48,48,48,29,52,12,79,48,48,19,19,19,0],"gold":332,"neow_bonus":"THREE_RARE_CARDS","is_prod":false,"is_daily":false,"chose_seed":false,"campfire_upgraded":1,"win_rate":0,"timestamp":1551683400,"path_taken":["M","?","M","?","?","E","M","$","T","M","R","M","R","E","R","BOSS","M","$","M","?","?","E"],"build_version":"2019-01-23","purchased_purges":2,"victory":false,"max_hp_per_floor":[80,74,74,79,79,79,79,79,79,79,79,79,79,79,79,79,79,79,79,79,79,79,79],"card_choices":[{"not_picked":["Juggernaut","Offering"],"picked":"Limit Break","floor":0},{"not_picked":["Reckless Charge","Clash"],"picked":"Headbutt","floor":1},{"not_picked":["Shrug It Off","Reckless Charge"],"picked":"Spot Weakness","floor":3},{"not_picked":["Spot Weakness","Cleave"],"picked":"Pommel Strike","floor":6},{"not_picked":["Uppercut","Havoc"],"picked":"Heavy Blade","floor":7},{"not_picked":["Ghostly Armor","Pommel Strike"],"picked":"Armaments","floor":10},{"not_picked":["Battle Trance","Feel No Pain","Seeing Red"],"picked":"SKIP","floor":12},{"not_picked":["Pommel Strike","Dual Wield"],"picked":"Double Tap","floor":14},{"not_picked":["Brutality","Double Tap"],"picked":"Feed","floor":16},{"not_picked":["Clash","Rage"],"picked":"Dropkick","floor":18},{"not_picked":["Thunderclap","Second Wind+1","Havoc+1"],"picked":"SKIP","floor":20}],"player_experience":182672,"relics_obtained":[{"floor":6,"key":"Old Coin"},{"floor":9,"key":"Turnip"},{"floor":14,"key":"Ornamental Fan"}],"event_choices":[{"damage_healed":0,"gold_gain":0,"player_choice":"Lose Max HP","damage_taken":0,"relics_obtained":["Golden Idol"],"max_hp_gain":0,"max_hp_loss":6,"event_name":"Golden Idol","floor":2,"gold_loss":0},{"damage_healed":0,"gold_gain":0,"player_choice":"Donut","damage_taken":0,"max_hp_gain":5,"max_hp_loss":0,"event_name":"Big Fish","floor":4,"gold_loss":0},{"damage_healed":0,"gold_gain":0,"player_choice":"Forge","damage_taken":0,"max_hp_gain":0,"max_hp_loss":0,"event_name":"Accursed Blacksmith","floor":5,"gold_loss":0,"cards_upgraded":["Limit Break"]},{"cards_removed":["Strike_R"],"damage_healed":0,"gold_gain":0,"player_choice":"Elegance","damage_taken":0,"max_hp_gain":0,"max_hp_loss":0,"event_name":"Back to Basics","floor":21,"gold_loss":0},{"damage_healed":0,"gold_gain":0,"player_choice":"Gave Idol","damage_taken":0,"relics_obtained":["Bloody Idol"],"max_hp_gain":0,"max_hp_loss":0,"event_name":"Forgotten Altar","floor":22,"relics_lost":["Golden Idol"],"gold_loss":0}],"is_beta":false,"boss_relics":[{"not_picked":["Black Star","Coffee Dripper"],"picked":"Sozu"}],"items_purged_floors":[8,19],"is_endless":false,"potions_floor_spawned":[1,10,12],"killed_by":"Book of Stabbing","ascension_level":3}