{"gold_per_floor":[119,65,81,81,98,98,124,124,175,191,191,209,84,101,101,199,199,218,218,235,135,152,152,186,186,211,211,236,254,0,0,0,0],"floor_reached":33,"playtime":2391,"items_purged":["Strike_B","Strike_B"],"score":328,"play_id":"c6edfe4e-ce0e-4a48-97da-eb3dcc13ab80","local_time":"20190308192406","is_ascension_mode":true,"campfire_choices":[{"data":"Redo","floor":6.0,"key":"SMITH"},{"floor":15.0,"key":"REST"},{"floor":23.0,"key":"REST"},{"floor":25.0,"key":"REST"},{"floor":32.0,"key":"REST"}],"neow_cost":"NONE","seed_source_timestamp":359479217162042,"circlet_count":0,"master_deck":["Strike_B","Strike_B","Defend_B","Defend_B","Defend_B","Defend_B","Zap","Dualcast","Buffer","Redo+1","Gash","Leap","Leap","Glacier","Buffer","Gash","Electrodynamics","Recycle+1","Conserve Battery","Barrage+1","Gash"],"special_seed":0,"relics":["Cracked Core","Lantern","Ornamental Fan","Bag of Marbles","Mercury Hourglass","Inserter","DataDisk","Nloth\u0027s Gift","Ancient Tea Set"],"potions_floor_usage":[33],"damage_taken":[{"damage":0.0,"enemies":"Jaw Worm","floor":1.0,"turns":3.0},{"damage":0.0,"enemies":"Small Slimes","floor":3.0,"turns":2.0},{"damage":1.0,"enemies":"Cultist","floor":5.0,"turns":3.0},{"damage":60.0,"enemies":"Gremlin Nob","floor":7.0,"turns":5.0},{"damage":0.0,"enemies":"Blue Slaver","floor":10.0,"turns":5.0},{"damage":0.0,"enemies":"Red Slaver","floor":12.0,"turns":4.0},{"damage":0.0,"enemies":"Looter","floor":14.0,"turns":3.0},{"damage":12.0,"enemies":"The Guardian","floor":16.0,"turns":14.0},{"damage":7.0,"enemies":"Chosen","floor":18.0,"turns":6.0},{"damage":20.0,"enemies":"3 Byrds","floor":20.0,"turns":5.0},{"damage":31.0,"enemies":"Sentry and Sphere","floor":22.0,"turns":6.0},{"damage":14.0,"enemies":"Gremlin Leader","floor":24.0,"turns":10.0},{"damage":9.0,"enemies":"Book of Stabbing","floor":28.0,"turns":6.0},{"damage":8.0,"enemies":"Snake Plant","floor":29.0,"turns":5.0},{"damage":64,"enemies":"Champ","floor":33,"turns":9}],"seed_played":"8064952311086166117","potions_obtained":[{"floor":1.0,"key":"Swift Potion"},{"floor":7.0,"key":"Strength Potion"},{"floor":10.0,"key":"AttackPotion"},{"floor":14.0,"key":"Explosive Potion"},{"floor":22.0,"key":"Weak Potion"},{"floor":29.0,"key":"FearPotion"}],"is_trial":false,"path_per_floor":["M","$","M","?","M","R","E","?","T","M","T","M","$","M","R","B",null,"M","?","M","$","M","R","E","R","T","?","E","M","?","?","R","B"],"character_chosen":"DEFECT","items_purchased":["Gash","Gash"],"campfire_rested":4,"item_purchase_floors":[2,13],"current_hp_per_floor":[75,75,75,68,67,67,7,7,7,7,7,7,7,7,29,17,75,68,68,48,48,17,39,25,47,47,47,38,30,30,30,52,0],"gold":0,"neow_bonus":"ONE_RANDOM_RARE_CARD","is_prod":false,"is_daily":false,"chose_seed":false,"campfire_upgraded":1,"win_rate":0,"timestamp":1552094646,"path_taken":["M","$","M","?","M","R","E","?","T","M","?","M","$","M","R","BOSS","M","?","M","$","M","R","E","R","T","?","E","?","?","?","R","BOSS"],"build_version":"2019-01-23","purchased_purges":2,"victory":false,"max_hp_per_floor":[75,75,75,75,75,75,75,75,75,75,75,75,75,75,75,75,75,75,75,75,75,75,75,75,75,75,75,75,75,75,75,75,75],"card_choices":[{"not_picked":["Chaos","Beam Cell"],"picked":"Redo","floor":1.0},{"not_picked":["Redo","Turbo"],"picked":"Leap","floor":3.0},{"not_picked":["Streamline","Hello World"],"picked":"Leap","floor":5.0},{"not_picked":["Barrage","Lockon"],"picked":"Glacier","floor":7.0},{"not_picked":["Turbo","Darkness","Redo"],"picked":"SKIP","floor":10.0},{"not_picked":["Chill","Ball Lightning"],"picked":"Buffer","floor":12.0},{"not_picked":["Beam Cell","Cold Snap","Turbo"],"picked":"SKIP","floor":14.0},{"not_picked":["Amplify","Core Surge"],"picked":"Electrodynamics","floor":16.0},{"not_picked":["Steam","Beam Cell+1"],"picked":"Recycle+1","floor":18.0},{"not_picked":["Steam+1","Heatsinks","Compile Driver"],"picked":"SKIP","floor":20.0},{"not_picked":["Hologram","Reprogram"],"picked":"Conserve Battery","floor":22.0},{"not_picked":["Genetic Algorithm","Force Field"],"picked":"Barrage+1","floor":24.0},{"not_picked":["Barrage","Cold Snap+1"],"picked":"Gash","floor":28.0},{"not_picked":["Rebound","Barrage+1","Stack"],"picked":"SKIP","floor":29.0}],"player_experience":233114,"relics_obtained":[{"floor":7.0,"key":"Ornamental Fan"},{"floor":9.0,"key":"Bag of Marbles"},{"floor":11.0,"key":"Mercury Hourglass"},{"floor":24.0,"key":"Symbiotic Virus"},{"floor":26.0,"key":"DataDisk"},{"floor":28.0,"key":"Ancient Tea Set"}],"event_choices":[{"damage_healed":0.0,"max_hp_gain":0.0,"max_hp_loss":0.0,"gold_gain":0.0,"event_name":"Scrap Ooze","player_choice":"Success","floor":4.0,"gold_loss":0.0,"damage_taken":7.0,"relics_obtained":["Lantern"]},{"damage_healed":0.0,"max_hp_gain":0.0,"max_hp_loss":0.0,"gold_gain":0.0,"event_name":"Golden Wing","player_choice":"Ignored","floor":8.0,"gold_loss":0.0,"damage_taken":0.0},{"damage_healed":0.0,"max_hp_gain":0.0,"max_hp_loss":0.0,"gold_gain":0.0,"event_name":"Vampires","player_choice":"Ignored","floor":19.0,"gold_loss":0.0,"damage_taken":0.0},{"damage_healed":0.0,"max_hp_gain":0.0,"max_hp_loss":0.0,"gold_gain":0.0,"event_name":"N\u0027loth","player_choice":"Traded Relic","floor":27.0,"relics_lost":["Symbiotic Virus"],"gold_loss":0.0,"damage_taken":0.0,"relics_obtained":["Nloth\u0027s Gift"]},{"damage_healed":0.0,"max_hp_gain":0.0,"max_hp_loss":0.0,"gold_gain":0.0,"event_name":"Masked Bandits","player_choice":"Paid Fearfully","floor":30.0,"gold_loss":254.0,"damage_taken":0.0}],"is_beta":false,"boss_relics":[{"not_picked":["Fusion Hammer","Lizard Tail"],"picked":"Inserter"}],"items_purged_floors":[13,21],"is_endless":false,"potions_floor_spawned":[1,7,10,14,22,29],"killed_by":"Champ","ascension_level":3}