{"gold_per_floor":[116,116,46,66,66,66,81,81,81,92,167,167,182,206,206,206],"floor_reached":16,"playtime":968,"items_purged":[],"score":95,"play_id":"f5715b89-5344-4357-a2a0-9886b5418fea","local_time":"20190210010939","is_ascension_mode":true,"campfire_choices":[{"data":"Madness","floor":6,"key":"SMITH"},{"data":"Well Laid Plans","floor":8,"key":"SMITH"},{"floor":15,"key":"REST"}],"neow_cost":"NONE","seed_source_timestamp":785243278897592,"circlet_count":0,"master_deck":["Defend_G","Defend_G","Defend_G","Defend_G","Defend_G","Strike_G","Strike_G","Strike_G+1","Strike_G+1","Survivor","Neutralize","Madness+1","PiercingWail","Escape Plan","Well Laid Plans+1","Dodge and Roll","Backflip","Blade Dance"],"relics":["Ring of the Snake","Question Card","Bottled Flame","Odd Mushroom"],"potions_floor_usage":[],"damage_taken":[{"damage":0,"enemies":"Small Slimes","floor":1,"turns":5},{"damage":0,"enemies":"Cultist","floor":4,"turns":3},{"damage":0,"enemies":"Jaw Worm","floor":7,"turns":3},{"damage":11,"enemies":"Large Slime","floor":10,"turns":9},{"damage":2,"enemies":"Blue Slaver","floor":13,"turns":5},{"damage":4,"enemies":"The Mushroom Lair","floor":14,"turns":6},{"damage":52,"enemies":"Hexaghost","floor":16,"turns":15}],"seed_played":"-3503210416216293279","potions_obtained":[{"floor":1,"key":"GhostInAJar"},{"floor":7,"key":"Dexterity Potion"},{"floor":14,"key":"EntropicBrew"}],"is_trial":false,"path_per_floor":["M","?","$","M","?","R","M","R","T","M","?","T","M","?","R","B"],"character_chosen":"THE_SILENT","items_purchased":["Escape Plan"],"campfire_rested":1,"item_purchase_floors":[3],"current_hp_per_floor":[70,56,56,56,56,56,56,56,56,45,34,34,32,28,49,0],"gold":206,"neow_bonus":"RANDOM_COLORLESS","is_prod":false,"is_daily":false,"chose_seed":false,"campfire_upgraded":2,"win_rate":0,"timestamp":1549778979,"path_taken":["M","?","$","M","?","R","M","R","T","?","?","?","M","?","R","BOSS"],"build_version":"2019-01-23","purchased_purges":0,"victory":false,"max_hp_per_floor":[70,70,70,70,70,70,70,70,70,70,70,70,70,70,70,70],"card_choices":[{"not_picked":["Underhanded Strike","Flechettes"],"picked":"PiercingWail","floor":1},{"not_picked":["Sucker Punch","Distraction","Finisher"],"picked":"SKIP","floor":4},{"not_picked":["Caltrops","Dodge and Roll"],"picked":"Well Laid Plans","floor":7},{"not_picked":["Tactician","Acrobatics","Concentrate"],"picked":"Dodge and Roll","floor":10},{"not_picked":["Outmaneuver","Dodge and Roll","Wraith Form v2"],"picked":"Backflip","floor":13},{"not_picked":["Flying Knee","Bane","Calculated Gamble"],"picked":"Blade Dance","floor":14}],"player_experience":1019915,"relics_obtained":[{"floor":9,"key":"Question Card"},{"floor":12,"key":"Bottled Flame"},{"floor":14,"key":"Odd Mushroom"}],"event_choices":[{"damage_healed":0,"gold_gain":0,"player_choice":"Entered Light","damage_taken":14,"max_hp_gain":0,"max_hp_loss":0,"event_name":"Shining Light","floor":2,"gold_loss":0,"cards_upgraded":["Strike_G","Strike_G"]},{"cards_removed":["Strike_G"],"damage_healed":0,"gold_gain":0,"player_choice":"Purged","damage_taken":0,"max_hp_gain":0,"max_hp_loss":0,"event_name":"Purifier","floor":5,"gold_loss":0},{"damage_healed":0,"gold_gain":75,"player_choice":"Gather Gold","damage_taken":11,"max_hp_gain":0,"max_hp_loss":0,"event_name":"World of Goop","floor":11,"gold_loss":0},{"damage_healed":0,"gold_gain":0,"player_choice":"Fought Mushrooms","damage_taken":0,"max_hp_gain":0,"max_hp_loss":0,"event_name":"Mushrooms","floor":14,"gold_loss":0}],"is_beta":false,"boss_relics":[],"items_purged_floors":[],"is_endless":false,"potions_floor_spawned":[1,7,14],"killed_by":"Hexaghost","ascension_level":1}