{"gold_per_floor":[111,127,147,160,160,192,192,222,222,240,265,265,283,294,294,391,391,407,423,423,273,286,286,299,279,279,289,289,289,28,28],"floor_reached":31,"playtime":1797,"items_purged":[],"score":276,"play_id":"d3165df2-5fe1-40d4-9ca5-f174e69511d9","local_time":"20190114115440","is_ascension_mode":true,"campfire_choices":[{"data":"Inflame","floor":7.0,"key":"SMITH"},{"data":"Armaments","floor":12.0,"key":"SMITH"},{"data":"Offering","floor":15.0,"key":"SMITH"},{"floor":23,"key":"REST"},{"floor":28,"key":"REST"},{"floor":29,"key":"REST"}],"neow_cost":"NONE","seed_source_timestamp":461444517894285,"circlet_count":0,"master_deck":["Strike_R","Strike_R","Strike_R+1","Strike_R","Defend_R","Defend_R","Defend_R","Defend_R","Bash","Wild Strike","Whirlwind+1","Second Wind","Inflame+1","Sentinel","Corruption+1","Armaments+1","Offering+1","Exhume","Shame","Decay","Regret","Second Wind+1","Havoc+1","Havoc+1","True Grit+1"],"special_seed":0,"relics":["Burning Blood","Frozen Egg 2","Whetstone","Bottled Lightning","Smiling Mask","Vajra","Calling Bell","Red Skull","Toxic Egg 2","WingedGreaves","Blood Vial","Question Card","Matryoshka"],"potions_floor_usage":[20,22,25,27],"damage_taken":[{"damage":2.0,"enemies":"Jaw Worm","floor":1.0,"turns":3.0},{"damage":0.0,"enemies":"Cultist","floor":2.0,"turns":2.0},{"damage":8.0,"enemies":"2 Louse","floor":3.0,"turns":3.0},{"damage":20.0,"enemies":"Exordium Thugs","floor":4.0,"turns":4.0},{"damage":26.0,"enemies":"Lagavulin","floor":6.0,"turns":6.0},{"damage":11.0,"enemies":"3 Sentries","floor":8.0,"turns":6.0},{"damage":6.0,"enemies":"Looter","floor":10.0,"turns":2.0},{"damage":2.0,"enemies":"Exordium Wildlife","floor":13.0,"turns":3.0},{"damage":12.0,"enemies":"Large Slime","floor":14.0,"turns":4.0},{"damage":34.0,"enemies":"Hexaghost","floor":16.0,"turns":10.0},{"damage":15.0,"enemies":"3 Byrds","floor":18.0,"turns":5.0},{"damage":41.0,"enemies":"Shell Parasite","floor":19.0,"turns":8.0},{"damage":0,"enemies":"Shelled Parasite and Fungi","floor":20,"turns":1},{"damage":29,"enemies":"Snecko","floor":22,"turns":6},{"damage":20,"enemies":"Snake Plant","floor":24,"turns":3},{"damage":32,"enemies":"Centurion and Healer","floor":27,"turns":5},{"damage":0,"enemies":"Snecko","floor":31,"turns":1}],"seed_played":"2406302358324394478","potions_obtained":[{"floor":2.0,"key":"SmokeBomb"},{"floor":3.0,"key":"Energy Potion"},{"floor":4.0,"key":"Energy Potion"},{"floor":8.0,"key":"FairyPotion"},{"floor":10.0,"key":"Energy Potion"},{"floor":16.0,"key":"Fire Potion"},{"floor":18.0,"key":"SneckoOil"},{"floor":19.0,"key":"SpeedPotion"},{"floor":24,"key":"PowerPotion"},{"floor":25,"key":"Fruit Juice"}],"is_trial":false,"path_per_floor":["M","M","M","M","?","E","R","E","T","M","T","R","M","M","R","B",null,"M","M","M","$","M","R","M","?","T","M","R","R","$","M"],"character_chosen":"IRONCLAD","items_purchased":["Blood Vial","Matryoshka"],"campfire_rested":3,"item_purchase_floors":[21,30],"current_hp_per_floor":[80,80,78,64,57,37,37,32,32,32,32,32,36,30,30,10,80,71,36,42,42,21,45,33,38,38,14,39,64,64,66],"gold":28,"neow_bonus":"TRANSFORM_CARD","is_prod":false,"is_daily":false,"chose_seed":false,"campfire_upgraded":3,"win_rate":0,"timestamp":1547488480,"path_taken":["M","M","M","M","?","E","R","E","T","M","?","R","?","?","R","BOSS","M","M","M","$","M","R","M","?","T","M","R","R","$","?"],"build_version":"2019-01-10","purchased_purges":0,"victory":false,"max_hp_per_floor":[80,80,80,80,80,80,80,80,80,80,80,80,80,80,80,80,80,80,80,80,80,80,80,80,85,85,85,85,85,85,85],"card_choices":[{"not_picked":["Clothesline","Anger"],"picked":"Whirlwind","floor":1.0},{"not_picked":["Spot Weakness","Entrench"],"picked":"Second Wind","floor":2.0},{"not_picked":["Rupture","Warcry","Anger"],"picked":"SKIP","floor":3.0},{"not_picked":["True Grit","Warcry"],"picked":"Inflame","floor":4.0},{"not_picked":["Blood for Blood","Reckless Charge"],"picked":"Sentinel","floor":6.0},{"not_picked":["Reckless Charge","Body Slam"],"picked":"Corruption+1","floor":8.0},{"not_picked":["Twin Strike","Body Slam"],"picked":"Armaments","floor":10.0},{"not_picked":["Armaments","Thunderclap","Seeing Red"],"picked":"SKIP","floor":13.0},{"not_picked":["Spot Weakness","True Grit"],"picked":"Offering","floor":14.0},{"not_picked":["Bludgeon","Impervious"],"picked":"Exhume","floor":16.0},{"not_picked":["Ghostly Armor+1","Dropkick"],"picked":"Second Wind+1","floor":18.0},{"not_picked":["Clothesline+1","Anger"],"picked":"Havoc+1","floor":19.0},{"not_picked":["Clash","Warcry+1","Corruption+1"],"picked":"SKIP","floor":22},{"not_picked":["Perfected Strike","Clash"],"picked":"Havoc+1","floor":24},{"not_picked":["Feed","Headbutt","Seeing Red+1"],"picked":"True Grit+1","floor":27}],"player_experience":194563,"relics_obtained":[{"floor":6.0,"key":"Whetstone"},{"floor":8.0,"key":"Bottled Lightning"},{"floor":9.0,"key":"Smiling Mask"},{"floor":11.0,"key":"Vajra"},{"floor":17.0,"key":"Red Skull"},{"floor":17.0,"key":"Toxic Egg 2"},{"floor":17.0,"key":"WingedGreaves"},{"floor":26,"key":"Question Card"}],"event_choices":[{"damage_healed":0.0,"max_hp_gain":0.0,"max_hp_loss":0.0,"gold_gain":0.0,"event_name":"Scrap Ooze","player_choice":"Success","floor":5.0,"gold_loss":0.0,"damage_taken":7.0,"relics_obtained":["Frozen Egg 2"]},{"damage_healed":0,"gold_gain":0,"player_choice":"Bought 1 Potion","damage_taken":0,"max_hp_gain":0,"max_hp_loss":0,"event_name":"The Woman in Blue","floor":25,"gold_loss":0}],"is_beta":false,"boss_relics":[{"not_picked":["White Beast Statue","Astrolabe"],"picked":"Calling Bell"}],"items_purged_floors":[],"is_endless":false,"potions_floor_spawned":[2,3,4,8,10,16,18,19,24],"killed_by":"Snecko","ascension_level":2}