{"gold_per_floor":[112,67,85,85,36,36,48,80,80,90,106,122,133,146,146,146],"floor_reached":16,"playtime":1813,"items_purged":[],"score":106,"play_id":"4b00778c-f347-4e2e-a798-118a9871d895","local_time":"20190304054232","is_ascension_mode":false,"campfire_choices":[{"data":"Slice","floor":6,"key":"SMITH"},{"floor":15,"key":"REST"}],"neow_cost":"NONE","seed_source_timestamp":128865705988680,"circlet_count":0,"master_deck":["Defend_G","Defend_G","Defend_G","Defend_G","Defend_G","Strike_G","Strike_G","Strike_G","Strike_G","Survivor","Neutralize","Slice+1","Quick Slash","Underhanded Strike","Dagger Throw","Prepared","Eviscerate","Choke","Blade Dance","Outmaneuver","Expertise","Riddle With Holes"],"relics":["Ring of the Snake","Regal Pillow","Kunai"],"potions_floor_usage":[14,16,16],"damage_taken":[{"damage":0,"enemies":"Jaw Worm","floor":1,"turns":3},{"damage":2,"enemies":"Cultist","floor":3,"turns":4},{"damage":2,"enemies":"2 Louse","floor":7,"turns":3},{"damage":19,"enemies":"3 Sentries","floor":8,"turns":7},{"damage":1,"enemies":"Red Slaver","floor":10,"turns":4},{"damage":12,"enemies":"Exordium Wildlife","floor":11,"turns":5},{"damage":14,"enemies":"Exordium Thugs","floor":12,"turns":6},{"damage":1,"enemies":"Red Slaver","floor":13,"turns":4},{"damage":17,"enemies":"Gremlin Gang","floor":14,"turns":7},{"damage":52,"enemies":"Slime Boss","floor":16,"turns":12}],"seed_played":"8470040249363753626","potions_obtained":[{"floor":3,"key":"Weak Potion"},{"floor":11,"key":"Ancient Potion"},{"floor":12,"key":"GhostInAJar"},{"floor":13,"key":"Explosive Potion"},{"floor":14,"key":"Weak Potion"}],"is_trial":false,"path_per_floor":["M","$","M","?","$","R","M","E","T","M","M","M","M","M","R","B"],"character_chosen":"THE_SILENT","items_purchased":["Quick Slash","Dagger Throw"],"campfire_rested":1,"item_purchase_floors":[2,5],"current_hp_per_floor":[77,77,75,75,75,75,73,54,54,53,41,27,26,9,47,0],"gold":146,"neow_bonus":"TEN_PERCENT_HP_BONUS","is_prod":false,"is_daily":false,"chose_seed":false,"campfire_upgraded":1,"win_rate":0.0,"timestamp":1551674552,"path_taken":["M","$","M","?","$","R","M","E","T","M","M","M","M","M","R","BOSS"],"build_version":"2019-01-23","purchased_purges":0,"victory":false,"max_hp_per_floor":[77,77,77,77,77,77,77,77,77,77,77,77,77,77,77,77],"card_choices":[{"not_picked":["Outmaneuver","Sucker Punch"],"picked":"Slice","floor":1},{"not_picked":["Dodge and Roll","Distraction"],"picked":"Underhanded Strike","floor":3},{"not_picked":["PiercingWail","Infinite Blades"],"picked":"Prepared","floor":7},{"not_picked":["Reflex","Deadly Poison"],"picked":"Eviscerate","floor":8},{"not_picked":["Sucker Punch","Prepared"],"picked":"Choke","floor":10},{"not_picked":["Riddle With Holes","Backflip"],"picked":"Blade Dance","floor":11},{"not_picked":["Prepared","Venomology"],"picked":"Outmaneuver","floor":12},{"not_picked":["Poisoned Stab","PiercingWail"],"picked":"Expertise","floor":13},{"not_picked":["Poisoned Stab","PiercingWail"],"picked":"Riddle With Holes","floor":14}],"player_experience":18277,"relics_obtained":[{"floor":8,"key":"Regal Pillow"},{"floor":9,"key":"Kunai"}],"event_choices":[{"cards_removed":["Strike_G"],"damage_healed":0,"gold_gain":0,"player_choice":"Purged","damage_taken":0,"max_hp_gain":0,"max_hp_loss":0,"event_name":"Purifier","floor":4,"gold_loss":0}],"is_beta":false,"boss_relics":[],"items_purged_floors":[],"is_endless":false,"potions_floor_spawned":[3,11,12,13,14],"killed_by":"Slime Boss","ascension_level":0}