{"gold_per_floor":[118,83,94,94,94,94,129,129,176,176,40,56,76,51,51,125,125,125,125,125,125,125,125,22,22,22,22,22,22,22,22,22,22],"floor_reached":33,"playtime":2027,"items_purged":[],"score":534,"play_id":"3c11c0cc-0ff1-4ac3-9434-c378672afa82","local_time":"20190220161727","is_ascension_mode":true,"campfire_choices":[{"floor":6.0,"key":"REST"},{"floor":8.0,"key":"REST"},{"data":"Zap","floor":10.0,"key":"SMITH"},{"data":"Sunder","floor":15.0,"key":"SMITH"},{"floor":25.0,"key":"REST"},{"floor":29,"key":"REST"},{"floor":32,"key":"REST"}],"neow_cost":"PERCENT_DAMAGE","seed_source_timestamp":5353242705510,"circlet_count":0,"master_deck":["AscendersBane","Strike_B","Strike_B","Strike_B","Defend_B","Defend_B","Defend_B","Defend_B","Zap+1","Dualcast+1","Gash","Cold Snap","Dark Shackles","Sunder+1","Glacier","Glacier","Ball Lightning","Electrodynamics","Conserve Battery","FTL","Machine Learning","Auto Shields+1","Creative AI","Cold Snap","Discovery","Compile Driver"],"special_seed":0,"relics":["Cracked Core","Turnip","Art of War","Ancient Tea Set","Ectoplasm","Girya","Matryoshka","Unceasing Top"],"potions_floor_usage":[27],"damage_taken":[{"damage":5.0,"enemies":"Small Slimes","floor":1.0,"turns":3.0},{"damage":12.0,"enemies":"Jaw Worm","floor":3.0,"turns":3.0},{"damage":35.0,"enemies":"3 Sentries","floor":7.0,"turns":9.0},{"damage":0.0,"enemies":"2 Louse","floor":12.0,"turns":2.0},{"damage":8.0,"enemies":"Blue Slaver","floor":13.0,"turns":4.0},{"damage":12.0,"enemies":"Hexaghost","floor":16.0,"turns":12.0},{"damage":6.0,"enemies":"Chosen","floor":18.0,"turns":5.0},{"damage":0.0,"enemies":"Spheric Guardian","floor":19.0,"turns":4.0},{"damage":9.0,"enemies":"Snecko","floor":21.0,"turns":7.0},{"damage":1.0,"enemies":"Sentry and Sphere","floor":22.0,"turns":7.0},{"damage":32.0,"enemies":"Slavers","floor":23.0,"turns":4.0},{"damage":17,"enemies":"Chosen and Byrds","floor":27,"turns":5},{"damage":18,"enemies":"Centurion and Healer","floor":28,"turns":5},{"damage":22,"enemies":"Snake Plant","floor":30,"turns":4},{"damage":0,"enemies":"Automaton","floor":33,"turns":1}],"seed_played":"1836199830466940201","potions_obtained":[{"floor":3.0,"key":"Block Potion"},{"floor":7.0,"key":"FocusPotion"},{"floor":12.0,"key":"Block Potion"},{"floor":18.0,"key":"SpeedPotion"},{"floor":21.0,"key":"Dexterity Potion"},{"floor":23.0,"key":"Strength Potion"},{"floor":27,"key":"Fruit Juice"}],"is_trial":false,"path_per_floor":["M","?","M","?","?","R","E","R","T","R","$","M","M","$","R","B",null,"M","M","?","M","M","E","$","R","T","M","M","R","M","?","R","B"],"character_chosen":"DEFECT","items_purchased":["Dark Shackles","Sunder","Ball Lightning","Discovery"],"campfire_rested":5,"item_purchase_floors":[11,11,14,24],"current_hp_per_floor":[41,58,46,46,46,67,32,53,53,53,53,53,45,45,45,33,62,56,56,56,47,46,14,14,35,35,23,5,27,5,5,27,27],"gold":22,"neow_bonus":"ONE_RARE_RELIC","is_prod":false,"is_daily":false,"chose_seed":false,"campfire_upgraded":2,"win_rate":0,"timestamp":1550701047,"path_taken":["M","?","M","?","?","R","E","R","T","R","$","M","M","?","R","BOSS","M","M","?","M","?","E","$","R","T","M","M","R","M","?","R","BOSS"],"build_version":"2019-01-23","purchased_purges":0,"victory":false,"max_hp_per_floor":[71,71,71,71,71,71,71,71,71,71,71,71,71,71,71,71,71,71,71,71,71,71,71,71,71,71,76,76,76,76,76,76,76],"card_choices":[{"not_picked":["Redo","Heatsinks"],"picked":"Gash","floor":1.0},{"not_picked":["Stack","Undo","Barrage"],"picked":"SKIP","floor":3.0},{"not_picked":["Undo","Multi-Cast"],"picked":"Cold Snap","floor":7.0},{"not_picked":["Stack","Redo"],"picked":"Glacier","floor":12.0},{"not_picked":["Skim","Steam Power"],"picked":"Glacier","floor":13.0},{"not_picked":["Meteor Strike","Thunder Strike"],"picked":"Electrodynamics","floor":16.0},{"not_picked":["Turbo","Barrage"],"picked":"Conserve Battery","floor":18.0},{"not_picked":["Hologram","Steam Power"],"picked":"FTL","floor":19.0},{"not_picked":["Sweeping Beam","Redo"],"picked":"Auto Shields+1","floor":21.0},{"not_picked":["Conserve Battery","Streamline"],"picked":"Creative AI","floor":22.0},{"not_picked":["Go for the Eyes","Gash"],"picked":"Cold Snap","floor":23.0},{"not_picked":["Genetic Algorithm","Auto Shields","Consume"],"picked":"SKIP","floor":27},{"not_picked":["Barrage","Fusion","Rebound"],"picked":"SKIP","floor":28},{"not_picked":["Tempest","Turbo"],"picked":"Compile Driver","floor":30}],"player_experience":300027,"relics_obtained":[{"floor":7.0,"key":"Art of War"},{"floor":9.0,"key":"Ancient Tea Set"},{"floor":23.0,"key":"Girya"},{"floor":26.0,"key":"Matryoshka"}],"event_choices":[{"damage_healed":17.0,"max_hp_gain":0.0,"max_hp_loss":0.0,"gold_gain":0.0,"event_name":"The Cleric","player_choice":"Healed","floor":2.0,"gold_loss":35.0,"damage_taken":0.0},{"damage_healed":0.0,"max_hp_gain":0.0,"max_hp_loss":0.0,"gold_gain":0.0,"event_name":"Living Wall","player_choice":"Grow","floor":4.0,"gold_loss":0.0,"damage_taken":0.0,"cards_upgraded":["Dualcast"]},{"damage_healed":0.0,"max_hp_gain":0.0,"max_hp_loss":0.0,"gold_gain":0.0,"event_name":"Liars Game","player_choice":"Ignored","floor":5.0,"gold_loss":0.0,"damage_taken":0.0},{"damage_healed":0.0,"max_hp_gain":0.0,"max_hp_loss":0.0,"gold_gain":0.0,"cards_transformed":["Strike_B"],"event_name":"Transmorgrifier","player_choice":"Transformed","floor":20.0,"gold_loss":0.0,"damage_taken":0.0,"cards_obtained":["Machine Learning"]},{"damage_healed":0,"gold_gain":0,"player_choice":"Gave Potion","damage_taken":0,"relics_obtained":["Unceasing Top"],"max_hp_gain":0,"max_hp_loss":0,"event_name":"WeMeetAgain","floor":31,"gold_loss":0}],"is_beta":false,"boss_relics":[{"not_picked":["Empty Cage","Tiny House"],"picked":"Ectoplasm"}],"items_purged_floors":[],"is_endless":false,"potions_floor_spawned":[3,7,12,18,21,23,27],"killed_by":"Automaton","ascension_level":20}