{"gold_per_floor":[113,38,38,38,38,38,59,59,59,80,80,80,43,58,58,182,182,175,175,209,234,13,13,13,138,162,177,52,66,66,90,90,210,210,233,233,38,51,27,27,40,40,40,55,55,68,134,134,134,134],"floor_reached":50,"playtime":5824,"items_purged":["Strike_G","Strike_G","Slice","Defend_G+1"],"score":478,"play_id":"247aab0d-588a-47d3-b7bb-923993f9dbeb","local_time":"20190305020900","is_ascension_mode":false,"campfire_choices":[{"data":"Blind","floor":6,"key":"SMITH"},{"data":"Neutralize","floor":8,"key":"SMITH"},{"data":"Survivor","floor":12,"key":"SMITH"},{"data":"Bane","floor":15,"key":"SMITH"},{"floor":23,"key":"REST"},{"floor":30,"key":"REST"},{"floor":32,"key":"REST"},{"data":"After Image","floor":40,"key":"SMITH"},{"data":"Blur","floor":42,"key":"SMITH"},{"floor":49,"key":"REST"}],"neow_cost":"NONE","seed_source_timestamp":24558465735798,"circlet_count":0,"master_deck":["Defend_G","Defend_G","Defend_G","Defend_G","Survivor+1","Neutralize+1","Blind+1","Outmaneuver","Acrobatics","Bane+1","Caltrops","Deadly Poison","Phantasmal Killer","Bane+1","Well Laid Plans","Slice+1","Sucker Punch","Bite","Bite","Bite","Bite","Bite","PiercingWail","Poisoned Stab","Blur+1","After Image+1","Outmaneuver+1","Deadly Poison","Backflip","Acrobatics+1","Bane","Terror+1","Backflip+1","Jack Of All Trades"],"relics":["Ring of the Serpent","Golden Idol","Tough Bandages","FaceOfCleric","Red Mask","Incense Burner","Darkstone Periapt","Anchor","Busted Crown","Pantograph","Girya"],"potions_floor_usage":[16,16,16,20,21,33,33,47,50,50],"damage_taken":[{"damage":0,"enemies":"Jaw Worm","floor":1,"turns":7},{"damage":0,"enemies":"Small Slimes","floor":7,"turns":5},{"damage":0,"enemies":"Cultist","floor":10,"turns":5},{"damage":0,"enemies":"Large Slime","floor":14,"turns":7},{"damage":40,"enemies":"Slime Boss","floor":16,"turns":17},{"damage":4,"enemies":"2 Thieves","floor":18,"turns":4},{"damage":38,"enemies":"Masked Bandits","floor":20,"turns":6},{"damage":8,"enemies":"Shell Parasite","floor":21,"turns":4},{"damage":8,"enemies":"Colosseum Slavers","floor":25,"turns":5},{"damage":28,"enemies":"Colosseum Nobs","floor":25,"turns":7},{"damage":30,"enemies":"3 Cultists","floor":27,"turns":7},{"damage":16,"enemies":"Snake Plant","floor":29,"turns":5},{"damage":12,"enemies":"Centurion and Healer","floor":31,"turns":6},{"damage":34,"enemies":"Automaton","floor":33,"turns":14},{"damage":27,"enemies":"3 Darklings","floor":35,"turns":7},{"damage":14,"enemies":"3 Shapes","floor":38,"turns":7},{"damage":0,"enemies":"Sphere and 2 Shapes","floor":41,"turns":9},{"damage":5,"enemies":"Writhing Mass","floor":44,"turns":6},{"damage":16,"enemies":"Maw","floor":46,"turns":9},{"damage":14,"enemies":"2 Orb Walkers","floor":47,"turns":5},{"damage":80,"enemies":"Time Eater","floor":50,"turns":14}],"seed_played":"-5364993821208727751","potions_obtained":[{"floor":1,"key":"AttackPotion"},{"floor":7,"key":"Explosive Potion"},{"floor":14,"key":"Energy Potion"},{"floor":18,"key":"Energy Potion"},{"floor":20,"key":"Ancient Potion"},{"floor":27,"key":"Energy Potion"},{"floor":31,"key":"Block Potion"},{"floor":38,"key":"FearPotion"},{"floor":44,"key":"Fire Potion"},{"floor":46,"key":"Weak Potion"}],"is_trial":false,"path_per_floor":["M","$","?","?","?","R","M","R","T","M","?","R","$","M","R","B",null,"M","?","?","M","$","R","?","?","T","M","$","M","R","M","R","B",null,"M","?","$","M","$","R","M","R","T","M","?","M","?","?","R","B"],"character_chosen":"THE_SILENT","items_purchased":["Caltrops","Slice","Deflect","Sucker Punch","Backflip","Bane"],"campfire_rested":4,"item_purchase_floors":[13,22,22,22,37,39],"current_hp_per_floor":[70,70,63,63,50,50,50,50,50,50,50,50,50,51,51,12,67,64,64,27,20,20,41,41,27,27,14,14,5,20,21,37,28,55,41,41,41,32,32,32,41,41,41,45,45,44,41,41,59,0],"gold":134,"neow_bonus":"RANDOM_COLORLESS","is_prod":false,"is_daily":false,"chose_seed":false,"campfire_upgraded":6,"win_rate":0.0,"timestamp":1551748140,"path_taken":["M","$","?","?","?","R","M","R","T","M","?","R","$","?","R","BOSS","M","?","?","M","$","R","?","?","T","M","$","M","R","M","R","BOSS","M","?","?","M","$","R","M","R","T","M","?","?","?","?","R","BOSS"],"build_version":"2019-01-23","purchased_purges":4,"victory":false,"max_hp_per_floor":[70,70,70,65,65,65,65,65,65,65,65,65,65,66,66,67,67,68,68,69,70,70,70,49,51,51,52,52,53,53,54,54,55,55,56,56,56,57,57,57,58,58,58,59,59,60,61,61,61,61],"card_choices":[{"not_picked":["Slice","Distraction"],"picked":"Outmaneuver","floor":1},{"not_picked":["Sucker Punch","Choke"],"picked":"Acrobatics","floor":7},{"not_picked":["Quick Slash","Skewer"],"picked":"Bane","floor":10},{"not_picked":["Heel Hook","Slice"],"picked":"Deadly Poison","floor":14},{"not_picked":["Venomology","Malaise"],"picked":"Phantasmal Killer","floor":16},{"not_picked":["Deflect","Leg Sweep"],"picked":"Bane+1","floor":18},{"not_picked":["Bane","Flechettes"],"picked":"Well Laid Plans","floor":20},{"not_picked":["Blade Dance","Acrobatics"],"picked":"Slice+1","floor":21},{"not_picked":["Underhanded Strike","Deflect"],"picked":"PiercingWail","floor":25},{"not_picked":["PiercingWail+1","Distraction+1"],"picked":"Poisoned Stab","floor":27},{"not_picked":["Dodge and Roll+1","Infinite Blades"],"picked":"Blur","floor":29},{"not_picked":["Dagger Throw","Prepared+1","Phantasmal Killer"],"picked":"SKIP","floor":31},{"not_picked":["Glass Knife","Die Die Die"],"picked":"After Image","floor":33},{"not_picked":[],"picked":"Outmaneuver+1","floor":35},{"not_picked":[],"picked":"Acrobatics+1","floor":38},{"not_picked":["Slice"],"picked":"SKIP","floor":41},{"not_picked":["Flying Knee"],"picked":"SKIP","floor":44},{"not_picked":[],"picked":"Terror+1","floor":46},{"not_picked":[],"picked":"Backflip+1","floor":47},{"not_picked":[],"picked":"Jack Of All Trades","floor":48}],"player_experience":30292,"relics_obtained":[{"floor":9,"key":"Tough Bandages"},{"floor":20,"key":"Red Mask"},{"floor":25,"key":"Incense Burner"},{"floor":25,"key":"Darkstone Periapt"},{"floor":26,"key":"Anchor"},{"floor":43,"key":"Pantograph"},{"floor":47,"key":"Girya"}],"event_choices":[{"cards_removed":["Strike_G"],"damage_healed":0,"gold_gain":0,"player_choice":"Card Removal","damage_taken":7,"max_hp_gain":0,"max_hp_loss":0,"event_name":"Golden Wing","floor":3,"gold_loss":0},{"damage_healed":0,"gold_gain":0,"player_choice":"Lose Max HP","damage_taken":0,"relics_obtained":["Golden Idol"],"max_hp_gain":0,"max_hp_loss":5,"event_name":"Golden Idol","floor":4,"gold_loss":0},{"damage_healed":0,"gold_gain":0,"player_choice":"Entered Light","damage_taken":13,"max_hp_gain":0,"max_hp_loss":0,"event_name":"Shining Light","floor":5,"gold_loss":0,"cards_upgraded":["Defend_G","Strike_G"]},{"damage_healed":0,"gold_gain":0,"player_choice":"Trade","damage_taken":0,"relics_obtained":["FaceOfCleric"],"max_hp_gain":0,"max_hp_loss":0,"event_name":"FaceTrader","floor":11,"gold_loss":0},{"damage_healed":0,"gold_gain":0,"player_choice":"Ignored","damage_taken":0,"max_hp_gain":0,"max_hp_loss":0,"event_name":"Ghosts","floor":19,"gold_loss":0},{"damage_healed":0,"gold_gain":0,"player_choice":"Fought Bandits","damage_taken":0,"max_hp_gain":0,"max_hp_loss":0,"event_name":"Masked Bandits","floor":20,"gold_loss":0},{"damage_healed":0,"gold_gain":0,"player_choice":"Became a vampire","damage_taken":0,"max_hp_gain":0,"max_hp_loss":21,"event_name":"Vampires","floor":24,"gold_loss":0,"cards_obtained":["Bite","Bite","Bite","Bite","Bite"]},{"damage_healed":0,"gold_gain":0,"player_choice":"Fight","damage_taken":0,"max_hp_gain":0,"max_hp_loss":0,"event_name":"Colosseum","floor":25,"gold_loss":0},{"damage_healed":0,"gold_gain":0,"player_choice":"Fought Nobs","damage_taken":0,"max_hp_gain":0,"max_hp_loss":0,"event_name":"Colosseum","floor":25,"gold_loss":0},{"damage_healed":0,"gold_gain":0,"cards_transformed":["Deflect"],"player_choice":"Transformed","damage_taken":0,"max_hp_gain":0,"max_hp_loss":0,"event_name":"Transmorgrifier","floor":36,"gold_loss":0,"cards_obtained":["Deadly Poison"]},{"damage_healed":0,"gold_gain":0,"player_choice":"Ignored","damage_taken":0,"max_hp_gain":0,"max_hp_loss":0,"event_name":"SecretPortal","floor":45,"gold_loss":0},{"damage_healed":0,"gold_gain":0,"player_choice":"Fight","damage_taken":0,"max_hp_gain":0,"max_hp_loss":0,"event_name":"Mysterious Sphere","floor":47,"gold_loss":0},{"damage_healed":0,"gold_gain":0,"player_choice":"Memory 1","damage_taken":0,"max_hp_gain":0,"max_hp_loss":0,"event_name":"SensoryStone","floor":48,"gold_loss":0}],"is_beta":false,"boss_relics":[{"not_picked":["Orrery","Lizard Tail"],"picked":"Ring of the Serpent"},{"not_picked":["WristBlade","Calling Bell"],"picked":"Busted Crown"}],"items_purged_floors":[2,22,28,37],"is_endless":false,"potions_floor_spawned":[1,7,14,18,20,27,31,38,44,46],"killed_by":"Time Eater","ascension_level":0}