{"gold_per_floor":[110,127,144,144,60,60,92,92,92,111,131,131,150,83,83,83],"floor_reached":16,"playtime":351,"items_purged":[],"score":204,"play_id":"de3e2e60-4f72-4055-a537-abf2dadc6bba","local_time":"20190130173554","is_ascension_mode":true,"campfire_choices":[{"data":"Chaos","floor":6.0,"key":"SMITH"},{"floor":12,"key":"REST"},{"floor":15,"key":"REST"}],"neow_cost":"NONE","seed_source_timestamp":12242943359973,"circlet_count":0,"master_deck":["AscendersBane","Strike_B","Strike_B","Strike_B","Strike_B","Defend_B","Defend_B","Defend_B","Defend_B","Zap","Dualcast","Chaos+1","Compile Driver","Consume","Rainbow","Coolheaded","Go for the Eyes"],"special_seed":0,"relics":["Cracked Core","NeowsBlessing","Letter Opener","Matryoshka"],"potions_floor_usage":[11,13,16],"damage_taken":[{"damage":0.0,"enemies":"Cultist","floor":1.0,"turns":1.0},{"damage":0.0,"enemies":"2 Louse","floor":2.0,"turns":1.0},{"damage":0.0,"enemies":"Jaw Worm","floor":3.0,"turns":1.0},{"damage":31,"enemies":"3 Sentries","floor":7,"turns":7},{"damage":13,"enemies":"Large Slime","floor":10,"turns":4},{"damage":14,"enemies":"3 Louse","floor":11,"turns":2},{"damage":12,"enemies":"Exordium Wildlife","floor":13,"turns":4},{"damage":42,"enemies":"Slime Boss","floor":16,"turns":5}],"seed_played":"5396641218953188386","potions_obtained":[{"floor":1.0,"key":"Ancient Potion"},{"floor":7,"key":"Energy Potion"},{"floor":11,"key":"Weak Potion"}],"is_trial":false,"path_per_floor":["M","M","M","?","$","R","E","?","T","M","M","R","M","?","R","B"],"character_chosen":"DEFECT","items_purchased":["Rainbow"],"campfire_rested":2,"item_purchase_floors":[5],"current_hp_per_floor":[64,64,64,64,64,64,33,33,33,20,6,27,15,15,36,0],"gold":83,"neow_bonus":"THREE_ENEMY_KILL","is_prod":false,"is_daily":false,"chose_seed":false,"campfire_upgraded":1,"win_rate":0,"timestamp":1548891354,"path_taken":["M","M","?","?","$","R","E","?","T","?","M","R","M","?","R","BOSS"],"build_version":"2019-01-23","purchased_purges":0,"victory":false,"max_hp_per_floor":[71,71,71,71,71,71,71,71,71,71,71,71,71,71,71,71],"card_choices":[{"not_picked":["Redo","Sweeping Beam"],"picked":"Chaos","floor":1.0},{"not_picked":["Scrape","Beam Cell"],"picked":"Compile Driver","floor":2.0},{"not_picked":["Stack","Redo"],"picked":"Consume","floor":3.0},{"not_picked":["Rebound","Rip and Tear"],"picked":"Coolheaded","floor":7},{"not_picked":["Sweeping Beam","Conserve Battery","Compile Driver"],"picked":"SKIP","floor":10},{"not_picked":["Conserve Battery","Self Repair"],"picked":"Go for the Eyes","floor":11},{"not_picked":["Tempest","Force Field","Beam Cell"],"picked":"SKIP","floor":13}],"player_experience":264252,"relics_obtained":[{"floor":7,"key":"Letter Opener"},{"floor":9,"key":"Matryoshka"}],"event_choices":[{"damage_healed":0.0,"max_hp_gain":0.0,"max_hp_loss":0.0,"gold_gain":0.0,"event_name":"Golden Wing","player_choice":"Ignored","floor":4.0,"gold_loss":0.0,"damage_taken":0.0},{"damage_healed":0,"gold_gain":0,"player_choice":"Ignored","damage_taken":0,"max_hp_gain":0,"max_hp_loss":0,"event_name":"Golden Idol","floor":8,"gold_loss":0},{"damage_healed":0,"gold_gain":0,"player_choice":"Left Gold","damage_taken":0,"max_hp_gain":0,"max_hp_loss":0,"event_name":"World of Goop","floor":14,"gold_loss":67}],"is_beta":false,"boss_relics":[],"items_purged_floors":[],"is_endless":false,"potions_floor_spawned":[1,7,11],"killed_by":"Slime Boss","ascension_level":20}