{"gold_per_floor":[114,129,143,143,318,318,135,135,161,173,200,243,69,88,88,191,191,201,212,281,246,265,265,278,328,328,328],"floor_reached":27,"playtime":2737,"items_purged":["Doubt","Strike_G"],"score":240,"play_id":"5dcb2f54-7cb9-4cb9-90e7-a11af6673dbd","local_time":"20190304233835","is_ascension_mode":false,"campfire_choices":[{"data":"Bane","floor":6,"key":"SMITH"},{"data":"Footwork","floor":8,"key":"SMITH"},{"data":"Tools of the Trade","floor":15,"key":"SMITH"},{"floor":23,"key":"REST"}],"neow_cost":"NONE","seed_source_timestamp":18614452521270,"circlet_count":0,"master_deck":["Defend_G","Defend_G","Defend_G","Defend_G","Defend_G","Strike_G","Strike_G+1","Strike_G","Strike_G+1","Survivor","Neutralize+1","Acrobatics","Bane+1","Blur","Footwork+1","Escape Plan","Escape Plan","Well Laid Plans","Deflect","Tools of the Trade+1","Envenom","Parasite","Bane+1","Poisoned Stab+1","All Out Attack","Caltrops","Quick Slash+1","Decay"],"relics":["Ring of the Snake","MawBank","SsserpentHead","Omamori","Calling Bell","Ancient Tea Set","Letter Opener","Mango","Darkstone Periapt","Bag of Marbles"],"potions_floor_usage":[12,16,24,24],"damage_taken":[{"damage":0,"enemies":"Cultist","floor":1,"turns":6},{"damage":0,"enemies":"Small Slimes","floor":2,"turns":5},{"damage":0,"enemies":"2 Louse","floor":3,"turns":4},{"damage":13,"enemies":"Lots of Slimes","floor":11,"turns":10},{"damage":8,"enemies":"Lagavulin","floor":12,"turns":8},{"damage":0,"enemies":"3 Louse","floor":14,"turns":5},{"damage":11,"enemies":"Hexaghost","floor":16,"turns":17},{"damage":16,"enemies":"Chosen","floor":18,"turns":9},{"damage":10,"enemies":"Shell Parasite","floor":19,"turns":7},{"damage":11,"enemies":"Snecko","floor":20,"turns":6},{"damage":40,"enemies":"3 Cultists","floor":22,"turns":6},{"damage":21,"enemies":"Centurion and Healer","floor":24,"turns":6},{"damage":18,"enemies":"Snake Plant","floor":27,"turns":2}],"seed_played":"5285055534763719569","potions_obtained":[{"floor":1,"key":"LiquidBronze"},{"floor":3,"key":"GamblersBrew"},{"floor":11,"key":"AttackPotion"},{"floor":18,"key":"Weak Potion"},{"floor":22,"key":"Fire Potion"}],"is_trial":false,"path_per_floor":["M","M","M","?","?","R","$","R","T","?","M","E","$","M","R","B",null,"M","M","M","?","M","R","M","?","T","M"],"character_chosen":"THE_SILENT","items_purchased":["Blur","Footwork","Well Laid Plans","Deflect"],"campfire_rested":1,"item_purchase_floors":[7,7,13,13],"current_hp_per_floor":[70,70,70,56,56,56,56,56,56,56,43,35,35,35,35,24,84,68,58,47,47,7,32,11,17,17,0],"gold":328,"neow_bonus":"UPGRADE_CARD","is_prod":false,"is_daily":false,"chose_seed":false,"campfire_upgraded":3,"win_rate":0.0,"timestamp":1551739115,"path_taken":["M","?","M","?","?","R","$","R","T","?","M","E","$","M","R","BOSS","M","M","?","?","M","R","M","?","T","M"],"build_version":"2019-01-23","purchased_purges":2,"victory":false,"max_hp_per_floor":[70,70,70,70,70,70,70,70,70,70,70,70,70,70,70,70,84,84,84,84,84,84,84,84,90,90,90],"card_choices":[{"not_picked":["Choke","Flying Knee"],"picked":"Acrobatics","floor":1},{"not_picked":["Masterful Stab","Slice","Expertise"],"picked":"SKIP","floor":2},{"not_picked":["PiercingWail","Acrobatics"],"picked":"Bane","floor":3},{"not_picked":["PiercingWail","Slice"],"picked":"Escape Plan","floor":11},{"not_picked":["Endless Agony","Slice"],"picked":"Escape Plan","floor":12},{"not_picked":["Acrobatics","Distraction"],"picked":"Tools of the Trade","floor":14},{"not_picked":["Night Terror","Bullet Time"],"picked":"Envenom","floor":16},{"not_picked":["Riddle With Holes","Dash"],"picked":"Bane+1","floor":18},{"not_picked":["Eviscerate","Caltrops"],"picked":"Poisoned Stab+1","floor":19},{"not_picked":["Dodge and Roll+1","Escape Plan"],"picked":"All Out Attack","floor":20},{"not_picked":["Slice","Flying Knee"],"picked":"Caltrops","floor":22},{"not_picked":["Acrobatics","Tactician"],"picked":"Quick Slash+1","floor":24}],"player_experience":24409,"relics_obtained":[{"floor":9,"key":"MawBank"},{"floor":12,"key":"Omamori"},{"floor":17,"key":"Ancient Tea Set"},{"floor":17,"key":"Letter Opener"},{"floor":17,"key":"Mango"},{"floor":26,"key":"Bag of Marbles"}],"event_choices":[{"damage_healed":0,"gold_gain":0,"player_choice":"Entered Light","damage_taken":14,"max_hp_gain":0,"max_hp_loss":0,"event_name":"Shining Light","floor":4,"gold_loss":0,"cards_upgraded":["Strike_G","Strike_G"]},{"damage_healed":0,"gold_gain":175,"player_choice":"AGREE","damage_taken":0,"max_hp_gain":0,"max_hp_loss":0,"event_name":"Liars Game","floor":5,"gold_loss":0,"cards_obtained":["Doubt"]},{"damage_healed":0,"gold_gain":0,"player_choice":"Trade","damage_taken":0,"relics_obtained":["SsserpentHead"],"max_hp_gain":0,"max_hp_loss":0,"event_name":"FaceTrader","floor":10,"gold_loss":0},{"damage_healed":0,"gold_gain":0,"player_choice":"Obtained Relic","damage_taken":0,"relics_obtained":["Darkstone Periapt"],"max_hp_gain":0,"max_hp_loss":0,"event_name":"Addict","floor":21,"gold_loss":85},{"damage_healed":0,"gold_gain":0,"player_choice":"Smashed Altar","damage_taken":0,"max_hp_gain":0,"max_hp_loss":0,"event_name":"Forgotten Altar","floor":25,"gold_loss":0,"cards_obtained":["Decay"]}],"is_beta":false,"boss_relics":[{"not_picked":["Tiny House","Black Star"],"picked":"Calling Bell"}],"items_purged_floors":[7,13],"is_endless":false,"potions_floor_spawned":[1,3,11,18,22],"killed_by":"Snake Plant","ascension_level":0}