{"gold_per_floor":[119,18,30,46,66,93,112,112,166,182,214,287,317,343,343,422,472,489,489,469,469,469],"floor_reached":22,"playtime":900,"items_purged":[],"score":371,"play_id":"d5830d20-81dc-466e-aab7-70fb8691aafe","local_time":"20190227154624","is_ascension_mode":true,"campfire_choices":[{"data":"Armaments","floor":8,"key":"SMITH"},{"floor":15,"key":"REST"}],"neow_cost":"NONE","seed_source_timestamp":631612331050159,"circlet_count":0,"master_deck":["AscendersBane","Strike_R+1","Strike_R","Strike_R","Strike_R","Strike_R+1","Defend_R","Defend_R","Defend_R","Defend_R","Bash","Trip+1","Flame Barrier","Armaments+1","Rampage","Shrug It Off","Headbutt","Battle Trance","Shrug It Off","Intimidate","Barricade","Dropkick+1","Spot Weakness","Armaments"],"relics":["Burning Blood","Whetstone","Bag of Preparation","Darkstone Periapt","Molten Egg 2","Tiny Chest","Pantograph","Tiny House","MutagenicStrength"],"potions_floor_usage":[6,11,14,14,20],"damage_taken":[{"damage":6,"enemies":"Cultist","floor":1,"turns":4},{"damage":0,"enemies":"Jaw Worm","floor":3,"turns":3},{"damage":0,"enemies":"2 Louse","floor":4,"turns":3},{"damage":2,"enemies":"Blue Slaver","floor":5,"turns":4},{"damage":18,"enemies":"3 Sentries","floor":6,"turns":8},{"damage":0,"enemies":"2 Fungi Beasts","floor":7,"turns":4},{"damage":7,"enemies":"3 Louse","floor":10,"turns":3},{"damage":23,"enemies":"Gremlin Nob","floor":11,"turns":4},{"damage":25,"enemies":"Lagavulin","floor":14,"turns":6},{"damage":50,"enemies":"The Guardian","floor":16,"turns":11},{"damage":52,"enemies":"Spheric Guardian","floor":18,"turns":8},{"damage":16,"enemies":"2 Thieves","floor":20,"turns":4},{"damage":13,"enemies":"Shelled Parasite and Fungi","floor":22,"turns":1}],"seed_played":"-7975163650658878518","potions_obtained":[{"floor":3,"key":"Weak Potion"},{"floor":5,"key":"Explosive Potion"},{"floor":7,"key":"Fire Potion"},{"floor":11,"key":"SkillPotion"},{"floor":17,"key":"PowerPotion"},{"floor":18,"key":"Block Potion"}],"is_trial":false,"path_per_floor":["M","$","M","M","M","E","M","R","T","M","E","T","?","E","R","B",null,"M","?","M","?","M"],"character_chosen":"IRONCLAD","items_purchased":["Armaments","Rampage"],"campfire_rested":1,"item_purchase_floors":[2,2],"current_hp_per_floor":[68,68,74,75,75,63,69,69,69,68,51,51,46,27,49,30,69,23,23,13,13,0],"gold":469,"neow_bonus":"RANDOM_COLORLESS","is_prod":false,"is_daily":false,"chose_seed":false,"campfire_upgraded":1,"win_rate":0,"timestamp":1551318384,"path_taken":["M","$","?","M","M","E","M","R","T","?","E","?","?","E","R","BOSS","M","?","M","?","M"],"build_version":"2019-01-23","purchased_purges":0,"victory":false,"max_hp_per_floor":[75,75,75,75,75,75,75,75,75,75,75,75,75,75,75,75,80,80,80,80,80,80],"card_choices":[{"not_picked":["Perfected Strike","Reckless Charge"],"picked":"Flame Barrier","floor":1},{"not_picked":["Twin Strike","Body Slam"],"picked":"Shrug It Off","floor":3},{"not_picked":["Sword Boomerang","Feel No Pain"],"picked":"Headbutt","floor":4},{"not_picked":["Armaments","Sword Boomerang","Thunderclap"],"picked":"SKIP","floor":5},{"not_picked":["Reckless Charge","Combust"],"picked":"Battle Trance","floor":6},{"not_picked":["Warcry","Havoc","Flex"],"picked":"SKIP","floor":7},{"not_picked":["Havoc","Rage"],"picked":"Shrug It Off","floor":10},{"not_picked":["Perfected Strike","Bludgeon"],"picked":"Intimidate","floor":11},{"not_picked":["Havoc","Heavy Blade+1","Burning Pact"],"picked":"SKIP","floor":14},{"not_picked":["Impervious","Demon Form"],"picked":"Barricade","floor":16},{"not_picked":["Anger+1","Flex"],"picked":"Dropkick+1","floor":17},{"not_picked":["Burning Pact","Armaments"],"picked":"Spot Weakness","floor":18},{"not_picked":["True Grit","Corruption+1"],"picked":"Armaments","floor":20}],"player_experience":473435,"relics_obtained":[{"floor":6,"key":"Whetstone"},{"floor":9,"key":"Bag of Preparation"},{"floor":11,"key":"Darkstone Periapt"},{"floor":12,"key":"Molten Egg 2"},{"floor":14,"key":"Pantograph"}],"event_choices":[{"damage_healed":0,"gold_gain":0,"player_choice":"Success","damage_taken":5,"relics_obtained":["Tiny Chest"],"max_hp_gain":0,"max_hp_loss":0,"event_name":"Scrap Ooze","floor":13,"gold_loss":0},{"damage_healed":0,"gold_gain":0,"player_choice":"Ignored","damage_taken":0,"max_hp_gain":0,"max_hp_loss":0,"event_name":"Beggar","floor":19,"gold_loss":0},{"damage_healed":0,"gold_gain":0,"player_choice":"Inject Mutagens","damage_taken":0,"relics_obtained":["MutagenicStrength"],"max_hp_gain":0,"max_hp_loss":0,"event_name":"Drug Dealer","floor":21,"gold_loss":0}],"is_beta":false,"boss_relics":[{"not_picked":["Black Blood","Empty Cage"],"picked":"Tiny House"}],"items_purged_floors":[],"is_endless":false,"potions_floor_spawned":[3,5,7,11,18],"killed_by":"Shelled Parasite and Fungi","ascension_level":16}