{"gold_per_floor":[115,133,153,228,228,244,254,254,306,320,345,345,345,373,385,500,512,540,563,850,878,901,928,940,952,988,389,389,389],"floor_reached":29,"playtime":1274,"items_purged":[],"score":237,"play_id":"26ec7293-4a7a-47ff-9d3e-ce5a3baad0b2","local_time":"20181031155930","is_ascension_mode":false,"campfire_choices":[{"data":"Armaments","floor":8,"key":"SMITH"},{"floor":13,"key":"REST"},{"floor":15,"key":"REST"},{"data":"Flex","floor":24,"key":"SMITH"}],"neow_cost":"NONE","seed_source_timestamp":13601511310162,"circlet_count":0,"master_deck":["Strike_R+1","Strike_R","Strike_R+1","Strike_R","Strike_R","Defend_R","Defend_R+1","Defend_R","Defend_R","Bash","Armaments+1","Spot Weakness","Perfected Strike","Flex+1","Dual Wield","Headbutt","Bloodletting","Heavy Blade","Offering","Thunderclap","Iron Wave","Warcry+1","Double Tap","Cleave","Rage"],"relics":["Burning Blood","Whetstone","Omamori","Paper Frog","MawBank","Coffee Dripper","Oddly Smooth Stone","Orichalcum","MealTicket","Juzu Bracelet","War Paint","Prayer Wheel"],"potions_floor_usage":[10,14,14,18,22,22,29],"damage_taken":[{"damage":1,"enemies":"Jaw Worm","floor":1,"turns":3},{"damage":2,"enemies":"Small Slimes","floor":2,"turns":3},{"damage":1,"enemies":"2 Louse","floor":3,"turns":3},{"damage":6,"enemies":"Large Slime","floor":6,"turns":5},{"damage":14,"enemies":"Lots of Slimes","floor":7,"turns":4},{"damage":0,"enemies":"Exordium Wildlife","floor":10,"turns":3},{"damage":36,"enemies":"Lagavulin","floor":11,"turns":5},{"damage":13,"enemies":"3 Sentries","floor":14,"turns":6},{"damage":47,"enemies":"The Guardian","floor":16,"turns":8},{"damage":18,"enemies":"2 Thieves","floor":18,"turns":4},{"damage":14,"enemies":"3 Byrds","floor":19,"turns":4},{"damage":29,"enemies":"3 Cultists","floor":21,"turns":4},{"damage":11,"enemies":"Chosen and Byrds","floor":22,"turns":4},{"damage":30,"enemies":"Shelled Parasite and Fungi","floor":23,"turns":5},{"damage":27,"enemies":"Slavers","floor":29,"turns":2}],"seed_played":"-8202537323206977294","potions_obtained":[{"floor":1,"key":"Strength Potion"},{"floor":3,"key":"EssenceOfSteel"},{"floor":7,"key":"AttackPotion"},{"floor":11,"key":"FairyPotion"},{"floor":14,"key":"Poison Potion"},{"floor":16,"key":"Energy Potion"},{"floor":21,"key":"Swift Potion"}],"is_trial":false,"path_per_floor":["M","M","M","?","?","M","M","R","T","M","E","?","R","E","R","B",null,"M","M","?","M","M","M","R","T","T","$","?"],"character_chosen":"IRONCLAD","items_purchased":["Rage","MealTicket","Juzu Bracelet","BloodPotion","War Paint"],"campfire_rested":2,"item_purchase_floors":[27,27,27,27,27],"current_hp_per_floor":[80,80,80,69,69,69,61,61,61,67,37,37,61,54,78,37,80,68,60,60,37,32,8,8,8,8,8,8,0],"gold":389,"neow_bonus":"RANDOM_COMMON_RELIC","is_prod":false,"is_daily":false,"chose_seed":false,"campfire_upgraded":2,"win_rate":0,"timestamp":1541037570,"path_taken":["M","M","M","?","?","M","M","R","T","M","E","?","R","E","R","BOSS","M","M","?","M","M","?","R","?","T","$","?","E"],"build_version":"2018-10-25v2","purchased_purges":0,"victory":false,"max_hp_per_floor":[80,80,80,80,80,80,80,80,80,80,80,80,80,80,80,80,80,80,80,80,80,80,80,80,80,80,80,80,80],"card_choices":[{"not_picked":["Rage","Heavy Blade"],"picked":"Armaments","floor":1},{"not_picked":["Sword Boomerang","Anger"],"picked":"Spot Weakness","floor":2},{"not_picked":["Reckless Charge","Rage"],"picked":"Perfected Strike","floor":3},{"not_picked":["Burning Pact","Twin Strike"],"picked":"Flex","floor":6},{"not_picked":["True Grit","Dropkick"],"picked":"Dual Wield","floor":7},{"not_picked":["Power Through","Intimidate"],"picked":"Headbutt","floor":10},{"not_picked":["Wild Strike","Rage"],"picked":"Bloodletting","floor":11},{"not_picked":["Rupture","Shrug It Off"],"picked":"Heavy Blade","floor":14},{"not_picked":["Barricade","Dark Embrace"],"picked":"Offering","floor":16},{"not_picked":["Armaments","Cleave+1"],"picked":"Thunderclap","floor":18},{"not_picked":["Entrench+1","Thunderclap+1"],"picked":"Iron Wave","floor":19},{"not_picked":["Clothesline","Feel No Pain+1"],"picked":"Warcry","floor":21},{"not_picked":["Cleave","Headbutt"],"picked":"Double Tap","floor":22},{"not_picked":["Metallicize+1","True Grit"],"picked":"Cleave","floor":23}],"player_experience":334993,"relics_obtained":[{"floor":9,"key":"Omamori"},{"floor":11,"key":"Paper Frog"},{"floor":14,"key":"MawBank"},{"floor":25,"key":"Oddly Smooth Stone"},{"floor":26,"key":"Orichalcum"}],"event_choices":[{"damage_healed":0,"gold_gain":75,"player_choice":"Gather Gold","damage_taken":11,"max_hp_gain":0,"max_hp_loss":0,"event_name":"World of Goop","floor":4,"gold_loss":0},{"damage_healed":0,"gold_gain":0,"player_choice":"Leave","damage_taken":0,"max_hp_gain":0,"max_hp_loss":0,"event_name":"The Cleric","floor":5,"gold_loss":0},{"damage_healed":0,"gold_gain":0,"player_choice":"Ignored","damage_taken":0,"max_hp_gain":0,"max_hp_loss":0,"event_name":"Shining Light","floor":12,"gold_loss":0},{"damage_healed":0,"gold_gain":275,"player_choice":"Desecrate","damage_taken":0,"max_hp_gain":0,"max_hp_loss":0,"event_name":"Golden Shrine","floor":20,"gold_loss":0,"cards_obtained":["Regret"]},{"damage_healed":0,"gold_gain":0,"player_choice":"Stole Relic","damage_taken":0,"relics_obtained":["Prayer Wheel"],"max_hp_gain":0,"max_hp_loss":0,"event_name":"Addict","floor":28,"gold_loss":0,"cards_obtained":["Shame"]}],"is_beta":false,"boss_relics":[{"not_picked":["Lizard Tail","Ectoplasm"],"picked":"Coffee Dripper"}],"items_purged_floors":[],"is_endless":false,"potions_floor_spawned":[1,3,7,11,14,16,21],"killed_by":"Slavers","ascension_level":0}