{"gold_per_floor":[114,133,133,147,68,68,68,80,80,80,95,170,170,188,188,188],"floor_reached":16,"playtime":433,"items_purged":[],"score":92,"play_id":"5298aff0-d0d1-40d7-a0ec-d9516438eb68","local_time":"20190310151204","is_ascension_mode":false,"campfire_choices":[{"floor":6.0,"key":"RECALL"},{"floor":10.0,"key":"REST"},{"floor":15,"key":"REST"}],"neow_cost":"NONE","seed_source_timestamp":0,"circlet_count":0,"master_deck":["Strike_R","Strike_R","Strike_R","Strike_R","Defend_R","Defend_R+1","Defend_R","Defend_R","Bash","Corruption+1","Body Slam"],"special_seed":0,"relics":["Burning Blood","Blue Candle"],"potions_floor_usage":[16],"damage_taken":[{"damage":6.0,"enemies":"Cultist","floor":1.0,"turns":3.0},{"damage":0.0,"enemies":"2 Louse","floor":2.0,"turns":3.0},{"damage":10.0,"enemies":"Small Slimes","floor":4.0,"turns":4.0},{"damage":32.0,"enemies":"Looter","floor":8.0,"turns":4.0},{"damage":14.0,"enemies":"3 Louse","floor":11.0,"turns":4.0},{"damage":15.0,"enemies":"Red Slaver","floor":14.0,"turns":4.0},{"damage":30,"enemies":"The Guardian","floor":16,"turns":6}],"seed_played":"770949880754827853","potions_obtained":[{"floor":8.0,"key":"Weak Potion"}],"is_trial":false,"path_per_floor":["M","M","?","M","$","R","?","M","T","R","M","?","?","M","R","B"],"character_chosen":"IRONCLAD","items_purchased":["Corruption"],"campfire_rested":2,"item_purchase_floors":[5],"current_hp_per_floor":[88,88,70,66,66,66,59,33,33,59,51,40,22,13,39,9],"gold":188,"neow_bonus":"TEN_PERCENT_HP_BONUS","is_prod":false,"is_daily":false,"chose_seed":false,"campfire_upgraded":0,"win_rate":0,"timestamp":1552245124,"path_taken":["M","M","?","M","$","R","?","M","T","R","M","?","?","M","R","BOSS"],"build_version":"2019-01-23","purchased_purges":0,"victory":false,"max_hp_per_floor":[88,88,88,88,88,88,88,88,88,88,88,88,88,88,88,88],"card_choices":[{"not_picked":["Clothesline","Iron Wave","Twin Strike"],"picked":"SKIP","floor":1.0},{"not_picked":["Twin Strike","Burning Pact","Second Wind"],"picked":"SKIP","floor":2.0},{"not_picked":["Sentinel","Clash","True Grit"],"picked":"SKIP","floor":4.0},{"not_picked":["Inflame","Brutality","Anger"],"picked":"SKIP","floor":8.0},{"not_picked":["True Grit","Cleave","Headbutt"],"picked":"SKIP","floor":11.0},{"not_picked":["Pommel Strike","Fire Breathing"],"picked":"Body Slam","floor":14.0}],"player_experience":1185593,"relics_obtained":[],"event_choices":[{"damage_healed":0.0,"max_hp_gain":0.0,"max_hp_loss":0.0,"gold_gain":0.0,"event_name":"Scrap Ooze","player_choice":"Success","floor":3.0,"gold_loss":0.0,"damage_taken":18.0,"relics_obtained":["Blue Candle"]},{"cards_removed":["Strike_R"],"damage_healed":0.0,"max_hp_gain":0.0,"max_hp_loss":0.0,"gold_gain":0.0,"event_name":"Golden Wing","player_choice":"Card Removal","floor":7.0,"gold_loss":0.0,"damage_taken":7.0},{"damage_healed":0.0,"max_hp_gain":0.0,"max_hp_loss":0.0,"gold_gain":75.0,"event_name":"World of Goop","player_choice":"Gather Gold","floor":12.0,"gold_loss":0.0,"damage_taken":11.0},{"damage_healed":0.0,"max_hp_gain":0.0,"max_hp_loss":0.0,"gold_gain":0.0,"event_name":"Shining Light","player_choice":"Entered Light","floor":13.0,"gold_loss":0.0,"damage_taken":18.0,"cards_upgraded":["Defend_R","Corruption"]}],"is_beta":false,"boss_relics":[],"items_purged_floors":[],"is_endless":false,"potions_floor_spawned":[8],"killed_by":"The Guardian","ascension_level":0}