{"gold_per_floor":[212,223,298,298,313,313,348,361,361,372,397,397,397,424,424,424],"floor_reached":16,"playtime":969,"items_purged":[],"score":132,"play_id":"6a57443c-b492-4919-a8a4-2509f9be20f9","local_time":"20190311005433","is_ascension_mode":true,"campfire_choices":[{"data":"Neutralize","floor":6,"key":"SMITH"},{"floor":12,"key":"REST"},{"data":"Backstab","floor":13,"key":"SMITH"},{"floor":15,"key":"REST"}],"neow_cost":"NONE","seed_source_timestamp":110593534293045,"circlet_count":0,"master_deck":["Defend_G","Defend_G","Defend_G","Defend_G","Defend_G","Strike_G","Strike_G","Strike_G","Strike_G","Survivor","Neutralize+1","Backstab+1","Deflect","Dagger Throw","Dash","Masterful Stab"],"relics":["Ring of the Snake","WingedGreaves","Torii","Mummified Hand","Regal Pillow"],"potions_floor_usage":[7,14,16],"damage_taken":[{"damage":0,"enemies":"Jaw Worm","floor":1,"turns":6},{"damage":0,"enemies":"Small Slimes","floor":2,"turns":2},{"damage":0,"enemies":"Cultist","floor":5,"turns":4},{"damage":32,"enemies":"Gremlin Nob","floor":7,"turns":5},{"damage":2,"enemies":"3 Louse","floor":8,"turns":4},{"damage":1,"enemies":"2 Fungi Beasts","floor":10,"turns":4},{"damage":15,"enemies":"3 Sentries","floor":11,"turns":15},{"damage":4,"enemies":"Lagavulin","floor":14,"turns":7},{"damage":59,"enemies":"The Guardian","floor":16,"turns":24}],"seed_played":"1678948494535048693","potions_obtained":[{"floor":1,"key":"SkillPotion"},{"floor":7,"key":"Energy Potion"},{"floor":10,"key":"Energy Potion"}],"is_trial":false,"path_per_floor":["M","M","?","?","M","R","E","M","T","M","E","R","R","E","R","B"],"character_chosen":"THE_SILENT","items_purchased":[],"campfire_rested":2,"item_purchase_floors":[],"current_hp_per_floor":[70,70,59,52,52,52,20,18,18,17,2,23,23,19,55,0],"gold":424,"neow_bonus":"HUNDRED_GOLD","is_prod":false,"is_daily":false,"chose_seed":false,"campfire_upgraded":2,"win_rate":0,"timestamp":1552262073,"path_taken":["M","M","?","?","M","R","E","M","T","M","E","R","R","E","R","BOSS"],"build_version":"2019-01-23","purchased_purges":0,"victory":false,"max_hp_per_floor":[70,70,70,70,70,70,70,70,70,70,70,70,70,70,70,70],"card_choices":[{"not_picked":["Eviscerate","Terror"],"picked":"Backstab","floor":1},{"not_picked":["Masterful Stab","Heel Hook"],"picked":"Deflect","floor":2},{"not_picked":["Calculated Gamble","Sucker Punch"],"picked":"Dagger Throw","floor":5},{"not_picked":["Backflip","Burst","Sucker Punch"],"picked":"SKIP","floor":7},{"not_picked":["Flying Knee","Acrobatics","Blade Dance"],"picked":"SKIP","floor":8},{"not_picked":["Accuracy","Crippling Poison","All Out Attack"],"picked":"SKIP","floor":10},{"not_picked":["Flechettes","Venomology"],"picked":"Dash","floor":11},{"not_picked":["Eviscerate","Calculated Gamble"],"picked":"Masterful Stab","floor":14}],"player_experience":163117,"relics_obtained":[{"floor":7,"key":"WingedGreaves"},{"floor":9,"key":"Torii"},{"floor":11,"key":"Mummified Hand"},{"floor":14,"key":"Regal Pillow"}],"event_choices":[{"damage_healed":0,"gold_gain":75,"player_choice":"Gather Gold","damage_taken":11,"max_hp_gain":0,"max_hp_loss":0,"event_name":"World of Goop","floor":3,"gold_loss":0},{"cards_removed":["Strike_G"],"damage_healed":0,"gold_gain":0,"player_choice":"Card Removal","damage_taken":7,"max_hp_gain":0,"max_hp_loss":0,"event_name":"Golden Wing","floor":4,"gold_loss":0}],"is_beta":false,"boss_relics":[],"items_purged_floors":[],"is_endless":false,"potions_floor_spawned":[1,7,10],"killed_by":"The Guardian","ascension_level":2}