{"gold_per_floor":[363,39,59,70,80,80,80,80,125,138,169,38,38,50,50,50],"floor_reached":16,"playtime":1053,"items_purged":[],"score":184,"play_id":"39a1e204-969a-4c7e-a1c8-793be211564a","local_time":"20190307141327","is_ascension_mode":true,"campfire_choices":[{"data":"Zap","floor":6,"key":"SMITH"},{"data":"Dualcast","floor":8,"key":"SMITH"},{"floor":13,"key":"REST"},{"floor":15,"key":"REST"}],"neow_cost":"TEN_PERCENT_HP_LOSS","seed_source_timestamp":1708594600832217,"circlet_count":0,"master_deck":["AscendersBane","Strike_B","Strike_B","Strike_B","Strike_B","Defend_B","Defend_B","Defend_B","Defend_B","Zap+1","Dualcast+1","Go for the Eyes","Discovery","Go for the Eyes","All For One","FTL","Steam","Redo","Flash of Steel","Turbo","Go for the Eyes","Chill","Beam Cell"],"relics":["Cracked Core","Medical Kit","Bag of Marbles","Dream Catcher"],"potions_floor_usage":[10,11,11],"damage_taken":[{"damage":1,"enemies":"Cultist","floor":1,"turns":4},{"damage":5,"enemies":"Small Slimes","floor":3,"turns":4},{"damage":2,"enemies":"Jaw Worm","floor":4,"turns":4},{"damage":12,"enemies":"2 Fungi Beasts","floor":5,"turns":3},{"damage":6,"enemies":"Exordium Thugs","floor":10,"turns":3},{"damage":25,"enemies":"Gremlin Nob","floor":11,"turns":5},{"damage":12,"enemies":"Gremlin Gang","floor":14,"turns":3},{"damage":47,"enemies":"The Guardian","floor":16,"turns":14}],"seed_played":"-1728329501264752615","potions_obtained":[{"floor":1,"key":"LiquidBronze"},{"floor":4,"key":"Ancient Potion"},{"floor":10,"key":"EssenceOfSteel"},{"floor":14,"key":"Dexterity Potion"}],"is_trial":false,"path_per_floor":["M","$","M","M","M","R","?","R","T","M","E","$","R","M","R","B"],"character_chosen":"DEFECT","items_purchased":["Discovery","Medical Kit","Flash of Steel","Turbo"],"campfire_rested":2,"item_purchase_floors":[2,2,12,12],"current_hp_per_floor":[63,63,58,56,44,44,49,49,49,43,18,18,38,26,46,0],"gold":50,"neow_bonus":"TWO_FIFTY_GOLD","is_prod":false,"is_daily":false,"chose_seed":false,"campfire_upgraded":2,"win_rate":0,"timestamp":1551946407,"path_taken":["M","$","M","?","M","R","?","R","T","M","E","$","R","M","R","BOSS"],"build_version":"2019-01-23","purchased_purges":0,"victory":false,"max_hp_per_floor":[64,64,64,64,64,64,69,69,69,69,69,69,69,69,69,69],"card_choices":[{"not_picked":["Auto Shields","Compile Driver"],"picked":"Go for the Eyes","floor":1},{"not_picked":["Ball Lightning","Redo"],"picked":"Go for the Eyes","floor":3},{"not_picked":["Turbo","FTL"],"picked":"All For One","floor":4},{"not_picked":["Ball Lightning","Hologram"],"picked":"FTL","floor":5},{"not_picked":["Beam Cell","Go for the Eyes"],"picked":"Steam","floor":10},{"not_picked":["Ball Lightning","Rainbow"],"picked":"Redo","floor":11},{"not_picked":["Darkness","Stack"],"picked":"Go for the Eyes","floor":13},{"not_picked":["Beam Cell","Rebound"],"picked":"Chill","floor":14},{"not_picked":["Blizzard","Ball Lightning"],"picked":"Beam Cell","floor":15}],"player_experience":966712,"relics_obtained":[{"floor":9,"key":"Bag of Marbles"},{"floor":11,"key":"Dream Catcher"}],"event_choices":[{"damage_healed":0,"gold_gain":0,"player_choice":"Donut","damage_taken":0,"max_hp_gain":5,"max_hp_loss":0,"event_name":"Big Fish","floor":7,"gold_loss":0}],"is_beta":false,"boss_relics":[],"items_purged_floors":[],"is_endless":false,"potions_floor_spawned":[1,4,10,14],"killed_by":"The Guardian","ascension_level":16}