{"path_per_floor":["M","$","M","?","?","R","M","?","T","M","E","R","$","M","R","B",null,"M","?","M","$","?","M","R","M","T","M","R","M","M","T","R"],"character_chosen":"IRONCLAD","items_purchased":["Infernal Blade"],"gold_per_floor":[114,114,128,128,128,128,143,143,143,153,185,185,185,195,195,296,296,311,311,329,289,289,309,309,319,319,329,329,344,358,358,358],"floor_reached":33,"campfire_rested":3,"playtime":5359,"current_hp_per_floor":[80,80,80,80,64,64,70,75,75,67,58,58,58,46,71,8,85,65,85,85,85,85,69,69,62,62,31,56,59,36,50,80],"items_purged":[],"gold":358,"score":274,"play_id":"73fd3a87-9d96-4e5c-a860-1b1bc85a9a74","is_prod":false,"is_daily":false,"is_ascension_mode":false,"campfire_upgraded":3,"path_taken":["M","$","M","?","?","R","M","?","T","?","E","R","$","M","R","BOSS","M","?","M","$","?","M","R","M","T","?","R","M","M","?","R","BOSS"],"build_version":"2018-02-15-PROD1","purchased_purges":0,"victory":false,"master_deck":["Strike_R+1","Strike_R","Strike_R","Strike_R","Defend_R","Defend_R","Defend_R","Defend_R","Bash+1","Perfected Strike+1","Armaments+1","Iron Wave+1","Pommel Strike","True Grit","Clothesline","Barricade","Reckless Charge","Warcry","Infernal Blade","Feed","Headbutt","Uppercut","Pain","Flex","Rage","Bludgeon","Clumsy"],"max_hp_per_floor":[80,80,80,80,80,80,80,85,85,85,85,85,85,85,85,85,85,85,85,85,85,85,85,85,85,85,85,85,85,89,103,103],"relics":["Burning Blood","Ice Cream","Gambling Chip","Cursed Key","Frozen Eye","Mango"],"card_choices":[{"not_picked":["Reckless Charge","Flex"],"picked":"Perfected Strike"},{"not_picked":["True Grit","Clash"],"picked":"Armaments"},{"not_picked":["Second Wind","Corruption"],"picked":"Iron Wave"},{"not_picked":["Blood for Blood","Perfected Strike"],"picked":"Pommel Strike"},{"not_picked":["Reaper","Perfected Strike"],"picked":"True Grit"},{"not_picked":["Intimidate","Perfected Strike"],"picked":"Clothesline"},{"not_picked":["Brutality","Dark Embrace"],"picked":"Barricade"},{"not_picked":["Shockwave","Cleave"],"picked":"Reckless Charge"},{"not_picked":["Corruption","Thunderclap"],"picked":"Warcry"},{"not_picked":["Disarm","Second Wind"],"picked":"Headbutt"},{"not_picked":["Dual Wield","Second Wind"],"picked":"Uppercut"},{"not_picked":["Pummel","Perfected Strike"],"picked":"Flex"},{"not_picked":["Body Slam","Perfected Strike"],"picked":"Rage"},{"not_picked":["Warcry","Iron Wave"],"picked":"Bludgeon"}],"player_experience":0,"potions_floor_usage":[20,20,33,33,33],"damage_taken":[{"damage":6.0,"enemies":"Jaw Worm","floor":1.0,"turns":3.0},{"damage":3.0,"enemies":"Small Slimes","floor":3.0,"turns":2.0},{"damage":0.0,"enemies":"2 Louse","floor":7.0,"turns":2.0},{"damage":14.0,"enemies":"Blue Slaver","floor":10.0,"turns":3.0},{"damage":15.0,"enemies":"Gremlin Nob","floor":11.0,"turns":4.0},{"damage":18.0,"enemies":"Large Slime","floor":14.0,"turns":4.0},{"damage":69.0,"enemies":"The Guardian","floor":16.0,"turns":18.0},{"damage":26,"enemies":"2 Thieves","floor":18,"turns":5},{"damage":5,"enemies":"Chosen","floor":20,"turns":3},{"damage":22,"enemies":"Snecko","floor":23,"turns":6},{"damage":13,"enemies":"3 Cultists","floor":25,"turns":6},{"damage":37,"enemies":"Centurion and Healer","floor":27,"turns":7},{"damage":3,"enemies":"Snecko","floor":29,"turns":3},{"damage":33,"enemies":"3 Cultists","floor":30,"turns":6},{"damage":112,"enemies":"Champ","floor":33,"turns":14}],"event_choices":[{"event_name":"Liars Game","player_choice":"disagreed","floor":4.0,"damage_taken":0.0},{"event_name":"Shining Light","player_choice":"Entered Light","floor":5.0,"damage_taken":0.0},{"event_name":"Big Fish","player_choice":"Donut","floor":8.0,"damage_taken":0.0},{"event_name":"The Library","player_choice":"Heal","floor":19,"damage_taken":0},{"event_name":"Transmorgrifier","player_choice":"Transform","floor":22,"damage_taken":0}],"boss_relics":[],"potions_floor_spawned":[3,10,16,18,27,29,30],"seed_played":"-926378951903560270","killed_by":"Champ","ascension_level":0,"is_trial":false}