{"gold_per_floor":[118,293,243,263,64,64,92,111,111,111,131,166,182,194,194,296,296,314,314,314,333,333,361,361,378,401,401,414,424,424,349,349,450,450,468,468,488,488,498,524,524,524],"floor_reached":42,"playtime":1942,"items_purged":[],"score":531,"play_id":"bcdf4168-48fb-4b9a-a337-bc49641a1b78","local_time":"20181217130820","is_ascension_mode":true,"campfire_choices":[{"data":"Armaments","floor":6.0,"key":"SMITH"},{"data":"Inflame","floor":10.0,"key":"SMITH"},{"floor":15.0,"key":"RECALL"},{"data":"Uppercut","floor":24.0,"key":"SMITH"},{"data":"Limit Break","floor":27.0,"key":"SMITH"},{"floor":30.0,"key":"REST"},{"data":"Demon Form","floor":32.0,"key":"SMITH"},{"floor":41,"key":"REST"}],"neow_cost":"TEN_PERCENT_HP_LOSS","seed_source_timestamp":0,"circlet_count":0,"master_deck":["Strike_R","Strike_R","Strike_R","Strike_R","Defend_R","Defend_R","Defend_R","Defend_R","Bash","Thunderclap","Offering","Armaments+1","Shockwave+1","Inflame+1","Body Slam","Anger","Demon Form+1","Sword Boomerang+1","Disarm","Uppercut+1","Limit Break+1","Fiend Fire","Seeing Red+1","Shrug It Off+1"],"special_seed":0,"relics":["Burning Blood","FossilizedHelix","Unceasing Top","Matryoshka","Pantograph","White Beast Statue","MutagenicStrength","Bottled Flame","Pen Nib","Mark of Pain","Question Card"],"potions_floor_usage":[40,40],"damage_taken":[{"damage":3.0,"enemies":"2 Louse","floor":1.0,"turns":3.0},{"damage":2.0,"enemies":"Jaw Worm","floor":4.0,"turns":3.0},{"damage":15.0,"enemies":"Lagavulin","floor":7.0,"turns":6.0},{"damage":0.0,"enemies":"Small Slimes","floor":8.0,"turns":3.0},{"damage":20.0,"enemies":"Gremlin Gang","floor":11.0,"turns":4.0},{"damage":10.0,"enemies":"Gremlin Nob","floor":12.0,"turns":4.0},{"damage":0.0,"enemies":"Large Slime","floor":13.0,"turns":3.0},{"damage":8.0,"enemies":"Blue Slaver","floor":14.0,"turns":3.0},{"damage":40.0,"enemies":"The Guardian","floor":16.0,"turns":9.0},{"damage":19.0,"enemies":"Chosen","floor":18.0,"turns":4.0},{"damage":0.0,"enemies":"Shell Parasite","floor":21.0,"turns":3.0},{"damage":19.0,"enemies":"Slavers","floor":23.0,"turns":4.0},{"damage":15.0,"enemies":"Snecko","floor":25.0,"turns":4.0},{"damage":23.0,"enemies":"3 Cultists","floor":28.0,"turns":5.0},{"damage":11.0,"enemies":"Snake Plant","floor":29.0,"turns":5.0},{"damage":49.0,"enemies":"Automaton","floor":33.0,"turns":7.0},{"damage":0.0,"enemies":"3 Shapes","floor":35.0,"turns":3.0},{"damage":19.0,"enemies":"Orb Walker","floor":37.0,"turns":4.0},{"damage":0.0,"enemies":"Transient","floor":39.0,"turns":5.0},{"damage":71,"enemies":"Nemesis","floor":40,"turns":7},{"damage":32,"enemies":"Spire Growth","floor":42,"turns":4}],"seed_played":"-4789007218440959665","potions_obtained":[{"floor":4.0,"key":"EssenceOfSteel"},{"floor":8.0,"key":"Regen Potion"},{"floor":12.0,"key":"Ancient Potion"},{"floor":13.0,"key":"EssenceOfSteel"},{"floor":18.0,"key":"FearPotion"},{"floor":21.0,"key":"AttackPotion"},{"floor":23.0,"key":"Regen Potion"},{"floor":25.0,"key":"Dexterity Potion"},{"floor":28.0,"key":"Block Potion"},{"floor":29.0,"key":"EssenceOfSteel"},{"floor":33.0,"key":"Fire Potion"},{"floor":35.0,"key":"Dexterity Potion"},{"floor":37.0,"key":"Block Potion"},{"floor":39.0,"key":"EssenceOfSteel"},{"floor":40,"key":"EssenceOfSteel"}],"is_trial":false,"path_per_floor":["M","?","?","M","$","R","E","M","T","R","M","E","M","M","R","B",null,"M","?","?","M","?","E","R","M","T","R","M","M","R","?","R","B",null,"M","?","M","?","M","E","R","M"],"character_chosen":"IRONCLAD","items_purchased":["Offering","Armaments"],"campfire_rested":2,"item_purchase_floors":[5,5],"current_hp_per_floor":[72,72,72,72,72,72,63,69,69,69,55,51,57,55,55,38,72,59,59,59,65,65,64,64,55,55,55,38,33,54,54,54,39,72,72,72,59,72,72,7,28,0],"gold":524,"neow_bonus":"ONE_RARE_RELIC","is_prod":false,"is_daily":false,"chose_seed":false,"campfire_upgraded":5,"win_rate":0,"timestamp":1545073700,"path_taken":["M","?","?","?","$","R","E","M","T","R","M","E","M","M","R","BOSS","M","?","?","M","?","E","R","?","T","R","M","M","R","?","R","BOSS","M","?","?","?","M","E","R","M"],"build_version":"2018-12-13","purchased_purges":0,"victory":false,"max_hp_per_floor":[72,72,72,72,72,72,72,72,72,72,72,72,72,72,72,72,72,72,72,72,72,72,72,72,72,72,72,72,72,72,72,72,72,72,72,72,72,72,72,72,72,72],"card_choices":[{"not_picked":["Clothesline","Intimidate"],"picked":"Thunderclap","floor":1.0},{"not_picked":["Pommel Strike","Clothesline","Combust"],"picked":"SKIP","floor":4.0},{"not_picked":["Spot Weakness","Dual Wield"],"picked":"Shockwave","floor":7.0},{"not_picked":["Perfected Strike","Flex"],"picked":"Inflame","floor":8.0},{"not_picked":["Clash","Flame Barrier"],"picked":"Body Slam","floor":11.0},{"not_picked":["Twin Strike","Reckless Charge","Thunderclap"],"picked":"SKIP","floor":12.0},{"not_picked":["Sword Boomerang","Burning Pact"],"picked":"Anger","floor":13.0},{"not_picked":["Bloodletting","Evolve","Flex"],"picked":"SKIP","floor":14.0},{"not_picked":["Double Tap","Bludgeon"],"picked":"Demon Form","floor":16.0},{"not_picked":["Heavy Blade","Flame Barrier"],"picked":"Sword Boomerang+1","floor":18.0},{"not_picked":["Pommel Strike","Iron Wave+1"],"picked":"Uppercut","floor":21.0},{"not_picked":["Dual Wield","Searing Blow+1"],"picked":"Fiend Fire","floor":23.0},{"not_picked":["Twin Strike","Anger"],"picked":"Seeing Red+1","floor":25.0},{"not_picked":["Dual Wield","Warcry","Ghostly Armor"],"picked":"SKIP","floor":28.0},{"not_picked":["Heavy Blade","Wild Strike","True Grit"],"picked":"SKIP","floor":29.0},{"not_picked":["Iron Wave","Second Wind+1","Thunderclap"],"picked":"SKIP","floor":35.0},{"not_picked":["Headbutt","Iron Wave"],"picked":"Shrug It Off+1","floor":37.0},{"not_picked":["Impervious","Headbutt","Wild Strike+1"],"picked":"SKIP","floor":39.0},{"not_picked":["Shockwave+1","Wild Strike+1","Pommel Strike"],"picked":"SKIP","floor":40}],"player_experience":146658,"relics_obtained":[{"floor":7.0,"key":"Unceasing Top"},{"floor":9.0,"key":"Matryoshka"},{"floor":12.0,"key":"Pantograph"},{"floor":23.0,"key":"Bottled Flame"},{"floor":26.0,"key":"Pen Nib"},{"floor":40,"key":"Question Card"}],"event_choices":[{"damage_healed":0.0,"max_hp_gain":0.0,"max_hp_loss":0.0,"gold_gain":175.0,"event_name":"Liars Game","player_choice":"AGREE","floor":2.0,"gold_loss":0.0,"damage_taken":0.0,"cards_obtained":["Doubt"]},{"cards_removed":["Doubt"],"damage_healed":0.0,"max_hp_gain":0.0,"max_hp_loss":0.0,"gold_gain":0.0,"event_name":"The Cleric","player_choice":"Card Removal","floor":3.0,"gold_loss":50.0,"damage_taken":0.0},{"damage_healed":0.0,"max_hp_gain":0.0,"max_hp_loss":0.0,"gold_gain":0.0,"event_name":"Drug Dealer","player_choice":"Inject Mutagens","floor":19.0,"gold_loss":0.0,"damage_taken":0.0,"relics_obtained":["MutagenicStrength"]},{"damage_healed":0.0,"max_hp_gain":0.0,"max_hp_loss":0.0,"gold_gain":0.0,"event_name":"The Library","player_choice":"Read","floor":20.0,"gold_loss":0.0,"damage_taken":0.0,"cards_obtained":["Disarm"]},{"damage_healed":0.0,"max_hp_gain":0.0,"max_hp_loss":0.0,"gold_gain":0.0,"event_name":"Match and Keep!","player_choice":"2 cards matched","floor":22.0,"gold_loss":0.0,"damage_taken":0.0,"cards_obtained":["Forethought","Limit Break"]},{"cards_removed":["Strike_R"],"damage_healed":0.0,"max_hp_gain":0.0,"max_hp_loss":0.0,"gold_gain":0.0,"event_name":"Beggar","player_choice":"Gave Gold","floor":31.0,"gold_loss":75.0,"damage_taken":0.0},{"damage_healed":0.0,"max_hp_gain":0.0,"max_hp_loss":0.0,"gold_gain":0.0,"event_name":"Upgrade Shrine","player_choice":"Upgraded","floor":36.0,"gold_loss":0.0,"damage_taken":0.0,"cards_upgraded":["Shockwave"]},{"cards_removed":["Forethought"],"damage_healed":13.0,"max_hp_gain":0.0,"max_hp_loss":0.0,"gold_gain":0.0,"event_name":"Bonfire Elementals","player_choice":"Offered Uncommon","floor":38.0,"gold_loss":0.0,"damage_taken":0.0}],"is_beta":false,"boss_relics":[{"not_picked":["Pandora\u0027s Box","Orrery"],"picked":"White Beast Statue"},{"not_picked":["Empty Cage","Eternal Feather"],"picked":"Mark of Pain"}],"items_purged_floors":[],"is_endless":false,"potions_floor_spawned":[4,8,12,13,14,18,21,23,25,28,29,33,35,37,39,40],"killed_by":"Spire Growth","ascension_level":2}