{"gold_per_floor":[19,124,142,158,177,177,207,223,223,68,143,156,166,166,166,166],"floor_reached":16,"playtime":1135,"items_purged":[],"score":106,"play_id":"300f7e89-c69f-4aa0-b4be-6145da889941","local_time":"20190215210654","is_ascension_mode":false,"campfire_choices":[{"data":"elementalist:Monument","floor":15,"key":"SMITH"}],"neow_cost":"NO_GOLD","seed_source_timestamp":15197096334042,"circlet_count":0,"master_deck":["elementalist:Water_Emblem","elementalist:Earth_Emblem","elementalist:Water_Emblem","elementalist:Defend_Elemblue","elementalist:Defend_Elemblue","elementalist:Defend_Elemblue","elementalist:Defend_Elemblue","elementalist:Elemental_Strike","elementalist:Firestrike","elementalist:Earthstrike","elementalist:Waterstrike","elementalist:Crystal_Chalk","elementalist:Wards","elementalist:Monument+1","elementalist:Caution","elementalist:Rising_Tides+1","elementalist:Mist","elementalist:Glaciate+1","elementalist:Lunar_Form"],"relics":["elementalistmod:MagusStaff","Regal Pillow","ReplayTheSpireMod:Ninjato","Guide Book","elementalistmod:BlueRibbon"],"potions_floor_usage":[16,16],"damage_taken":[{"damage":9,"enemies":"infinitespire:Voidling","floor":1,"turns":5},{"damage":0,"enemies":"Jaw Worm","floor":2,"turns":9},{"damage":0,"enemies":"Small Slimes","floor":3,"turns":4},{"damage":12,"enemies":"Gremlin Gang","floor":4,"turns":6},{"damage":2,"enemies":"Blue Slaver","floor":5,"turns":6},{"damage":13,"enemies":"Gremlin Nob","floor":7,"turns":5},{"damage":0,"enemies":"Large Slime","floor":8,"turns":5},{"damage":0,"enemies":"Exordium Thugs","floor":12,"turns":4},{"damage":6,"enemies":"Exordium Wildlife","floor":13,"turns":4},{"damage":17,"enemies":"Slime Boss","floor":16,"turns":7}],"seed_played":"-6062819287156081986","potions_obtained":[{"floor":1,"key":"SpeedPotion"},{"floor":7,"key":"Adrenaline Potion"},{"floor":8,"key":"Ancient Potion"}],"is_trial":false,"path_per_floor":["M","M","M","M","M","R","E","M","T","$","?","M","M","?","R","B"],"character_chosen":"THE_ELEMENTALIST","items_purchased":["Guide Book"],"campfire_rested":0,"item_purchase_floors":[10],"current_hp_per_floor":[61,61,61,49,47,47,34,34,34,34,27,27,21,21,24,7],"gold":166,"neow_bonus":"REMOVE_TWO","is_prod":false,"is_daily":false,"chose_seed":false,"campfire_upgraded":1,"win_rate":0.0,"timestamp":1550272014,"path_taken":["M","?","M","M","M","R","E","M","T","$","?","M","M","?","R","BOSS"],"build_version":"2019-01-23","purchased_purges":0,"victory":false,"max_hp_per_floor":[70,70,70,70,70,70,70,70,70,70,70,70,70,70,73,73],"card_choices":[{"not_picked":["elementalist:Confluence","elementalist:Cauterize"],"picked":"elementalist:Wards","floor":1},{"not_picked":["elementalist:Low_Tides","elementalist:Etherstrike"],"picked":"elementalist:Monument","floor":2},{"not_picked":["elementalist:Etherstrike","elementalist:Momentum"],"picked":"elementalist:Caution","floor":3},{"not_picked":["elementalist:Inferno","elementalist:Concentricity"],"picked":"elementalist:Rising_Tides","floor":4},{"not_picked":["elementalist:Caution","elementalist:Sidereal_Form"],"picked":"elementalist:Mist","floor":5},{"not_picked":["elementalist:Blaze","elementalist:Spark"],"picked":"elementalist:Glaciate","floor":7},{"not_picked":["elementalist:Flame","elementalist:Cauterize","elementalist:Aegis"],"picked":"SKIP","floor":8},{"not_picked":["elementalist:Pressurize","elementalist:Flame"],"picked":"elementalist:Lunar_Form","floor":12},{"not_picked":["elementalist:Etherstrike","elementalist:Vaccuum","elementalist:Momentum"],"picked":"SKIP","floor":13}],"player_experience":756885,"relics_obtained":[{"floor":7,"key":"Regal Pillow"},{"floor":9,"key":"ReplayTheSpireMod:Ninjato"}],"event_choices":[{"damage_healed":0,"gold_gain":75,"player_choice":"Touch","damage_taken":7,"max_hp_gain":0,"max_hp_loss":0,"event_name":"FaceTrader","floor":11,"gold_loss":0}],"is_beta":false,"boss_relics":[],"items_purged_floors":[],"is_endless":false,"potions_floor_spawned":[1,7,8,13],"killed_by":"Slime Boss","ascension_level":0}