{"gold_per_floor":[117,135,21,31,42,57,69,69,69,69,27,27,52,66,66,140,140,94],"floor_reached":18,"playtime":6639,"items_purged":["Strike_G"],"score":363,"play_id":"55f8132b-0410-4087-b540-74f8f2a8289c","local_time":"20190306193209","is_ascension_mode":true,"campfire_choices":[{"data":"Skewer","floor":10,"key":"SMITH"},{"data":"Bouncing Flask","floor":12,"key":"SMITH"},{"data":"Neutralize","floor":15,"key":"SMITH"}],"neow_cost":"NONE","seed_source_timestamp":558506115451,"circlet_count":0,"master_deck":["AscendersBane","Defend_G","Defend_G","Defend_G","Defend_G","Defend_G","Strike_G","Strike_G","Strike_G","Strike_G","Survivor","Neutralize+1","Wraith Form v2","Backstab","Dagger Throw","Well Laid Plans","Skewer+1","Cloak And Dagger","Wraith Form v2","Leg Sweep","Bouncing Flask+1","Infinite Blades","Cloak And Dagger","Malaise"],"relics":["Ring of the Snake","Bottled Tornado","Bottled Lightning","WristBlade"],"potions_floor_usage":[13,16],"damage_taken":[{"damage":5,"enemies":"2 Louse","floor":1,"turns":5},{"damage":8,"enemies":"Jaw Worm","floor":2,"turns":5},{"damage":1,"enemies":"Small Slimes","floor":4,"turns":4},{"damage":8,"enemies":"Exordium Thugs","floor":5,"turns":6},{"damage":3,"enemies":"3 Louse","floor":6,"turns":3},{"damage":23,"enemies":"Exordium Wildlife","floor":7,"turns":8},{"damage":0,"enemies":"Gremlin Nob","floor":13,"turns":2},{"damage":3,"enemies":"Looter","floor":14,"turns":3},{"damage":26,"enemies":"The Guardian","floor":16,"turns":11},{"damage":27,"enemies":"2 Thieves","floor":18,"turns":5}],"seed_played":"-5026715942659861497","potions_obtained":[{"floor":1,"key":"FearPotion"},{"floor":2,"key":"FearPotion"},{"floor":5,"key":"EssenceOfSteel"},{"floor":7,"key":"Block Potion"},{"floor":16,"key":"Fire Potion"},{"floor":18,"key":"FairyPotion"}],"is_trial":false,"path_per_floor":["M","M","$","M","M","M","M","?","T","R","$","R","E","M","R","B",null,"M"],"character_chosen":"THE_SILENT","items_purchased":["Well Laid Plans","Bouncing Flask"],"campfire_rested":0,"item_purchase_floors":[3,11],"current_hp_per_floor":[54,46,46,45,37,34,11,33,33,33,33,33,33,30,30,4,51,24],"gold":94,"neow_bonus":"ONE_RANDOM_RARE_CARD","is_prod":false,"is_daily":false,"chose_seed":false,"campfire_upgraded":3,"win_rate":0,"timestamp":1551897129,"path_taken":["M","M","$","M","M","M","M","?","T","R","$","R","E","M","R","BOSS","M"],"build_version":"2019-01-23","purchased_purges":1,"victory":false,"max_hp_per_floor":[66,66,66,66,66,66,66,66,66,66,66,66,66,66,66,66,66,66],"card_choices":[{"not_picked":["Underhanded Strike","Bouncing Flask"],"picked":"Backstab","floor":1},{"not_picked":["Expertise","PiercingWail"],"picked":"Dagger Throw","floor":2},{"not_picked":["Quick Slash","Bane"],"picked":"Skewer","floor":4},{"not_picked":["PiercingWail","Bane"],"picked":"Cloak And Dagger","floor":5},{"not_picked":["Backstab","Dagger Throw"],"picked":"Wraith Form v2","floor":6},{"not_picked":["Blade Dance","Heel Hook"],"picked":"Leg Sweep","floor":7},{"not_picked":["Well Laid Plans","Quick Slash"],"picked":"Infinite Blades","floor":13},{"not_picked":["Dodge and Roll","Backflip"],"picked":"Cloak And Dagger","floor":14},{"not_picked":["A Thousand Cuts","Storm of Steel"],"picked":"Malaise","floor":16},{"not_picked":["Deflect","Backflip","Sucker Punch"],"picked":"SKIP","floor":18}],"player_experience":908646,"relics_obtained":[{"floor":9,"key":"Bottled Tornado"},{"floor":13,"key":"Bottled Lightning"}],"event_choices":[{"damage_healed":22,"gold_gain":0,"player_choice":"Banana","damage_taken":0,"max_hp_gain":0,"max_hp_loss":0,"event_name":"Big Fish","floor":8,"gold_loss":0}],"is_beta":false,"boss_relics":[{"not_picked":["Orrery","Cursed Key"],"picked":"WristBlade"}],"items_purged_floors":[3],"is_endless":false,"potions_floor_spawned":[1,2,5,7,16,18],"killed_by":"2 Thieves","ascension_level":18}