{"gold_per_floor":[111,111,36,36,49,84,84,96,123,156,156,218,238,257,257,360,360,379,379,392,38,38,38,64,77,77,77,77,112,62,62,62,160,160,171,0,0,0,16,51,64,94,94,113,113,113,63,78,78,78,78,78,28,60,60],"floor_reached":56,"playtime":5507,"items_purged":["Strike_B","Defend_B","Defend_B","Writhe","Defend_B"],"score":1390,"play_id":"b3f2c566-017b-4543-894e-52ba796dce96","local_time":"20190303191912","is_ascension_mode":true,"campfire_choices":[{"floor":7,"key":"RECALL"},{"data":"Blizzard","floor":15,"key":"SMITH"},{"data":"Defragment","floor":23,"key":"SMITH"},{"floor":27,"key":"REST"},{"floor":32,"key":"REST"},{"floor":46,"key":"REST"},{"floor":49,"key":"REST"},{"data":"Glacier","floor":52,"key":"SMITH"}],"neow_cost":"TEN_PERCENT_HP_LOSS","seed_source_timestamp":72975898452256,"circlet_count":0,"master_deck":["Zap","Dualcast","Blizzard+1","Compile Driver","Glacier","Go for the Eyes","Leap","Stack","Leap","Echo Form","Glacier+1","Multi-Cast","Stack","Chaos+1","Defragment+1","Barrage+1","Seek","Skim","Parasite","Capacitor+1"],"relics":["Cracked Core","Gambling Chip","Smiling Mask","DataDisk","Lantern","FaceOfCleric","Tiny Chest","Sozu","Torii","Bottled Lightning","Potion Belt","Inserter","Red Mask","Mercury Hourglass","Shuriken","Letter Opener","Pocketwatch"],"potions_floor_usage":[16,16,20],"damage_taken":[{"damage":0,"enemies":"2 Louse","floor":1,"turns":1},{"damage":0,"enemies":"Small Slimes","floor":5,"turns":3},{"damage":22,"enemies":"3 Sentries","floor":6,"turns":9},{"damage":0,"enemies":"Cultist","floor":8,"turns":5},{"damage":0,"enemies":"Lagavulin","floor":10,"turns":11},{"damage":0,"enemies":"Gremlin Nob","floor":12,"turns":7},{"damage":1,"enemies":"3 Louse","floor":13,"turns":3},{"damage":0,"enemies":"Red Slaver","floor":14,"turns":4},{"damage":24,"enemies":"Slime Boss","floor":16,"turns":15},{"damage":26,"enemies":"3 Byrds","floor":18,"turns":7},{"damage":0,"enemies":"Chosen","floor":20,"turns":7},{"damage":14,"enemies":"Gremlin Leader","floor":24,"turns":9},{"damage":9,"enemies":"Snake Plant","floor":25,"turns":4},{"damage":30,"enemies":"Slavers","floor":29,"turns":8},{"damage":8,"enemies":"Collector","floor":33,"turns":12},{"damage":19,"enemies":"3 Darklings","floor":35,"turns":6},{"damage":0,"enemies":"Orb Walker","floor":39,"turns":5},{"damage":0,"enemies":"Giant Head","floor":40,"turns":9},{"damage":0,"enemies":"Writhing Mass","floor":41,"turns":8},{"damage":44,"enemies":"Reptomancer","floor":42,"turns":10},{"damage":8,"enemies":"Transient","floor":44,"turns":5},{"damage":10,"enemies":"Sphere and 2 Shapes","floor":48,"turns":7},{"damage":8,"enemies":"Time Eater","floor":50,"turns":11},{"damage":15,"enemies":"Shield and Spear","floor":54,"turns":10},{"damage":39,"enemies":"The Heart","floor":55,"turns":14}],"seed_played":"7794575792973396618","potions_obtained":[{"floor":6,"key":"PowerPotion"},{"floor":10,"key":"Swift Potion"},{"floor":12,"key":"Swift Potion"},{"floor":13,"key":"GamblersBrew"}],"is_trial":false,"path_per_floor":["M","?","$","?","M","E","R","M","T","E","?","E","M","M","R","B",null,"M","?","M","$","?","R","E","M","T","R","?","E","$","?","R","B",null,"M","?","?","?","M","E","M","E","T","M","?","R","$","M","R","B",null,"R","$","E","B",null],"character_chosen":"DEFECT","items_purchased":["Torii"],"campfire_rested":4,"item_purchase_floors":[21],"current_hp_per_floor":[68,61,61,61,61,39,39,39,39,39,39,40,40,41,41,18,72,47,47,48,48,48,48,35,27,27,49,49,20,20,20,43,36,78,60,60,60,60,61,62,63,20,20,13,34,59,59,50,75,68,86,86,86,72,34],"gold":60,"neow_bonus":"ONE_RARE_RELIC","is_prod":false,"is_daily":false,"chose_seed":false,"campfire_upgraded":3,"win_rate":0,"timestamp":1551662352,"path_taken":["M","?","$","?","M","E","R","?","T","E","?","E","M","?","R","BOSS","M","?","M","$","?","R","E","M","T","R","?","E","$","?","R","BOSS","M","?","?","?","?","E","M","E","T","M","?","R","$","M","R","BOSS","R","$","E","BOSS"],"build_version":"2019-01-23","purchased_purges":5,"victory":true,"max_hp_per_floor":[68,68,68,68,68,68,68,68,68,68,68,69,70,71,71,72,72,73,73,74,74,74,74,75,76,76,76,76,77,77,77,77,78,78,79,79,79,79,80,81,82,83,83,84,84,84,84,85,85,86,86,86,86,87,88],"card_choices":[{"not_picked":["Turbo","Ball Lightning"],"picked":"Blizzard","floor":1},{"not_picked":["Go for the Eyes","Redo"],"picked":"Glacier","floor":5},{"not_picked":["Rebound","Tempest"],"picked":"Auto Shields","floor":6},{"not_picked":["Genetic Algorithm","Ball Lightning"],"picked":"Go for the Eyes","floor":8},{"not_picked":["Streamline","Compile Driver"],"picked":"Leap","floor":10},{"not_picked":["Chaos","Force Field","Undo"],"picked":"SKIP","floor":12},{"not_picked":["Sweeping Beam","Steam"],"picked":"Stack","floor":13},{"not_picked":["Amplify","Steam"],"picked":"Leap","floor":14},{"not_picked":["Thunder Strike","Hyperbeam"],"picked":"Echo Form","floor":16},{"not_picked":["Redo","Turbo"],"picked":"Glacier","floor":18},{"not_picked":["Sweeping Beam","Gash"],"picked":"Chaos+1","floor":20},{"not_picked":["Sunder+1","Undo","Heatsinks"],"picked":"SKIP","floor":24},{"not_picked":["Genetic Algorithm","Hello World","Doom and Gloom+1"],"picked":"SKIP","floor":25},{"not_picked":["Rebound+1","Beam Cell"],"picked":"Barrage+1","floor":29},{"not_picked":["Reboot","Amplify"],"picked":"Seek","floor":33},{"not_picked":["Self Repair","Recycle","Compile Driver+1"],"picked":"SKIP","floor":35},{"not_picked":["Ball Lightning","Force Field","Hello World"],"picked":"SKIP","floor":39},{"not_picked":["Steam","Stack+1","Turbo+1"],"picked":"SKIP","floor":40},{"not_picked":["FTL+1","Reinforced Body","Streamline"],"picked":"SKIP","floor":41},{"not_picked":["Skim+1","Rebound"],"picked":"Capacitor+1","floor":42},{"not_picked":["Gash","Barrage+1","Compile Driver"],"picked":"SKIP","floor":44},{"not_picked":["Coolheaded+1","Multi-Cast","Stack+1"],"picked":"SKIP","floor":48},{"not_picked":["Melter","Turbo+1","Ball Lightning"],"picked":"SKIP","floor":54}],"player_experience":168284,"relics_obtained":[{"floor":6,"key":"Smiling Mask"},{"floor":9,"key":"DataDisk"},{"floor":10,"key":"Lantern"},{"floor":12,"key":"Tiny Chest"},{"floor":24,"key":"Bottled Lightning"},{"floor":29,"key":"Potion Belt"},{"floor":40,"key":"Mercury Hourglass"},{"floor":42,"key":"Shuriken"},{"floor":43,"key":"Letter Opener"},{"floor":54,"key":"Pocketwatch"}],"event_choices":[{"cards_removed":["Strike_B"],"damage_healed":0,"gold_gain":0,"player_choice":"Card Removal","damage_taken":7,"max_hp_gain":0,"max_hp_loss":0,"event_name":"Golden Wing","floor":2,"gold_loss":0},{"damage_healed":0,"gold_gain":0,"cards_transformed":["Strike_B"],"player_choice":"Transformed","damage_taken":0,"max_hp_gain":0,"max_hp_loss":0,"event_name":"Transmorgrifier","floor":4,"gold_loss":0,"cards_obtained":["Compile Driver"]},{"damage_healed":0,"gold_gain":0,"player_choice":"Trade","damage_taken":0,"relics_obtained":["FaceOfCleric"],"max_hp_gain":0,"max_hp_loss":0,"event_name":"FaceTrader","floor":11,"gold_loss":0},{"damage_healed":0,"gold_gain":0,"cards_transformed":["Strike_B","Defend_B"],"player_choice":"Became Test Subject","damage_taken":0,"max_hp_gain":0,"max_hp_loss":0,"event_name":"Drug Dealer","floor":19,"gold_loss":0,"cards_obtained":["Multi-Cast","Stack"]},{"damage_healed":0,"gold_gain":0,"player_choice":"Read","damage_taken":0,"max_hp_gain":0,"max_hp_loss":0,"event_name":"The Library","floor":22,"gold_loss":0,"cards_obtained":["Defragment"]},{"damage_healed":0,"gold_gain":0,"player_choice":"Ignored","damage_taken":0,"max_hp_gain":0,"max_hp_loss":0,"event_name":"Vampires","floor":28,"gold_loss":0},{"damage_healed":0,"gold_gain":0,"player_choice":"Paid","damage_taken":0,"relics_obtained":["Red Mask"],"max_hp_gain":0,"max_hp_loss":0,"event_name":"Tomb of Lord Red Mask","floor":36,"gold_loss":171},{"damage_healed":0,"gold_gain":0,"player_choice":"Ignored","damage_taken":0,"max_hp_gain":0,"max_hp_loss":0,"event_name":"Mysterious Sphere","floor":37,"gold_loss":0},{"damage_healed":0,"gold_gain":0,"cards_transformed":["Auto Shields"],"player_choice":"Transformed","damage_taken":0,"max_hp_gain":0,"max_hp_loss":0,"event_name":"Transmorgrifier","floor":38,"gold_loss":0,"cards_obtained":["Skim"]},{"damage_healed":21,"gold_gain":0,"player_choice":"Writhe","damage_taken":0,"max_hp_gain":0,"max_hp_loss":0,"event_name":"Winding Halls","floor":45,"gold_loss":0,"cards_obtained":["Writhe"]}],"is_beta":false,"boss_relics":[{"not_picked":["Runic Dome","Cursed Key"],"picked":"Sozu"},{"not_picked":["Lizard Tail","Runic Pyramid"],"picked":"Inserter"}],"items_purged_floors":[3,21,30,47,53],"is_endless":false,"potions_floor_spawned":[6,10,12,13,14,20,29,40,44],"ascension_level":2}