{"gold_per_floor":[112,187,187,208,222,222,247,247,273,300,312,338,350,327,339,351],"floor_reached":16,"playtime":385,"items_purged":[],"score":92,"play_id":"6040d308-c5fb-43ef-9631-4ab8c5422967","local_time":"20190228174324","is_ascension_mode":false,"campfire_choices":[{"data":"Havoc","floor":6,"key":"SMITH"},{"data":"Flex","floor":11,"key":"SMITH"},{"floor":13,"key":"REST"},{"floor":15,"key":"REST"}],"neow_cost":"NONE","seed_source_timestamp":1117048732104986,"circlet_count":0,"master_deck":["Strike_R","Strike_R","Strike_R","Strike_R","Defend_R","Defend_R","Defend_R","Defend_R","Bash","Havoc+1","Shrug It Off","Flex+1","Feed"],"relics":["White Beast Statue","Golden Idol","MawBank"],"potions_floor_usage":[10],"damage_taken":[{"damage":11,"enemies":"Jaw Worm","floor":1,"turns":3},{"damage":0,"enemies":"2 Louse","floor":4,"turns":3},{"damage":10,"enemies":"Cultist","floor":5,"turns":4},{"damage":19,"enemies":"Blue Slaver","floor":7,"turns":5},{"damage":10,"enemies":"3 Louse","floor":10,"turns":3},{"damage":8,"enemies":"Red Slaver","floor":12,"turns":2},{"damage":74,"enemies":"The Guardian","floor":16,"turns":15}],"seed_played":"8916279859467496423","potions_obtained":[{"floor":1,"key":"FearPotion"},{"floor":4,"key":"Energy Potion"},{"floor":5,"key":"Dexterity Potion"},{"floor":10,"key":"Poison Potion"}],"is_trial":false,"path_per_floor":["M","?","?","M","M","R","M","?","T","M","R","M","R","?","R","B"],"character_chosen":"IRONCLAD","items_purchased":[],"campfire_rested":2,"item_purchase_floors":[],"current_hp_per_floor":[69,58,58,58,48,48,29,29,29,19,19,11,33,51,73,0],"gold":351,"neow_bonus":"BOSS_RELIC","is_prod":false,"is_daily":false,"chose_seed":false,"campfire_upgraded":2,"win_rate":0,"timestamp":1551354204,"path_taken":["M","?","?","M","M","R","M","?","T","?","R","M","R","?","R","BOSS"],"build_version":"2019-01-23","purchased_purges":0,"victory":false,"max_hp_per_floor":[80,80,74,74,74,74,74,74,74,74,74,74,74,74,74,74],"card_choices":[{"not_picked":["Combust","Infernal Blade"],"picked":"Havoc","floor":1},{"not_picked":["Thunderclap","Warcry","Heavy Blade"],"picked":"SKIP","floor":4},{"not_picked":["Armaments","Heavy Blade","Perfected Strike"],"picked":"SKIP","floor":5},{"not_picked":["Corruption","Anger"],"picked":"Shrug It Off","floor":7},{"not_picked":["Ghostly Armor","Inflame"],"picked":"Flex","floor":10},{"not_picked":["Headbutt","Body Slam"],"picked":"Feed","floor":12}],"player_experience":919622,"relics_obtained":[{"floor":9,"key":"MawBank"}],"event_choices":[{"damage_healed":0,"gold_gain":75,"player_choice":"Gather Gold","damage_taken":11,"max_hp_gain":0,"max_hp_loss":0,"event_name":"World of Goop","floor":2,"gold_loss":0},{"damage_healed":0,"gold_gain":0,"player_choice":"Lose Max HP","damage_taken":0,"relics_obtained":["Golden Idol"],"max_hp_gain":0,"max_hp_loss":6,"event_name":"Golden Idol","floor":3,"gold_loss":0},{"cards_removed":["Strike_R"],"damage_healed":0,"gold_gain":0,"player_choice":"Purged","damage_taken":0,"max_hp_gain":0,"max_hp_loss":0,"event_name":"Purifier","floor":8,"gold_loss":0},{"damage_healed":18,"gold_gain":0,"player_choice":"Healed","damage_taken":0,"max_hp_gain":0,"max_hp_loss":0,"event_name":"The Cleric","floor":14,"gold_loss":35}],"is_beta":false,"boss_relics":[],"items_purged_floors":[],"is_endless":false,"potions_floor_spawned":[1,4,5,7,10,12],"killed_by":"The Guardian","ascension_level":0}