{"gold_per_floor":[116,136,151,168,343,372,372,407,407,407,407,407,407,423,423,527,527,539,272,288,37,136,136,163,175,175,191,191,207,227,227,227,329,329,344,354,374,474,474,474,493,513,513,523,540,557,571,571,571,571,571,571,14,39,39],"floor_reached":55,"playtime":2832,"items_purged":[],"score":830,"play_id":"3031ea63-d499-4b5b-bd68-11a14ae681e9","local_time":"20190214004550","is_ascension_mode":false,"campfire_choices":[{"floor":7,"key":"REST"},{"floor":10,"key":"REST"},{"floor":13,"key":"REST"},{"floor":15,"key":"RECALL"},{"data":"Storm","floor":23,"key":"SMITH"},{"data":"Hello World","floor":28,"key":"SMITH"},{"data":"Magnetism","floor":32,"key":"SMITH"},{"floor":40,"key":"DIG"},{"floor":49,"key":"REST"},{"floor":52,"key":"DIG"}],"neow_cost":"NONE","seed_source_timestamp":57127715538504,"circlet_count":0,"master_deck":["Strike_B","Strike_B","Strike_B","Strike_B","Defend_B","Defend_B","Defend_B","Defend_B","Zap","Dualcast","Go for the Eyes","Ball Lightning","Capacitor","Static Discharge","Electrodynamics","Storm+1","Thunder Strike","Leap","Hello World+1","Leap","Magnetism+1","Bandage Up","Go for the Eyes+1","Lockon+1","Leap","Thunder Strike","Machine Learning","Undo+1","Capacitor+1","Buffer","Static Discharge","Parasite","Parasite","Defragment+1","Leap","Auto Shields","Redo+1","Writhe","Heatsinks","Reinforced Body","Deep Breath","Auto Shields"],"relics":["Cracked Core","Incense Burner","FossilizedHelix","Pantograph","Sozu","Strawberry","Darkstone Periapt","Cursed Key","Shovel","Pear","Bottled Flame","Kunai","Happy Flower","TheAbacus","Sundial"],"potions_floor_usage":[8,55,55,55],"damage_taken":[{"damage":0,"enemies":"Small Slimes","floor":1,"turns":2},{"damage":0,"enemies":"Cultist","floor":2,"turns":3},{"damage":6,"enemies":"Jaw Worm","floor":3,"turns":2},{"damage":15,"enemies":"Exordium Thugs","floor":4,"turns":4},{"damage":35,"enemies":"Gremlin Nob","floor":6,"turns":5},{"damage":16,"enemies":"Lagavulin","floor":8,"turns":7},{"damage":5,"enemies":"3 Louse","floor":14,"turns":2},{"damage":0,"enemies":"Slime Boss","floor":16,"turns":7},{"damage":10,"enemies":"2 Thieves","floor":18,"turns":2},{"damage":9,"enemies":"Shell Parasite","floor":20,"turns":4},{"damage":9,"enemies":"Gremlin Leader","floor":24,"turns":5},{"damage":19,"enemies":"Shelled Parasite and Fungi","floor":25,"turns":5},{"damage":0,"enemies":"Centurion and Healer","floor":27,"turns":5},{"damage":0,"enemies":"Snecko","floor":29,"turns":4},{"damage":1,"enemies":"Shelled Parasite and Fungi","floor":30,"turns":3},{"damage":38,"enemies":"Automaton","floor":33,"turns":9},{"damage":4,"enemies":"Orb Walker","floor":35,"turns":3},{"damage":13,"enemies":"3 Shapes","floor":36,"turns":3},{"damage":8,"enemies":"Maw","floor":37,"turns":6},{"damage":28,"enemies":"Mind Bloom Boss Battle","floor":38,"turns":5},{"damage":0,"enemies":"Transient","floor":41,"turns":5},{"damage":15,"enemies":"4 Shapes","floor":42,"turns":3},{"damage":8,"enemies":"Writhing Mass","floor":44,"turns":7},{"damage":21,"enemies":"Sphere and 2 Shapes","floor":45,"turns":6},{"damage":23,"enemies":"3 Darklings","floor":46,"turns":5},{"damage":0,"enemies":"Maw","floor":47,"turns":7},{"damage":110,"enemies":"Awakened One","floor":50,"turns":10},{"damage":99,"enemies":"Shield and Spear","floor":54,"turns":7},{"damage":58,"enemies":"The Heart","floor":55,"turns":8}],"seed_played":"-3360522000935733815","potions_obtained":[{"floor":2,"key":"SneckoOil"},{"floor":8,"key":"Poison Potion"},{"floor":12,"key":"PowerPotion"},{"floor":12,"key":"SkillPotion"},{"floor":12,"key":"Ancient Potion"}],"is_trial":false,"path_per_floor":["M","M","M","M","?","E","R","E","T","R","?","?","R","M","R","B",null,"M","$","M","$","?","R","E","M","T","M","R","M","M","?","R","B",null,"M","M","M","?","?","R","M","M","T","M","M","M","M","?","R","B",null,"R","$","E","B"],"character_chosen":"DEFECT","items_purchased":["Hello World","Leap","Strawberry","Magnetism","Bandage Up","Heatsinks","Reinforced Body","Happy Flower","TheAbacus","Deep Breath"],"campfire_rested":4,"item_purchase_floors":[19,19,19,21,21,53,53,53,53,53],"current_hp_per_floor":[82,82,76,61,61,26,50,34,34,58,51,51,75,70,70,82,82,72,79,70,70,70,70,65,50,50,54,54,54,53,53,53,44,89,89,76,72,61,61,71,75,60,66,68,53,34,38,72,107,11,117,117,117,22,0],"gold":39,"neow_bonus":"TEN_PERCENT_HP_BONUS","is_prod":false,"is_daily":false,"chose_seed":false,"campfire_upgraded":3,"win_rate":0,"timestamp":1550141150,"path_taken":["M","M","M","M","?","E","R","E","T","R","?","?","R","M","R","BOSS","M","$","M","$","?","R","E","M","T","M","R","M","M","?","R","BOSS","M","M","M","?","?","R","M","M","T","M","M","M","M","?","R","BOSS","R","$","E","BOSS"],"build_version":"2019-01-23","purchased_purges":0,"victory":false,"max_hp_per_floor":[82,82,82,82,82,82,82,82,82,82,82,82,82,82,82,82,82,82,89,89,89,89,89,89,89,89,89,89,89,89,89,89,89,89,89,89,89,89,89,99,99,99,105,111,111,111,111,117,117,117,117,117,117,117,117],"card_choices":[{"not_picked":["Beam Cell","Melter"],"picked":"Go for the Eyes","floor":1},{"not_picked":["Sunder","Steam Power"],"picked":"Ball Lightning","floor":2},{"not_picked":["Hologram","Streamline"],"picked":"Capacitor","floor":3},{"not_picked":["Gash","Auto Shields"],"picked":"Static Discharge","floor":4},{"not_picked":["Sweeping Beam","Coolheaded","Barrage"],"picked":"SKIP","floor":6},{"not_picked":["Barrage","Rebound"],"picked":"Electrodynamics","floor":8},{"not_picked":["Chaos","Consume"],"picked":"Storm","floor":14},{"not_picked":["Electrodynamics","Seek"],"picked":"Thunder Strike","floor":16},{"not_picked":["Steam","Beam Cell+1"],"picked":"Leap","floor":18},{"not_picked":["Steam","Streamline","Compile Driver"],"picked":"SKIP","floor":20},{"not_picked":["Chaos","Fission"],"picked":"Go for the Eyes+1","floor":24},{"not_picked":["Gash+1","Streamline","Barrage"],"picked":"SKIP","floor":25},{"not_picked":["Aggregate","Beam Cell"],"picked":"Lockon+1","floor":27},{"not_picked":["Compile Driver+1","Blizzard"],"picked":"Ball Lightning","floor":29},{"not_picked":["Streamline","Coolheaded+1"],"picked":"Leap","floor":30},{"not_picked":["Buffer","Fission"],"picked":"Machine Learning","floor":33},{"not_picked":["Conserve Battery","Darkness","Beam Cell+1"],"picked":"SKIP","floor":35},{"not_picked":["Barrage","Ball Lightning"],"picked":"Undo+1","floor":36},{"not_picked":["Melter+1","Cold Snap","Doom and Gloom"],"picked":"SKIP","floor":37},{"not_picked":["Go for the Eyes+1","Blizzard"],"picked":"Capacitor+1","floor":38},{"not_picked":["Steam","Sweeping Beam"],"picked":"Buffer","floor":41},{"not_picked":["Turbo","Redo"],"picked":"Static Discharge","floor":42},{"not_picked":["Hologram+1","Beam Cell"],"picked":"Defragment+1","floor":44},{"not_picked":["Genetic Algorithm+1","Glacier"],"picked":"Leap","floor":45},{"not_picked":["Barrage+1","Beam Cell+1"],"picked":"Auto Shields","floor":46},{"not_picked":["Leap","Cold Snap"],"picked":"Redo+1","floor":47},{"not_picked":["Rip and Tear+1","Hyperbeam"],"picked":"Auto Shields","floor":54}],"player_experience":428118,"relics_obtained":[{"floor":6,"key":"Incense Burner"},{"floor":8,"key":"FossilizedHelix"},{"floor":9,"key":"Pantograph"},{"floor":24,"key":"Darkstone Periapt"},{"floor":38,"key":"Shovel"},{"floor":40,"key":"Pear"},{"floor":43,"key":"Bottled Flame"},{"floor":52,"key":"Kunai"},{"floor":54,"key":"Sundial"}],"event_choices":[{"damage_healed":0,"gold_gain":175,"player_choice":"AGREE","damage_taken":0,"max_hp_gain":0,"max_hp_loss":0,"event_name":"Liars Game","floor":5,"gold_loss":0,"cards_obtained":["Doubt"]},{"cards_removed":["Doubt"],"damage_healed":0,"gold_gain":0,"player_choice":"Card Removal","damage_taken":7,"max_hp_gain":0,"max_hp_loss":0,"event_name":"Golden Wing","floor":11,"gold_loss":0},{"damage_healed":0,"gold_gain":0,"player_choice":"Got Potions","damage_taken":0,"max_hp_gain":0,"max_hp_loss":0,"event_name":"Lab","floor":12,"gold_loss":0},{"damage_healed":0,"gold_gain":99,"player_choice":"Stole From Cult","damage_taken":0,"max_hp_gain":0,"max_hp_loss":0,"event_name":"Nest","floor":22,"gold_loss":0},{"damage_healed":0,"gold_gain":0,"player_choice":"Copied","damage_taken":0,"max_hp_gain":0,"max_hp_loss":0,"event_name":"Duplicator","floor":31,"gold_loss":0,"cards_obtained":["Thunder Strike"]},{"damage_healed":0,"gold_gain":0,"player_choice":"Fight","damage_taken":0,"max_hp_gain":0,"max_hp_loss":0,"event_name":"MindBloom","floor":38,"gold_loss":0},{"cards_removed":["Ball Lightning"],"damage_healed":0,"gold_gain":0,"player_choice":"Removed Attack","damage_taken":0,"max_hp_gain":0,"max_hp_loss":0,"event_name":"Falling","floor":39,"gold_loss":0},{"damage_healed":28,"gold_gain":0,"player_choice":"Writhe","damage_taken":0,"max_hp_gain":0,"max_hp_loss":0,"event_name":"Winding Halls","floor":48,"gold_loss":0,"cards_obtained":["Writhe"]}],"is_beta":false,"boss_relics":[{"not_picked":["Empty Cage","FrozenCore"],"picked":"Sozu"},{"not_picked":["Tiny House","Coffee Dripper"],"picked":"Cursed Key"}],"items_purged_floors":[],"is_endless":false,"potions_floor_spawned":[2,8,20,25,29,30,35,36,38,42,47],"killed_by":"The Heart","ascension_level":0}