{"gold_per_floor":[113,113,130,130,147,181,181,210,237,237,207,222,240,267,267,371,371,371,286,100,100,100,100,100,100],"floor_reached":25,"playtime":1337,"items_purged":[],"score":363,"play_id":"e95b68a2-cf61-4c4c-9687-b2832b62e470","local_time":"20190124123729","is_ascension_mode":true,"campfire_choices":[{"floor":7,"key":"REST"},{"floor":15,"key":"REST"}],"neow_cost":"NONE","seed_source_timestamp":448290581604784,"circlet_count":0,"master_deck":["Defend_G","Defend_G","Defend_G","Defend_G","Defend_G","Strike_G","Strike_G","Strike_G","Strike_G","Survivor","Neutralize","Cloak And Dagger","Flying Knee","Burst","Choke","Distraction","Noxious Fumes","Deadly Poison","Noxious Fumes","Deadly Poison","Backflip","Venomology","Sadistic Nature","Prepared+1","RitualDagger","Cloak And Dagger","Catalyst"],"relics":["Ring of the Snake","PreservedInsect","Pen Nib","Orichalcum","FossilizedHelix","Ectoplasm","StoneCalendar","Regal Pillow"],"potions_floor_usage":[6,11,14,21,23,24,24,24,25],"damage_taken":[{"damage":0,"enemies":"2 Louse","floor":1,"turns":3},{"damage":0,"enemies":"Cultist","floor":3,"turns":3},{"damage":0,"enemies":"Small Slimes","floor":5,"turns":3},{"damage":31,"enemies":"Gremlin Nob","floor":6,"turns":5},{"damage":12,"enemies":"3 Sentries","floor":8,"turns":6},{"damage":8,"enemies":"Red Slaver","floor":12,"turns":3},{"damage":2,"enemies":"Blue Slaver","floor":13,"turns":3},{"damage":0,"enemies":"Gremlin Nob","floor":14,"turns":2},{"damage":0,"enemies":"Slime Boss","floor":16,"turns":9},{"damage":14,"enemies":"Spheric Guardian","floor":18,"turns":5},{"damage":16,"enemies":"3 Byrds","floor":21,"turns":4},{"damage":30,"enemies":"Book of Stabbing","floor":23,"turns":5},{"damage":14,"enemies":"Cultist and Chosen","floor":24,"turns":5},{"damage":11,"enemies":"Snake Plant","floor":25,"turns":2}],"seed_played":"4765375016698644996","potions_obtained":[{"floor":5,"key":"FearPotion"},{"floor":6,"key":"PowerPotion"},{"floor":11,"key":"Fruit Juice"},{"floor":11,"key":"Fire Potion"},{"floor":13,"key":"Explosive Potion"},{"floor":14,"key":"Strength Potion"},{"floor":16,"key":"Poison Potion"},{"floor":21,"key":"Regen Potion"},{"floor":24,"key":"Poison Potion"}],"is_trial":false,"path_per_floor":["M","?","M","?","M","E","R","E","T","$","?","M","M","E","R","B",null,"M","?","$","M","?","E","M","M"],"character_chosen":"THE_SILENT","items_purchased":["Sadistic Nature"],"campfire_rested":2,"item_purchase_floors":[20],"current_hp_per_floor":[70,70,70,70,70,39,60,48,48,48,53,45,43,43,65,65,75,61,61,61,45,39,23,9,0],"gold":100,"neow_bonus":"THREE_CARDS","is_prod":false,"is_daily":false,"chose_seed":false,"campfire_upgraded":0,"win_rate":0,"timestamp":1548369449,"path_taken":["M","?","?","?","?","E","R","E","T","$","?","?","?","E","R","BOSS","M","?","$","M","?","E","M","M"],"build_version":"2019-01-23","purchased_purges":0,"victory":false,"max_hp_per_floor":[70,70,70,70,70,70,70,70,70,70,75,75,75,75,75,75,75,75,75,75,75,75,75,75,75],"card_choices":[{"not_picked":["Leg Sweep","Underhanded Strike"],"picked":"Cloak And Dagger","floor":0},{"not_picked":["Endless Agony","Outmaneuver"],"picked":"Flying Knee","floor":1},{"not_picked":["Dodge and Roll","Blade Dance"],"picked":"Choke","floor":3},{"not_picked":["Acrobatics","Setup"],"picked":"Distraction","floor":5},{"not_picked":["Crippling Poison","Predator"],"picked":"Noxious Fumes","floor":6},{"not_picked":["Wraith Form v2","Underhanded Strike"],"picked":"Deadly Poison","floor":8},{"not_picked":["Terror","Flechettes"],"picked":"Noxious Fumes","floor":12},{"not_picked":["Crippling Poison","Cloak And Dagger"],"picked":"Deadly Poison","floor":13},{"not_picked":["Sucker Punch","Underhanded Strike"],"picked":"Backflip","floor":14},{"not_picked":["After Image","Wraith Form v2"],"picked":"Venomology","floor":16},{"not_picked":["Terror","Calculated Gamble","Bane"],"picked":"SKIP","floor":18},{"not_picked":["Backflip","Bane"],"picked":"Prepared+1","floor":21},{"not_picked":["Quick Slash","A Thousand Cuts"],"picked":"Cloak And Dagger","floor":23},{"not_picked":["Distraction","Slice"],"picked":"Catalyst","floor":24}],"player_experience":348661,"relics_obtained":[{"floor":6,"key":"PreservedInsect"},{"floor":8,"key":"Pen Nib"},{"floor":9,"key":"Orichalcum"},{"floor":14,"key":"FossilizedHelix"},{"floor":23,"key":"Regal Pillow"}],"event_choices":[{"damage_healed":0,"gold_gain":0,"player_choice":"1 cards matched","damage_taken":0,"max_hp_gain":0,"max_hp_loss":0,"event_name":"Match and Keep!","floor":2,"gold_loss":0,"cards_obtained":["Burst"]},{"cards_removed":["Strike_G"],"damage_healed":0,"gold_gain":0,"player_choice":"Card Removal","damage_taken":0,"max_hp_gain":0,"max_hp_loss":0,"event_name":"Wheel of Change","floor":4,"gold_loss":0},{"damage_healed":0,"gold_gain":0,"player_choice":"Bought 2 Potions","damage_taken":0,"max_hp_gain":0,"max_hp_loss":0,"event_name":"The Woman in Blue","floor":11,"gold_loss":0},{"damage_healed":0,"gold_gain":0,"player_choice":"Obtained Relic","damage_taken":0,"relics_obtained":["StoneCalendar"],"max_hp_gain":0,"max_hp_loss":0,"event_name":"Addict","floor":19,"gold_loss":85},{"damage_healed":0,"gold_gain":0,"player_choice":"Joined the Cult","damage_taken":6,"max_hp_gain":0,"max_hp_loss":0,"event_name":"Nest","floor":22,"gold_loss":0,"cards_obtained":["RitualDagger"]}],"is_beta":false,"boss_relics":[{"not_picked":["Coffee Dripper","Busted Crown"],"picked":"Ectoplasm"}],"items_purged_floors":[],"is_endless":false,"potions_floor_spawned":[5,6,13,14,16,21,24],"killed_by":"Snake Plant","ascension_level":3}