{"gold_per_floor":[118,130,29,29,29,60,118,132,132,132,151,141,172,190,190,287,287,303,2,21,21,39,39,39,39,64,64],"floor_reached":27,"playtime":2038,"items_purged":["Strike_R","Strike_R"],"score":260,"play_id":"120b4732-80f1-4bab-a089-ef247273ec12","local_time":"20190309194225","is_ascension_mode":true,"campfire_choices":[{"floor":15,"key":"REST"},{"data":"Body Slam","floor":23,"key":"SMITH"},{"data":"True Grit","floor":25,"key":"SMITH"}],"neow_cost":"NONE","seed_source_timestamp":4397563860420,"circlet_count":0,"master_deck":["Strike_R","Defend_R","Defend_R","Defend_R","Defend_R","Bash","Clothesline","Metallicize","Flame Barrier","Body Slam+1","Metallicize","Inflame+1","Thunderclap","Dual Wield","Ghostly Armor","Shrug It Off","Feed","True Grit+1","Demon Form+1","Shrug It Off","Rage"],"relics":["Burning Blood","FossilizedHelix","Frozen Egg 2","Letter Opener","Darkstone Periapt","Runic Cube","HandDrill","Bronze Scales"],"potions_floor_usage":[11,16,22],"damage_taken":[{"damage":11,"enemies":"Small Slimes","floor":1,"turns":3},{"damage":8,"enemies":"2 Louse","floor":2,"turns":3},{"damage":43,"enemies":"3 Sentries","floor":6,"turns":18},{"damage":14,"enemies":"3 Sentries","floor":7,"turns":15},{"damage":0,"enemies":"Cultist","floor":8,"turns":6},{"damage":26,"enemies":"Gremlin Gang","floor":11,"turns":7},{"damage":0,"enemies":"Exordium Thugs","floor":12,"turns":5},{"damage":0,"enemies":"Lagavulin","floor":13,"turns":10},{"damage":0,"enemies":"2 Fungi Beasts","floor":14,"turns":5},{"damage":37,"enemies":"The Guardian","floor":16,"turns":27},{"damage":18,"enemies":"Shell Parasite","floor":18,"turns":8},{"damage":62,"enemies":"Chosen","floor":20,"turns":13},{"damage":34,"enemies":"Sentry and Sphere","floor":22,"turns":13},{"damage":25,"enemies":"Cultist and Chosen","floor":27,"turns":7}],"seed_played":"1026844513824017149","potions_obtained":[{"floor":1,"key":"Weak Potion"},{"floor":8,"key":"BloodPotion"},{"floor":11,"key":"AttackPotion"},{"floor":12,"key":"Dexterity Potion"},{"floor":13,"key":"FairyPotion"},{"floor":16,"key":"Regen Potion"}],"is_trial":false,"path_per_floor":["M","M","$","?","?","E","?","M","T","?","M","M","E","M","R","B",null,"M","$","M","$","M","R","$","R","T","M"],"character_chosen":"IRONCLAD","items_purchased":["Body Slam","HandDrill"],"campfire_rested":1,"item_purchase_floors":[3,19],"current_hp_per_floor":[75,73,73,66,66,29,21,27,27,27,15,21,27,36,60,32,86,74,74,21,21,21,21,21,21,21,0],"gold":64,"neow_bonus":"TRANSFORM_CARD","is_prod":false,"is_daily":false,"chose_seed":false,"campfire_upgraded":2,"win_rate":0,"timestamp":1552156945,"path_taken":["M","M","$","?","?","E","?","M","T","?","M","M","E","M","R","BOSS","M","$","M","?","M","R","$","R","T","M"],"build_version":"2019-01-23","purchased_purges":2,"victory":false,"max_hp_per_floor":[80,80,80,80,80,80,80,80,80,80,80,80,80,83,83,86,86,86,86,89,89,92,92,92,92,92,92],"card_choices":[{"not_picked":["Intimidate","Cleave"],"picked":"Metallicize","floor":1},{"not_picked":["Reckless Charge","Carnage"],"picked":"Flame Barrier","floor":2},{"not_picked":["Wild Strike","Rupture"],"picked":"Metallicize","floor":6},{"not_picked":["Evolve+1","True Grit"],"picked":"Inflame+1","floor":8},{"not_picked":["Wild Strike","Power Through"],"picked":"Ghostly Armor","floor":11},{"not_picked":["Disarm","Entrench"],"picked":"Shrug It Off","floor":12},{"not_picked":["Corruption+1","Sword Boomerang"],"picked":"Feed","floor":13},{"not_picked":["Thunderclap","Perfected Strike"],"picked":"True Grit","floor":14},{"not_picked":["Dark Embrace+1","Fiend Fire"],"picked":"Demon Form+1","floor":16},{"not_picked":["Heavy Blade","Metallicize+1"],"picked":"Shrug It Off","floor":18},{"not_picked":["Metallicize+1","Clash"],"picked":"Rage","floor":20},{"not_picked":["Pummel","Iron Wave","Warcry"],"picked":"SKIP","floor":22}],"player_experience":126761,"relics_obtained":[{"floor":6,"key":"FossilizedHelix"},{"floor":7,"key":"Frozen Egg 2"},{"floor":9,"key":"Letter Opener"},{"floor":13,"key":"Darkstone Periapt"},{"floor":26,"key":"Bronze Scales"}],"event_choices":[{"cards_removed":["Strike_R"],"damage_healed":0,"gold_gain":0,"player_choice":"Card Removal","damage_taken":7,"max_hp_gain":0,"max_hp_loss":0,"event_name":"Golden Wing","floor":4,"gold_loss":0},{"damage_healed":0,"gold_gain":0,"player_choice":"Leave","damage_taken":0,"max_hp_gain":0,"max_hp_loss":0,"event_name":"The Cleric","floor":5,"gold_loss":0},{"damage_healed":0,"gold_gain":0,"player_choice":"Searched \u00271\u0027 times","damage_taken":0,"max_hp_gain":0,"max_hp_loss":0,"event_name":"Dead Adventurer","floor":7,"gold_loss":0},{"damage_healed":0,"gold_gain":0,"player_choice":"2 cards matched","damage_taken":0,"max_hp_gain":0,"max_hp_loss":0,"event_name":"Match and Keep!","floor":10,"gold_loss":0,"cards_obtained":["Thunderclap","Dual Wield"]}],"is_beta":false,"boss_relics":[{"not_picked":["Lizard Tail","Orrery"],"picked":"Runic Cube"}],"items_purged_floors":[3,19],"is_endless":false,"potions_floor_spawned":[1,8,11,12,13,16,20],"killed_by":"Cultist and Chosen","ascension_level":1}