{"gold_per_floor":[116,19,19,19,19,48,65,65,65,75,103,118,118,118,118,217,217,232,147,72,72,72,99,99,110,186,218,218,231,231,3,3,106,106,116,116,132,132,148,148,148,173,199,199,199,109,109,209,209,209],"floor_reached":50,"playtime":2489,"items_purged":["Strike_G"],"score":890,"play_id":"4721b847-738e-4683-98b4-ba048c67afe7","local_time":"20181226174247","is_ascension_mode":true,"campfire_choices":[{"data":"Noxious Fumes","floor":8.0,"key":"SMITH"},{"floor":13.0,"key":"REST"},{"data":"Catalyst","floor":15.0,"key":"SMITH"},{"floor":24,"key":"REST"},{"data":"After Image","floor":28,"key":"SMITH"},{"data":"Apotheosis","floor":32,"key":"SMITH"},{"data":"Footwork","floor":40,"key":"SMITH"},{"data":"Well Laid Plans","floor":44,"key":"SMITH"},{"data":"Thinking Ahead","floor":45,"key":"SMITH"},{"data":"Malaise","floor":49,"key":"SMITH"}],"neow_cost":"NONE","seed_source_timestamp":0,"circlet_count":0,"master_deck":["AscendersBane","Defend_G","Defend_G+1","Defend_G","Defend_G","Defend_G","Survivor","Neutralize","Noxious Fumes+1","Noxious Fumes","Deflect","Catalyst+1","Leg Sweep","Sucker Punch","Corpse Explosion","Footwork+1","PiercingWail","Backflip","Cloak And Dagger","Tools of the Trade","Malaise+1","After Image+1","Ghostly","Ghostly","Ghostly","Ghostly","Ghostly","Dodge and Roll","Catalyst","Escape Plan","Apotheosis+1","Well Laid Plans+1","Night Terror","Prepared+1","Leg Sweep","Madness","Madness","Backflip+1","Thinking Ahead+1"],"special_seed":0,"relics":["Ring of the Snake","NeowsBlessing","Regal Pillow","Turnip","WingedGreaves","Orrery","Kunai","Juzu Bracelet","Meat on the Bone","Bottled Flame","Runic Dome","Boot","Bag of Preparation","Prayer Wheel"],"potions_floor_usage":[16,16,23,33,35,50,50],"damage_taken":[{"damage":0.0,"enemies":"Cultist","floor":1.0,"turns":1.0},{"damage":0.0,"enemies":"Lagavulin","floor":6.0,"turns":2.0},{"damage":0.0,"enemies":"Jaw Worm","floor":7.0,"turns":1.0},{"damage":0.0,"enemies":"Small Slimes","floor":10.0,"turns":3.0},{"damage":17.0,"enemies":"Gremlin Nob","floor":11.0,"turns":5.0},{"damage":40.0,"enemies":"Exordium Thugs","floor":12.0,"turns":7.0},{"damage":7,"enemies":"Hexaghost","floor":16,"turns":10},{"damage":11,"enemies":"Spheric Guardian","floor":18,"turns":5},{"damage":19,"enemies":"Gremlin Leader","floor":23,"turns":7},{"damage":0,"enemies":"Chosen","floor":25,"turns":7},{"damage":1,"enemies":"Slavers","floor":27,"turns":6},{"damage":5,"enemies":"3 Cultists","floor":29,"turns":6},{"damage":4,"enemies":"Automaton","floor":33,"turns":10},{"damage":0,"enemies":"Orb Walker","floor":35,"turns":6},{"damage":0,"enemies":"3 Shapes","floor":37,"turns":7},{"damage":0,"enemies":"Sphere and 2 Shapes","floor":39,"turns":7},{"damage":13,"enemies":"Nemesis","floor":42,"turns":7},{"damage":0,"enemies":"Mind Bloom Boss Battle","floor":48,"turns":5},{"damage":35,"enemies":"Awakened One","floor":50,"turns":5}],"seed_played":"-6842801651133976974","potions_obtained":[{"floor":7.0,"key":"GamblersBrew"},{"floor":10.0,"key":"EntropicBrew"},{"floor":12.0,"key":"Strength Potion"},{"floor":18,"key":"Dexterity Potion"},{"floor":29,"key":"SkillPotion"},{"floor":33,"key":"GamblersBrew"},{"floor":35,"key":"LiquidBronze"},{"floor":48,"key":"SkillPotion"}],"is_trial":false,"path_per_floor":["M","$","?","?","$","E","M","R","T","M","E","M","R","?","R","B",null,"M","?","$","?","?","E","R","M","T","E","R","M","$","$","R","B",null,"M","?","M","?","M","R","?","E","T","R","R","?","?","?","R","B"],"character_chosen":"THE_SILENT","items_purchased":["Noxious Fumes","Deflect","Apotheosis","Well Laid Plans"],"campfire_rested":2,"item_purchase_floors":[2,2,31,31],"current_hp_per_floor":[63,63,63,63,63,63,63,63,63,63,46,6,42,42,42,35,61,50,50,50,50,35,16,35,35,35,34,34,29,29,29,29,25,33,33,33,33,29,29,29,29,28,28,28,28,28,28,28,28,0],"gold":209,"neow_bonus":"THREE_ENEMY_KILL","is_prod":false,"is_daily":false,"chose_seed":false,"campfire_upgraded":8,"win_rate":0,"timestamp":1545853367,"path_taken":["M","$","?","?","?","E","M","R","T","M","E","M","R","?","R","BOSS","M","?","$","?","?","E","R","M","T","E","R","M","?","$","R","BOSS","M","?","M","?","M","R","?","E","T","R","R","?","?","?","R","BOSS"],"build_version":"2018-12-20","purchased_purges":1,"victory":false,"max_hp_per_floor":[70,70,70,70,70,70,70,70,70,70,70,70,70,70,70,70,70,70,70,70,70,35,35,35,35,35,35,35,35,35,35,35,35,35,35,35,35,35,35,35,35,35,35,35,35,35,35,35,35,35],"card_choices":[{"not_picked":["Sucker Punch","Dodge and Roll"],"picked":"Noxious Fumes","floor":1.0},{"not_picked":["Flying Knee","Prepared"],"picked":"Catalyst","floor":6.0},{"not_picked":["Skewer","Prepared","Blade Dance"],"picked":"SKIP","floor":7.0},{"not_picked":["Flying Knee","Slice"],"picked":"Leg Sweep","floor":10.0},{"not_picked":["Setup","Bane"],"picked":"Sucker Punch","floor":11.0},{"not_picked":["Deadly Poison","Slice"],"picked":"Sucker Punch","floor":12.0},{"not_picked":["Bullet Time","Grand Finale"],"picked":"Corpse Explosion","floor":16},{"not_picked":["Escape Plan","Concentrate"],"picked":"Footwork","floor":17},{"not_picked":["Deadly Poison","Slice"],"picked":"PiercingWail","floor":17},{"not_picked":["Reflex","Cloak And Dagger"],"picked":"Backflip","floor":17},{"not_picked":["All Out Attack","Concentrate"],"picked":"Cloak And Dagger","floor":17},{"not_picked":["Dagger Spray","Sucker Punch"],"picked":"Tools of the Trade","floor":18},{"not_picked":["Dagger Throw+1","Terror","Prepared+1"],"picked":"SKIP","floor":23},{"not_picked":["Flying Knee+1","PiercingWail"],"picked":"Dodge and Roll","floor":25},{"not_picked":["Dagger Throw+1","Cloak And Dagger+1"],"picked":"Catalyst","floor":27},{"not_picked":["Phantasmal Killer","Flying Knee"],"picked":"Escape Plan","floor":29},{"not_picked":["Phantasmal Killer","Corpse Explosion"],"picked":"Night Terror","floor":33},{"not_picked":["Prepared+1","Concentrate","Poisoned Stab"],"picked":"SKIP","floor":35},{"not_picked":["Concentrate","Poisoned Stab"],"picked":"Prepared+1","floor":35},{"not_picked":["Predator","Cloak And Dagger"],"picked":"Leg Sweep","floor":37},{"not_picked":["Wraith Form v2","Prepared"],"picked":"Backflip+1","floor":39},{"not_picked":["PanicButton","Trip"],"picked":"Thinking Ahead","floor":41},{"not_picked":["Bane","Blade Dance","Crippling Poison+1"],"picked":"SKIP","floor":42}],"player_experience":637030,"relics_obtained":[{"floor":6.0,"key":"Regal Pillow"},{"floor":9.0,"key":"Turnip"},{"floor":11.0,"key":"WingedGreaves"},{"floor":23,"key":"Juzu Bracelet"},{"floor":26,"key":"Meat on the Bone"},{"floor":27,"key":"Bottled Flame"},{"floor":42,"key":"Boot"},{"floor":43,"key":"Bag of Preparation"},{"floor":48,"key":"Prayer Wheel"}],"event_choices":[{"cards_removed":["Strike_G"],"damage_healed":0.0,"max_hp_gain":0.0,"max_hp_loss":0.0,"gold_gain":0.0,"event_name":"Living Wall","player_choice":"Forget","floor":3.0,"gold_loss":0.0,"damage_taken":0.0},{"damage_healed":0.0,"max_hp_gain":0.0,"max_hp_loss":0.0,"gold_gain":0.0,"event_name":"The Cleric","player_choice":"Leave","floor":4.0,"gold_loss":0.0,"damage_taken":0.0},{"damage_healed":0.0,"max_hp_gain":0.0,"max_hp_loss":0.0,"gold_gain":0.0,"event_name":"Liars Game","player_choice":"Ignored","floor":14.0,"gold_loss":0.0,"damage_taken":0.0},{"damage_healed":0,"gold_gain":0,"player_choice":"Obtained Relic","damage_taken":0,"relics_obtained":["Kunai"],"max_hp_gain":0,"max_hp_loss":0,"event_name":"Addict","floor":19,"gold_loss":85},{"damage_healed":0,"gold_gain":0,"cards_transformed":["Strike_G","Strike_G"],"player_choice":"Became Test Subject","damage_taken":0,"max_hp_gain":0,"max_hp_loss":0,"event_name":"Drug Dealer","floor":21,"gold_loss":0,"cards_obtained":["Malaise","After Image"]},{"damage_healed":0,"gold_gain":0,"player_choice":"Became a Ghost","damage_taken":0,"max_hp_gain":0,"max_hp_loss":35,"event_name":"Ghosts","floor":22,"gold_loss":0,"cards_obtained":["Ghostly","Ghostly","Ghostly","Ghostly","Ghostly"]},{"damage_healed":0,"gold_gain":0,"player_choice":"Ignored","damage_taken":0,"max_hp_gain":0,"max_hp_loss":0,"event_name":"Mysterious Sphere","floor":36,"gold_loss":0},{"damage_healed":0,"gold_gain":0,"player_choice":"Embrace Madness","damage_taken":4,"max_hp_gain":0,"max_hp_loss":0,"event_name":"Winding Halls","floor":38,"gold_loss":0,"cards_obtained":["Madness","Madness"]},{"damage_healed":0,"gold_gain":0,"player_choice":"Memory 1","damage_taken":0,"max_hp_gain":0,"max_hp_loss":0,"event_name":"SensoryStone","floor":41,"gold_loss":0},{"cards_removed":["Strike_G"],"damage_healed":0,"gold_gain":0,"player_choice":"Upgrade and Remove","damage_taken":0,"max_hp_gain":0,"max_hp_loss":0,"event_name":"Designer","floor":46,"gold_loss":90,"cards_upgraded":["Defend_G"]},{"cards_removed":["Sucker Punch"],"damage_healed":0,"gold_gain":0,"player_choice":"Removed Attack","damage_taken":0,"max_hp_gain":0,"max_hp_loss":0,"event_name":"Falling","floor":47,"gold_loss":0},{"damage_healed":0,"gold_gain":0,"player_choice":"Fight","damage_taken":0,"max_hp_gain":0,"max_hp_loss":0,"event_name":"MindBloom","floor":48,"gold_loss":0}],"is_beta":false,"boss_relics":[{"not_picked":["Busted Crown","HoveringKite"],"picked":"Orrery"},{"not_picked":["Calling Bell","Coffee Dripper"],"picked":"Runic Dome"}],"items_purged_floors":[20],"is_endless":false,"potions_floor_spawned":[7,10,12,18,29,33,35,48],"killed_by":"Awakened One","ascension_level":10}