{"gold_per_floor":[109,109,124,134,80,115,115,115,170,198,213,213,213,223,223,328,328,338,353,366,366,238,238,250,250,276,295,53,53,53,0,0,95,95,108,126,126,1,17,17,17],"floor_reached":41,"playtime":3232,"items_purged":["Strike_R","Bash+1","Bloodletting+1"],"score":451,"play_id":"ca0233bc-f209-41cf-913b-2c04c7e7f90b","local_time":"20180719050212","is_ascension_mode":false,"campfire_choices":[{"data":"Body Slam","floor":7,"key":"SMITH"},{"data":"Rupture","floor":12,"key":"SMITH"},{"data":"Shrug It Off","floor":15,"key":"SMITH"},{"data":"Barricade","floor":23,"key":"SMITH"},{"data":"Entrench","floor":25,"key":"SMITH"},{"data":"Body Slam","floor":29,"key":"SMITH"},{"data":"Armaments","floor":32,"key":"SMITH"},{"floor":40,"key":"REST"}],"neow_cost":"NONE","seed_source_timestamp":20185831597101,"circlet_count":0,"master_deck":["Defend_R","Defend_R","Defend_R","Defend_R","Twin Strike","Body Slam+1","Shrug It Off+1","Iron Wave","Iron Wave","Metallicize","Shrug It Off+1","Barricade+1","Entrench+1","Body Slam+1","Iron Wave+1","Iron Wave","Armaments+1","Flex+1","Perfected Strike+1","Body Slam"],"relics":["Burning Blood","Bag of Marbles","Ornamental Fan","Red Skull","Orichalcum","Empty Cage","Bag of Preparation","Astrolabe"],"potions_floor_usage":[16,16,16,24,33,33,39],"damage_taken":[{"damage":14,"enemies":"Jaw Worm","floor":1,"turns":4},{"damage":0,"enemies":"Small Slimes","floor":3,"turns":2},{"damage":6,"enemies":"Cultist","floor":4,"turns":3},{"damage":10,"enemies":"Gremlin Nob","floor":6,"turns":4},{"damage":8,"enemies":"Lagavulin","floor":10,"turns":6},{"damage":3,"enemies":"3 Louse","floor":11,"turns":5},{"damage":0,"enemies":"Exordium Thugs","floor":14,"turns":3},{"damage":10,"enemies":"Hexaghost","floor":16,"turns":14},{"damage":14,"enemies":"Chosen","floor":18,"turns":7},{"damage":4,"enemies":"Shell Parasite","floor":19,"turns":5},{"damage":8,"enemies":"Snecko","floor":20,"turns":8},{"damage":35,"enemies":"Slaver and Parasite","floor":24,"turns":7},{"damage":0,"enemies":"Cultist and Chosen","floor":27,"turns":9},{"damage":29,"enemies":"Automaton","floor":33,"turns":10},{"damage":59,"enemies":"Flame Bruiser 1 Orb","floor":35,"turns":8},{"damage":16,"enemies":"3 Darklings","floor":36,"turns":8},{"damage":16,"enemies":"Sphere and 2 Shapes","floor":39,"turns":6},{"damage":35,"enemies":"2 Orb Walkers","floor":41,"turns":2}],"seed_played":"1953170160775240071","potions_obtained":[{"floor":3,"key":"Block Potion"},{"floor":10,"key":"Block Potion"},{"floor":11,"key":"Block Potion"},{"floor":16,"key":"Poison Potion"},{"floor":20,"key":"SkillPotion"},{"floor":24,"key":"Fire Potion"},{"floor":36,"key":"Swift Potion"}],"is_trial":false,"path_per_floor":["M","?","M","M","$","E","R","?","T","E","M","R","?","M","R","B",null,"M","M","M","?","$","R","M","R","T","M","$","R","$","?","R","B",null,"M","M","?","$","M","R"],"character_chosen":"IRONCLAD","items_purchased":["Iron Wave","Iron Wave","Double Tap"],"campfire_rested":1,"item_purchase_floors":[5,22,28],"current_hp_per_floor":[72,65,71,71,71,67,67,67,67,65,68,68,68,74,74,70,80,72,74,72,72,72,72,43,43,43,49,49,49,49,49,49,26,80,27,17,17,17,7,31,0],"gold":17,"neow_bonus":"UPGRADE_CARD","is_prod":false,"is_daily":false,"chose_seed":false,"campfire_upgraded":7,"win_rate":0.0,"timestamp":1531994532,"path_taken":["M","?","M","M","$","E","R","?","T","E","M","R","?","M","R","BOSS","M","M","M","?","?","R","M","R","T","?","$","R","$","?","R","BOSS","M","M","?","$","M","R","E"],"build_version":"2018-07-12","purchased_purges":3,"victory":false,"max_hp_per_floor":[80,80,80,80,80,80,80,80,80,80,80,80,80,80,80,80,80,80,80,80,80,80,80,80,80,80,80,80,80,80,80,80,80,80,80,80,80,80,80,80,80],"card_choices":[{"not_picked":["Body Slam","Shrug It Off"],"picked":"Twin Strike","floor":1},{"not_picked":["Infernal Blade","True Grit"],"picked":"Body Slam","floor":3},{"not_picked":["Cleave","Burning Pact"],"picked":"Shrug It Off","floor":4},{"not_picked":["Pommel Strike","Hemokinesis"],"picked":"Iron Wave","floor":6},{"not_picked":["Blood for Blood","Uppercut"],"picked":"Rupture","floor":10},{"not_picked":["Seeing Red","Dual Wield"],"picked":"Metallicize","floor":11},{"not_picked":["Headbutt","Body Slam"],"picked":"Shrug It Off","floor":14},{"not_picked":["Dark Embrace","Fiend Fire"],"picked":"Barricade","floor":16},{"not_picked":["Pommel Strike","Rupture+1"],"picked":"Entrench","floor":18},{"not_picked":["Hemokinesis","Iron Wave"],"picked":"Body Slam","floor":19},{"not_picked":["Sever Soul+1","Entrench"],"picked":"Iron Wave+1","floor":20},{"not_picked":["Clothesline","Twin Strike"],"picked":"Battle Trance","floor":24},{"not_picked":["Sword Boomerang","Combust"],"picked":"Armaments","floor":27},{"not_picked":["Impervious","Dark Embrace"],"picked":"Double Tap","floor":33},{"not_picked":["Searing Blow","Anger","Flex"],"picked":"SKIP","floor":35},{"not_picked":["Armaments+1","True Grit+1","Infernal Blade"],"picked":"SKIP","floor":36},{"not_picked":["Clothesline","Armaments+1"],"picked":"Body Slam","floor":39}],"player_experience":35766,"relics_obtained":[{"floor":6,"key":"Ornamental Fan"},{"floor":9,"key":"Red Skull"},{"floor":10,"key":"Orichalcum"},{"floor":26,"key":"Bag of Preparation"}],"event_choices":[{"event_name":"Scrap Ooze","player_choice":"success","floor":2,"damage_taken":7},{"event_name":"Purifier","player_choice":"One Purge","floor":8,"damage_taken":0},{"event_name":"Living Wall","player_choice":"Grow","floor":13,"damage_taken":0},{"event_name":"Purifier","player_choice":"One Purge","floor":21,"damage_taken":0},{"event_name":"Masked Bandits","player_choice":"Paid Bandits 53 gold","floor":31,"damage_taken":0},{"event_name":"Falling","player_choice":"Removed Skill","floor":37,"damage_taken":0}],"boss_relics":[{"not_picked":["Tiny House","Fusion Hammer"],"picked":"Empty Cage"},{"not_picked":["Eternal Feather","Runic Pyramid"],"picked":"Astrolabe"}],"items_purged_floors":[22,28,38],"is_endless":false,"potions_floor_spawned":[3,10,11,16,20,24,36],"killed_by":"2 Orb Walkers","ascension_level":0}