{"gold_per_floor":[114,131,131,32,46,46,79,79,79,98,108,108,108,141,141,241,241,258,258,269,10,27,27,52,52,52,52,65,40,51,150,150,150],"floor_reached":33,"playtime":1348,"items_purged":["Strike_G","Strike_G"],"score":330,"play_id":"e6a7d3e4-f32c-48cd-8fe0-e6848ada01d2","local_time":"20190311011719","is_ascension_mode":true,"campfire_choices":[{"data":"Skewer","floor":6,"key":"SMITH"},{"data":"Backstab","floor":8,"key":"SMITH"},{"data":"A Thousand Cuts","floor":15,"key":"SMITH"},{"data":"Dramatic Entrance","floor":23,"key":"SMITH"},{"data":"Infinite Blades","floor":25,"key":"SMITH"},{"floor":32,"key":"REST"}],"neow_cost":"NONE","seed_source_timestamp":111578666571519,"circlet_count":0,"master_deck":["Defend_G","Defend_G","Defend_G","Defend_G","Defend_G","Strike_G","Strike_G","Strike_G","Survivor","Neutralize+1","Skewer+1","Dagger Throw","Cloak And Dagger","Backstab+1","Leg Sweep","Poisoned Stab","Parasite","A Thousand Cuts+1","Adrenaline","Backflip","Cloak And Dagger","Infinite Blades+1","Dramatic Entrance+1","Dash","Shame","Footwork+1","Dodge and Roll"],"relics":["Ring of the Serpent","NeowsBlessing","Bottled Lightning","PreservedInsect","Mercury Hourglass","Ornamental Fan","Kunai","Question Card","Shuriken","Art of War"],"potions_floor_usage":[7,16,16,20,24,24,33],"damage_taken":[{"damage":0,"enemies":"Jaw Worm","floor":1,"turns":1},{"damage":0,"enemies":"Cultist","floor":2,"turns":1},{"damage":0,"enemies":"Small Slimes","floor":5,"turns":1},{"damage":30,"enemies":"Gremlin Nob","floor":7,"turns":5},{"damage":1,"enemies":"Exordium Thugs","floor":10,"turns":5},{"damage":0,"enemies":"Looter","floor":11,"turns":2},{"damage":0,"enemies":"Lagavulin","floor":14,"turns":4},{"damage":11,"enemies":"Slime Boss","floor":16,"turns":10},{"damage":0,"enemies":"3 Byrds","floor":18,"turns":4},{"damage":6,"enemies":"Shell Parasite","floor":20,"turns":3},{"damage":19,"enemies":"3 Cultists","floor":22,"turns":7},{"damage":18,"enemies":"Book of Stabbing","floor":24,"turns":4},{"damage":0,"enemies":"Cultist and Chosen","floor":28,"turns":5},{"damage":15,"enemies":"Snake Plant","floor":30,"turns":5},{"damage":35,"enemies":"Collector","floor":33,"turns":8}],"seed_played":"-3548304985086235706","potions_obtained":[{"floor":2,"key":"Poison Potion"},{"floor":5,"key":"Dexterity Potion"},{"floor":11,"key":"Swift Potion"},{"floor":16,"key":"AttackPotion"},{"floor":20,"key":"SteroidPotion"},{"floor":22,"key":"SteroidPotion"},{"floor":28,"key":"FearPotion"}],"is_trial":false,"path_per_floor":["M","M","?","$","M","R","E","R","T","M","M","?","?","E","R","B",null,"M","?","M","$","M","R","E","R","T","?","M","$","M","?","R","B"],"character_chosen":"THE_SILENT","items_purchased":["Cloak And Dagger","Infinite Blades","Dramatic Entrance","Dodge and Roll"],"campfire_rested":1,"item_purchase_floors":[4,21,21,29],"current_hp_per_floor":[70,70,70,70,70,70,40,40,40,39,39,36,53,53,53,42,70,70,70,64,64,45,45,27,27,27,27,27,27,12,12,33,0],"gold":150,"neow_bonus":"THREE_ENEMY_KILL","is_prod":false,"is_daily":false,"chose_seed":false,"campfire_upgraded":5,"win_rate":0,"timestamp":1552263439,"path_taken":["M","M","?","$","?","R","E","R","T","M","M","?","?","E","R","BOSS","M","?","M","$","M","R","E","R","T","?","M","$","M","?","R","BOSS"],"build_version":"2019-01-23","purchased_purges":2,"victory":false,"max_hp_per_floor":[70,70,70,70,70,70,70,70,70,70,70,70,70,70,70,70,70,70,70,70,70,70,70,70,70,70,70,70,70,70,70,70,70],"card_choices":[{"not_picked":["Acrobatics","Outmaneuver"],"picked":"Skewer","floor":1},{"not_picked":["Skewer","Slice"],"picked":"Dagger Throw","floor":2},{"not_picked":["Riddle With Holes","Flying Knee","Dagger Throw"],"picked":"SKIP","floor":5},{"not_picked":["Bouncing Flask","Envenom"],"picked":"Backstab","floor":7},{"not_picked":["Concentrate","Outmaneuver"],"picked":"Leg Sweep","floor":10},{"not_picked":["Dagger Throw","Dodge and Roll"],"picked":"Poisoned Stab","floor":11},{"not_picked":["Finisher","Backflip"],"picked":"A Thousand Cuts","floor":14},{"not_picked":["Storm of Steel","Doppelganger"],"picked":"Adrenaline","floor":16},{"not_picked":["Quick Slash","Reflex"],"picked":"Backflip","floor":18},{"not_picked":["Quick Slash","Blade Dance"],"picked":"Cloak And Dagger","floor":20},{"not_picked":["Underhanded Strike","Blade Dance","Flying Knee"],"picked":"SKIP","floor":22},{"not_picked":["Prepared","Slice"],"picked":"Dash","floor":24},{"not_picked":["PiercingWail","Blur","Crippling Poison"],"picked":"Footwork+1","floor":28},{"not_picked":["Bane","Quick Slash","Night Terror","Acrobatics"],"picked":"SKIP","floor":30}],"player_experience":164086,"relics_obtained":[{"floor":7,"key":"Bottled Lightning"},{"floor":9,"key":"PreservedInsect"},{"floor":14,"key":"Ornamental Fan"},{"floor":24,"key":"Question Card"},{"floor":26,"key":"Shuriken"}],"event_choices":[{"damage_healed":0,"gold_gain":0,"player_choice":"Forge","damage_taken":0,"max_hp_gain":0,"max_hp_loss":0,"event_name":"Accursed Blacksmith","floor":3,"gold_loss":0,"cards_upgraded":["Neutralize"]},{"damage_healed":0,"gold_gain":0,"player_choice":"Success","damage_taken":3,"relics_obtained":["Mercury Hourglass"],"max_hp_gain":0,"max_hp_loss":0,"event_name":"Scrap Ooze","floor":12,"gold_loss":0},{"damage_healed":17,"gold_gain":0,"player_choice":"Healed and dodged fight","damage_taken":0,"max_hp_gain":0,"max_hp_loss":0,"event_name":"Mushrooms","floor":13,"gold_loss":0,"cards_obtained":["Parasite"]},{"damage_healed":0,"gold_gain":0,"player_choice":"Opened","damage_taken":0,"relics_obtained":["Kunai"],"max_hp_gain":0,"max_hp_loss":0,"event_name":"The Mausoleum","floor":19,"gold_loss":0},{"damage_healed":0,"gold_gain":0,"player_choice":"Stole Relic","damage_taken":0,"relics_obtained":["Art of War"],"max_hp_gain":0,"max_hp_loss":0,"event_name":"Addict","floor":27,"gold_loss":0,"cards_obtained":["Shame"]},{"damage_healed":0,"gold_gain":99,"player_choice":"Stole From Cult","damage_taken":0,"max_hp_gain":0,"max_hp_loss":0,"event_name":"Nest","floor":31,"gold_loss":0}],"is_beta":false,"boss_relics":[{"not_picked":["WristBlade","Velvet Choker"],"picked":"Ring of the Serpent"}],"items_purged_floors":[4,21],"is_endless":false,"potions_floor_spawned":[2,5,11,16,20,22,28],"killed_by":"Collector","ascension_level":2}