{"gold_per_floor":[115,190,190,39,50,50,79,91,91,110,123,123,140,59,59,163,163,177,190,200,6,22,22,22,22,22,41,41,41,52,52,66,66,162,162,175,191,191,4,24,24,0,16,16,16,34,80,99,31,31,31],"floor_reached":51,"playtime":3049,"items_purged":[],"score":503,"play_id":"e02a8305-501e-499b-9f0d-2a26abc4bf6f","local_time":"20190105173307","is_ascension_mode":false,"campfire_choices":[{"data":"Cloak And Dagger","floor":6,"key":"SMITH"},{"data":"Cloak And Dagger","floor":15,"key":"SMITH"},{"floor":23,"key":"RECALL"},{"floor":28,"key":"REST"},{"floor":33,"key":"REST"},{"floor":41,"key":"REST"},{"floor":50,"key":"REST"}],"neow_cost":"NONE","seed_source_timestamp":1454087988301,"circlet_count":0,"master_deck":["Defend_G","Defend_G","Defend_G","Defend_G","Defend_G","Strike_G","Strike_G+1","Strike_G","Strike_G","Survivor","Dagger Spray+1","Cloak And Dagger+1","ReplayTheSpireMod:From All Sides+1","PiercingWail","Dagger Spray","Cloak And Dagger+1","Backflip+1","Backflip+1","Sucker Punch+1","Malaise+1","ReplayTheSpireMod:The Works","Malaise+1","Malaise+1","ReplayTheSpireMod:Shiv Toss+1","Corpse Explosion+1","Adrenaline+1","Backstab","Panache+1","Well Laid Plans","Fluid Movement","Parasite","Backstab+1","Caltrops+1","Envenom+1","ReplayTheSpireMod:Exploit Weakness+1"],"relics":["Ring of the Snake","NeowsBlessing","Blood Vial","Golden Egg","Pet Ghost","Fusion Hammer","DollysMirror","Unceasing Top","Black Star","Red Mask","The Specimen"],"potions_floor_usage":[16,22,27,32,34,34,40,40,46,51],"damage_taken":[{"damage":0,"enemies":"Jaw Worm","floor":1,"turns":1},{"damage":0,"enemies":"Small Slimes","floor":5,"turns":1},{"damage":0,"enemies":"Gremlin Nob","floor":7,"turns":1},{"damage":4,"enemies":"2 Louse","floor":8,"turns":2},{"damage":0,"enemies":"Exordium Wildlife","floor":10,"turns":5},{"damage":0,"enemies":"2 Fungi Beasts","floor":11,"turns":3},{"damage":4,"enemies":"Exordium Thugs","floor":13,"turns":3},{"damage":12,"enemies":"The Guardian","floor":16,"turns":10},{"damage":0,"enemies":"Shell Parasite","floor":18,"turns":5},{"damage":6,"enemies":"2 Thieves","floor":19,"turns":3},{"damage":5,"enemies":"Centurion and Healer","floor":20,"turns":10},{"damage":2,"enemies":"Sentry and Sphere","floor":22,"turns":8},{"damage":0,"enemies":"Chosen and Byrds","floor":27,"turns":3},{"damage":9,"enemies":"3 Cultists","floor":30,"turns":5},{"damage":10,"enemies":"Centurion and Healer","floor":32,"turns":8},{"damage":33,"enemies":"Automaton","floor":34,"turns":15},{"damage":11,"enemies":"Orb Walker","floor":36,"turns":5},{"damage":6,"enemies":"3 Darklings","floor":37,"turns":4},{"damage":31,"enemies":"Spire Growth","floor":40,"turns":5},{"damage":18,"enemies":"4 Shapes","floor":43,"turns":3},{"damage":3,"enemies":"Writhing Mass","floor":46,"turns":11},{"damage":11,"enemies":"2 Orb Walkers","floor":47,"turns":3},{"damage":0,"enemies":"Maw","floor":48,"turns":9},{"damage":52,"enemies":"Awakened One","floor":51,"turns":5}],"seed_played":"7062616124319285398","potions_obtained":[{"floor":5,"key":"LiquidBronze"},{"floor":11,"key":"Strength Potion"},{"floor":13,"key":"AttackPotion"},{"floor":16,"key":"SteroidPotion"},{"floor":19,"key":"EssenceOfSteel"},{"floor":22,"key":"SteroidPotion"},{"floor":27,"key":"LifebloodPotion"},{"floor":32,"key":"LifebloodPotion"},{"floor":36,"key":"Ancient Potion"},{"floor":37,"key":"GamblersBrew"},{"floor":43,"key":"Block Potion"}],"is_trial":false,"path_per_floor":["M","?","?","$","M","R","E","M","T","M","M","?","M","$","R","B",null,"M","M","M","$","M","R","?","$","T","M","R","?","M","PTL","M","R","B",null,"M","M","?","$","M","R","?","M","T","?","M","?","M","$","R","B"],"character_chosen":"THE_SILENT","items_purchased":["Blood Vial","Backflip","Sucker Punch","DollysMirror","Panache","ReplayTheSpireMod:Exploit Weakness"],"campfire_rested":4,"item_purchase_floors":[4,14,14,21,39,49],"current_hp_per_floor":[70,59,59,59,61,61,63,61,61,63,65,51,49,49,49,39,70,70,64,61,61,61,61,61,61,61,63,70,57,50,50,42,64,33,75,64,60,60,60,31,52,52,36,36,36,35,26,28,28,49,0],"gold":31,"neow_bonus":"THREE_ENEMY_KILL","is_prod":false,"is_daily":false,"chose_seed":false,"campfire_upgraded":2,"win_rate":0,"timestamp":1546716787,"path_taken":["M","?","?","$","M","R","E","M","T","M","M","?","?","$","R","BOSS","M","M","M","$","M","R","?","?","T","M","R","?","M","PTL","M","R","BOSS","M","M","?","$","M","R","?","M","T","?","M","?","M","?","R","BOSS"],"build_version":"2019-01-03v4","purchased_purges":0,"victory":false,"max_hp_per_floor":[70,70,70,70,70,70,70,70,70,70,70,70,70,70,70,70,70,70,70,70,70,70,70,70,70,70,70,70,75,75,75,75,75,75,75,75,75,71,71,71,71,71,71,71,71,71,71,71,71,71,71],"card_choices":[{"not_picked":["Acrobatics","Backflip"],"picked":"Dagger Spray","floor":1},{"not_picked":["Calculated Gamble","Flying Knee"],"picked":"Cloak And Dagger","floor":5},{"not_picked":["Dagger Spray","Die Die Die"],"picked":"ReplayTheSpireMod:From All Sides","floor":7},{"not_picked":["Quick Slash","ReplayTheSpireMod:Tripwire","Dagger Throw"],"picked":"SKIP","floor":8},{"not_picked":["Hidden Blade","Acrobatics"],"picked":"PiercingWail","floor":10},{"not_picked":["Hidden Blade","Acrobatics"],"picked":"Dagger Spray","floor":11},{"not_picked":["Skewer","Crippling Poison"],"picked":"Cloak And Dagger","floor":13},{"not_picked":["ReplayTheSpireMod:Necrosis","Night Terror"],"picked":"Malaise","floor":16},{"not_picked":["Dagger Throw","Prepared","Dagger Spray"],"picked":"SKIP","floor":18},{"not_picked":["Terror","Leg Sweep"],"picked":"ReplayTheSpireMod:The Works","floor":19},{"not_picked":["Choke","Predator+1","Prepared"],"picked":"SKIP","floor":20},{"not_picked":["Deflect","Eviscerate+1","Underhanded Strike+1"],"picked":"SKIP","floor":22},{"not_picked":["Bane","Caltrops","Poisoned Stab"],"picked":"SKIP","floor":27},{"not_picked":["Bane+1","Toxin Wave"],"picked":"ReplayTheSpireMod:Shiv Toss+1","floor":30},{"not_picked":["Backflip","Dodge and Roll+1"],"picked":"Corpse Explosion","floor":32},{"not_picked":["Bullet Time","Die Die Die"],"picked":"Adrenaline","floor":34},{"not_picked":["ReplayTheSpireMod:Scrap Shanks","Slice","Outmaneuver"],"picked":"SKIP","floor":36},{"not_picked":["Deadly Poison","Bouncing Flask+1"],"picked":"Backstab","floor":37},{"not_picked":["Eviscerate+1","Slice+1"],"picked":"Well Laid Plans","floor":40},{"not_picked":["Flechettes","Acrobatics+1"],"picked":"Fluid Movement","floor":43},{"not_picked":["Underhanded Strike","Fluid Movement"],"picked":"Backstab+1","floor":46},{"not_picked":["Poisoned Stab+1","Sucker Punch+1"],"picked":"Caltrops+1","floor":47},{"not_picked":["Fluid Movement+1","Setup+1"],"picked":"Envenom","floor":48}],"player_experience":668937,"relics_obtained":[{"floor":7,"key":"Golden Egg"},{"floor":9,"key":"Pet Ghost"},{"floor":26,"key":"Unceasing Top"},{"floor":47,"key":"The Specimen"}],"event_choices":[{"damage_healed":0,"gold_gain":75,"player_choice":"Gather Gold","damage_taken":11,"max_hp_gain":0,"max_hp_loss":0,"event_name":"World of Goop","floor":2,"gold_loss":0},{"cards_removed":["Strike_G"],"damage_healed":0,"gold_gain":0,"player_choice":"Forget","damage_taken":0,"max_hp_gain":0,"max_hp_loss":0,"event_name":"Living Wall","floor":3,"gold_loss":0},{"damage_healed":0,"gold_gain":0,"player_choice":"Entered Light","damage_taken":14,"max_hp_gain":0,"max_hp_loss":0,"event_name":"Shining Light","floor":12,"gold_loss":0,"cards_upgraded":["Dagger Spray","Strike_G"]},{"damage_healed":0,"gold_gain":0,"player_choice":"Copied","damage_taken":0,"max_hp_gain":0,"max_hp_loss":0,"event_name":"Duplicator","floor":24,"gold_loss":0,"cards_obtained":["Malaise"]},{"damage_healed":0,"gold_gain":0,"player_choice":"Shed Blood","damage_taken":18,"max_hp_gain":5,"max_hp_loss":0,"event_name":"Forgotten Altar","floor":29,"gold_loss":0},{"damage_healed":0,"gold_gain":0,"player_choice":"Max HP","damage_taken":0,"max_hp_gain":0,"max_hp_loss":4,"event_name":"Winding Halls","floor":38,"gold_loss":0},{"damage_healed":0,"gold_gain":0,"player_choice":"Paid","damage_taken":0,"relics_obtained":["Red Mask"],"max_hp_gain":0,"max_hp_loss":0,"event_name":"Tomb of Lord Red Mask","floor":42,"gold_loss":24},{"cards_removed":["Neutralize"],"damage_healed":0,"gold_gain":0,"player_choice":"Removed Attack","damage_taken":0,"max_hp_gain":0,"max_hp_loss":0,"event_name":"Falling","floor":45,"gold_loss":0},{"damage_healed":0,"gold_gain":0,"player_choice":"Fight","damage_taken":0,"max_hp_gain":0,"max_hp_loss":0,"event_name":"Mysterious Sphere","floor":47,"gold_loss":0}],"is_beta":false,"boss_relics":[{"not_picked":["Cursed Key","ReplayTheSpireMod:Onyx Gauntlets"],"picked":"Fusion Hammer"},{"not_picked":["ReplayTheSpireMod:DimensionalGlitch","Runic Pyramid"],"picked":"Black Star"}],"items_purged_floors":[],"is_endless":false,"potions_floor_spawned":[5,11,13,16,19,22,27,32,36,37,43],"killed_by":"Awakened One","ascension_level":0}