{"gold_per_floor":[117,42,62,62,79,114,114,36,36,36,68,68,95,106,106,106],"floor_reached":16,"playtime":1352,"items_purged":["Clumsy"],"score":161,"play_id":"e2bd5fe5-f437-4e0b-a54f-097ebbca20e1","local_time":"20190305161631","is_ascension_mode":true,"campfire_choices":[{"floor":10,"key":"REST"},{"floor":15,"key":"REST"}],"neow_cost":"CURSE","seed_source_timestamp":90473203363089,"circlet_count":0,"master_deck":["Strike_R","Strike_R","Strike_R","Strike_R","Strike_R","Defend_R","Defend_R","Defend_R","Defend_R","Bash","Hemokinesis+1","Pommel Strike","Shockwave","Armaments","Rupture","Shrug It Off"],"relics":["Burning Blood","WingedGreaves","Mango","Pear","Vajra","Shovel"],"potions_floor_usage":[16,16],"damage_taken":[{"damage":0,"enemies":"2 Louse","floor":1,"turns":2},{"damage":4,"enemies":"Cultist","floor":3,"turns":3},{"damage":17,"enemies":"Small Slimes","floor":5,"turns":3},{"damage":36,"enemies":"Gremlin Nob","floor":6,"turns":4},{"damage":44,"enemies":"3 Sentries","floor":11,"turns":9},{"damage":33,"enemies":"Lagavulin","floor":13,"turns":6},{"damage":28,"enemies":"Exordium Thugs","floor":14,"turns":6},{"damage":38,"enemies":"Slime Boss","floor":16,"turns":6}],"seed_played":"-1842632269791348711","potions_obtained":[{"floor":1,"key":"Strength Potion"},{"floor":6,"key":"GamblersBrew"},{"floor":11,"key":"Weak Potion"}],"is_trial":false,"path_per_floor":["M","$","M","?","M","E","?","$","T","R","E","$","E","M","R","B"],"character_chosen":"IRONCLAD","items_purchased":["Rupture"],"campfire_rested":2,"item_purchase_floors":[8],"current_hp_per_floor":[80,80,80,80,69,53,53,53,63,94,56,56,29,7,38,0],"gold":106,"neow_bonus":"ONE_RARE_RELIC","is_prod":false,"is_daily":false,"chose_seed":false,"campfire_upgraded":0,"win_rate":0,"timestamp":1551824191,"path_taken":["M","$","M","?","?","E","?","?","T","R","E","$","E","M","R","BOSS"],"build_version":"2019-01-23","purchased_purges":1,"victory":false,"max_hp_per_floor":[80,80,80,80,80,94,94,94,104,104,104,104,104,104,104,104],"card_choices":[{"not_picked":["Clash","Wild Strike"],"picked":"Hemokinesis","floor":1},{"not_picked":["Entrench","Flex"],"picked":"Pommel Strike","floor":3},{"not_picked":["Flex","Searing Blow"],"picked":"Shockwave","floor":5},{"not_picked":["Battle Trance","Reckless Charge"],"picked":"Armaments","floor":6},{"not_picked":["Body Slam","Clash","Cleave"],"picked":"SKIP","floor":11},{"not_picked":["Pummel","Fire Breathing"],"picked":"Shrug It Off","floor":13},{"not_picked":["Perfected Strike","Pommel Strike","Rage"],"picked":"SKIP","floor":14}],"player_experience":185257,"relics_obtained":[{"floor":6,"key":"Mango"},{"floor":9,"key":"Pear"},{"floor":11,"key":"Vajra"},{"floor":13,"key":"Shovel"}],"event_choices":[{"damage_healed":0,"gold_gain":0,"player_choice":"Forge","damage_taken":0,"max_hp_gain":0,"max_hp_loss":0,"event_name":"Accursed Blacksmith","floor":4,"gold_loss":0,"cards_upgraded":["Hemokinesis"]},{"damage_healed":0,"gold_gain":0,"player_choice":"Ignored","damage_taken":0,"max_hp_gain":0,"max_hp_loss":0,"event_name":"Liars Game","floor":7,"gold_loss":0}],"is_beta":false,"boss_relics":[],"items_purged_floors":[2],"is_endless":false,"potions_floor_spawned":[1,6,11],"killed_by":"Slime Boss","ascension_level":3}