{"gold_per_floor":[15,35,48,123,46,74,74,103,155,155,41,41,67,81,81,159,159,173,186,202,202,202],"floor_reached":22,"playtime":895,"items_purged":[],"score":367,"play_id":"d565f79d-9a55-4e6e-8203-b0752f0a1989","local_time":"20190227145357","is_ascension_mode":true,"campfire_choices":[{"floor":7,"key":"REST"},{"floor":10,"key":"REST"},{"floor":12,"key":"REST"},{"floor":15,"key":"REST"}],"neow_cost":"NO_GOLD","seed_source_timestamp":628469536788534,"circlet_count":0,"master_deck":["AscendersBane","Strike_R","Strike_R","Strike_R","Strike_R","Strike_R","Defend_R","Defend_R","Defend_R","Defend_R","Bash","Cleave","Rage","Inflame","Dual Wield","Anger","Headbutt","Limit Break","Flex+1","Ghostly Armor"],"relics":["Burning Blood","Torii","Question Card","Centennial Puzzle","Lantern","Singing Bowl","Busted Crown"],"potions_floor_usage":[6,16,16,19,22],"damage_taken":[{"damage":6,"enemies":"Cultist","floor":1,"turns":3},{"damage":13,"enemies":"Jaw Worm","floor":2,"turns":4},{"damage":0,"enemies":"Small Slimes","floor":3,"turns":3},{"damage":23,"enemies":"3 Sentries","floor":6,"turns":7},{"damage":44,"enemies":"Gremlin Nob","floor":8,"turns":5},{"damage":30,"enemies":"3 Sentries","floor":13,"turns":5},{"damage":9,"enemies":"3 Louse","floor":14,"turns":2},{"damage":49,"enemies":"Hexaghost","floor":16,"turns":11},{"damage":1,"enemies":"Chosen","floor":18,"turns":3},{"damage":45,"enemies":"3 Byrds","floor":19,"turns":4},{"damage":21,"enemies":"Centurion and Healer","floor":20,"turns":5},{"damage":38,"enemies":"Cultist and Chosen","floor":22,"turns":6}],"seed_played":"3802679264549912615","potions_obtained":[{"floor":1,"key":"Ancient Potion"},{"floor":2,"key":"LiquidBronze"},{"floor":14,"key":"SkillPotion"},{"floor":16,"key":"GamblersBrew"},{"floor":20,"key":"Fire Potion"},{"floor":21,"key":"FairyPotion"}],"is_trial":false,"path_per_floor":["M","M","M","?","$","E","R","E","T","R","$","R","E","M","R","B",null,"M","M","M","?","M"],"character_chosen":"IRONCLAD","items_purchased":["Rage","Anger","PowerPotion"],"campfire_rested":4,"item_purchase_floors":[5,11,11],"current_hp_per_floor":[68,61,67,56,56,39,61,23,23,45,45,67,45,42,65,22,63,68,31,16,16,0],"gold":202,"neow_bonus":"ONE_RARE_RELIC","is_prod":false,"is_daily":false,"chose_seed":false,"campfire_upgraded":0,"win_rate":0,"timestamp":1551315237,"path_taken":["M","M","M","?","$","E","R","E","T","R","$","R","E","M","R","BOSS","M","M","M","?","M"],"build_version":"2019-01-23","purchased_purges":0,"victory":false,"max_hp_per_floor":[75,75,75,75,75,75,75,75,75,75,75,75,77,77,77,77,77,77,79,79,79,79],"card_choices":[{"not_picked":["Combust","Intimidate","Pommel Strike"],"picked":"SKIP","floor":1},{"not_picked":["Thunderclap","Flex","Sword Boomerang"],"picked":"SKIP","floor":2},{"not_picked":["Pommel Strike","Headbutt"],"picked":"Cleave","floor":3},{"not_picked":["Clothesline","Reckless Charge"],"picked":"Inflame","floor":6},{"not_picked":["Bludgeon","Demon Form","Shockwave"],"picked":"Dual Wield","floor":8},{"not_picked":["Inflame","Flex","Impervious","Dual Wield"],"picked":"Singing Bowl","floor":13},{"not_picked":["Spot Weakness","Thunderclap","Fire Breathing"],"picked":"Headbutt","floor":14},{"not_picked":["Exhume","Fiend Fire","Offering"],"picked":"Limit Break","floor":16},{"not_picked":["Anger"],"picked":"Flex+1","floor":18},{"not_picked":["Headbutt","Havoc"],"picked":"Singing Bowl","floor":19},{"not_picked":["Inflame"],"picked":"Ghostly Armor","floor":20}],"player_experience":470350,"relics_obtained":[{"floor":6,"key":"Question Card"},{"floor":8,"key":"Centennial Puzzle"},{"floor":9,"key":"Lantern"},{"floor":13,"key":"Singing Bowl"}],"event_choices":[{"damage_healed":0,"gold_gain":75,"player_choice":"Gather Gold","damage_taken":11,"max_hp_gain":0,"max_hp_loss":0,"event_name":"World of Goop","floor":4,"gold_loss":0},{"damage_healed":0,"gold_gain":0,"player_choice":"Got Potions","damage_taken":0,"max_hp_gain":0,"max_hp_loss":0,"event_name":"Lab","floor":21,"gold_loss":0}],"is_beta":false,"boss_relics":[{"not_picked":["Fusion Hammer","Cursed Key"],"picked":"Busted Crown"}],"items_purged_floors":[],"is_endless":false,"potions_floor_spawned":[1,2,14,16,20],"killed_by":"Cultist and Chosen","ascension_level":16}