{"gold_per_floor":[111,72,20,36,36,69,69,95,95,124,124,134,164,114,114,215,215,229,48,48,48,148,181,181,207,261,275,357,375,375,388,388,486,486,506,506,506,526,77,111,125,125,125,139,166,178,178,198,198,198],"floor_reached":51,"playtime":4528,"items_purged":["Strike_R","Berserk"],"score":802,"play_id":"8ea0696c-0e47-4f4d-a080-06db5d2b0948","local_time":"20190123062517","is_ascension_mode":true,"campfire_choices":[{"data":"Rampage","floor":7,"key":"SMITH"},{"data":"Strike_R","floor":15,"key":"PURGE"},{"floor":24,"key":"REST"},{"floor":32,"key":"REST"},{"data":"Rupture","floor":42,"key":"SMITH"},{"floor":49,"key":"REST"}],"neow_cost":"NONE","seed_source_timestamp":189987798350952,"circlet_count":0,"master_deck":["Strike_R","Strike_R","Defend_R","Defend_R","Defend_R","Defend_R","Bash+1","Pommel Strike","Iron Wave","Rampage+1","Headbutt","Thunderclap","Flex","Brutality","Shrug It Off","Rupture+1","Blood for Blood","Infernal Blade+1","Battle Trance+1","Cleave","Whirlwind","Shrug It Off","Pommel Strike+1","Reaper","Dropkick","Forethought","Swift Strike","Finesse","Clash+1","Combust","Madness","Madness","Havoc+1"],"relics":["Black Blood","Matryoshka","PreservedInsect","Juzu Bracelet","Magic Flower","Orichalcum","Dream Catcher","Peace Pipe","Mango","Red Skull","Calipers","Meat on the Bone","Bottled Tornado","Paper Frog","Oddly Smooth Stone","Shuriken","Busted Crown","Strawberry","Bronze Scales","Ornamental Fan","Sundial","Whetstone"],"potions_floor_usage":[6,16,18,22,22,22,27,29,33,40,50],"damage_taken":[{"damage":0,"enemies":"2 Louse","floor":1,"turns":2},{"damage":1,"enemies":"Jaw Worm","floor":4,"turns":5},{"damage":21,"enemies":"3 Sentries","floor":6,"turns":8},{"damage":21,"enemies":"Lagavulin","floor":8,"turns":6},{"damage":16,"enemies":"3 Sentries","floor":10,"turns":4},{"damage":0,"enemies":"Cultist","floor":12,"turns":3},{"damage":0,"enemies":"Gremlin Nob","floor":13,"turns":3},{"damage":43,"enemies":"The Guardian","floor":16,"turns":9},{"damage":35,"enemies":"3 Byrds","floor":18,"turns":7},{"damage":45,"enemies":"Colosseum Slavers","floor":22,"turns":6},{"damage":39,"enemies":"Colosseum Nobs","floor":22,"turns":5},{"damage":33,"enemies":"Book of Stabbing","floor":23,"turns":4},{"damage":63,"enemies":"Slavers","floor":25,"turns":5},{"damage":9,"enemies":"Shell Parasite","floor":27,"turns":3},{"damage":17,"enemies":"Centurion and Healer","floor":29,"turns":4},{"damage":18,"enemies":"3 Cultists","floor":31,"turns":4},{"damage":64,"enemies":"Collector","floor":33,"turns":9},{"damage":11,"enemies":"Orb Walker","floor":35,"turns":4},{"damage":36,"enemies":"3 Darklings","floor":38,"turns":3},{"damage":56,"enemies":"Giant Head","floor":40,"turns":7},{"damage":7,"enemies":"Transient","floor":41,"turns":5},{"damage":49,"enemies":"Writhing Mass","floor":44,"turns":5},{"damage":31,"enemies":"Spire Growth","floor":46,"turns":4},{"damage":11,"enemies":"Maw","floor":48,"turns":5},{"damage":104,"enemies":"Donu and Deca","floor":50,"turns":8}],"seed_played":"-7618044231571126973","potions_obtained":[{"floor":1,"key":"BloodPotion"},{"floor":10,"key":"BloodPotion"},{"floor":16,"key":"Regen Potion"},{"floor":18,"key":"SpeedPotion"},{"floor":21,"key":"BloodPotion"},{"floor":23,"key":"Swift Potion"},{"floor":25,"key":"Explosive Potion"},{"floor":29,"key":"AttackPotion"},{"floor":38,"key":"EssenceOfSteel"},{"floor":40,"key":"Dexterity Potion"}],"is_trial":false,"path_per_floor":["M","?","?","M","T","E","R","E","T","E","?","M","E","?","R","B",null,"M","$","?","?","?","E","R","E","T","M","T","M","?","M","R","B",null,"M","?","?","M","$","E","M","R","T","M","T","M","?","M","R","B",null],"character_chosen":"IRONCLAD","items_purchased":["Rupture","BloodPotion","Strawberry","Bronze Scales","Combust"],"campfire_rested":3,"item_purchase_floors":[19,19,39,39,39],"current_hp_per_floor":[80,80,80,80,80,73,73,61,61,68,61,70,79,79,79,59,94,94,94,75,75,49,49,78,48,48,72,72,70,70,67,96,65,99,99,89,89,68,75,60,101,101,101,85,85,69,56,86,106,59],"gold":198,"neow_bonus":"ONE_RANDOM_RARE_CARD","is_prod":false,"is_daily":false,"chose_seed":false,"campfire_upgraded":2,"win_rate":0,"timestamp":1548246317,"path_taken":["M","?","?","?","?","E","R","E","T","E","?","M","E","?","R","BOSS","M","$","?","?","?","E","R","E","T","M","?","M","?","M","R","BOSS","M","?","?","M","?","E","M","R","T","M","?","M","?","M","R","BOSS"],"build_version":"2019-01-17v2","purchased_purges":2,"victory":true,"max_hp_per_floor":[80,80,80,80,80,80,80,80,80,94,94,94,94,94,94,94,94,94,94,99,99,99,99,99,99,99,99,99,99,99,99,99,99,99,99,99,99,99,106,106,106,106,106,106,106,106,106,106,106,106],"card_choices":[{"not_picked":["Clothesline","Havoc"],"picked":"Pommel Strike","floor":1},{"not_picked":["Clash","Body Slam"],"picked":"Iron Wave","floor":4},{"not_picked":["Twin Strike","Wild Strike"],"picked":"Rampage","floor":6},{"not_picked":["Dropkick","Shockwave"],"picked":"Headbutt","floor":8},{"not_picked":["Clash","Uppercut"],"picked":"Thunderclap","floor":10},{"not_picked":["Fire Breathing","Disarm"],"picked":"Berserk","floor":12},{"not_picked":["Sever Soul","Power Through"],"picked":"Flex","floor":13},{"not_picked":["Feed","Fiend Fire"],"picked":"Brutality","floor":16},{"not_picked":["Shockwave","Dropkick"],"picked":"Shrug It Off","floor":18},{"not_picked":["Anger+1","Havoc"],"picked":"Blood for Blood","floor":22},{"not_picked":["Dark Embrace","Iron Wave+1"],"picked":"Infernal Blade+1","floor":23},{"not_picked":["Bludgeon","Iron Wave+1"],"picked":"Battle Trance+1","floor":25},{"not_picked":["Flex","Thunderclap+1"],"picked":"Cleave","floor":27},{"not_picked":["Twin Strike","Shrug It Off"],"picked":"Whirlwind","floor":29},{"not_picked":["Shrug It Off","Battle Trance","True Grit+1"],"picked":"SKIP","floor":31},{"not_picked":["Intimidate","Sever Soul"],"picked":"Pommel Strike+1","floor":32},{"not_picked":["Dark Embrace","Feed"],"picked":"Reaper","floor":33},{"not_picked":[],"picked":"Dropkick","floor":35},{"not_picked":[],"picked":"Forethought","floor":36},{"not_picked":[],"picked":"Swift Strike","floor":36},{"not_picked":[],"picked":"Finesse","floor":36},{"not_picked":[],"picked":"Clash","floor":38},{"not_picked":["Shrug It Off"],"picked":"SKIP","floor":40},{"not_picked":["Perfected Strike"],"picked":"SKIP","floor":41},{"not_picked":["Dual Wield"],"picked":"SKIP","floor":44},{"not_picked":["Dropkick"],"picked":"SKIP","floor":46},{"not_picked":["Uppercut+1"],"picked":"SKIP","floor":48},{"not_picked":[],"picked":"Havoc+1","floor":49}],"player_experience":107620,"relics_obtained":[{"floor":5,"key":"PreservedInsect"},{"floor":5,"key":"Juzu Bracelet"},{"floor":6,"key":"Magic Flower"},{"floor":8,"key":"Orichalcum"},{"floor":9,"key":"Dream Catcher"},{"floor":9,"key":"Peace Pipe"},{"floor":10,"key":"Mango"},{"floor":13,"key":"Red Skull"},{"floor":22,"key":"Calipers"},{"floor":22,"key":"Meat on the Bone"},{"floor":23,"key":"Bottled Tornado"},{"floor":25,"key":"Paper Frog"},{"floor":26,"key":"Oddly Smooth Stone"},{"floor":28,"key":"Shuriken"},{"floor":40,"key":"Ornamental Fan"},{"floor":43,"key":"Sundial"},{"floor":45,"key":"Whetstone"}],"event_choices":[{"damage_healed":0,"gold_gain":0,"player_choice":"Left Gold","damage_taken":0,"max_hp_gain":0,"max_hp_loss":0,"event_name":"World of Goop","floor":2,"gold_loss":39},{"damage_healed":0,"gold_gain":0,"player_choice":"Paid Gold","damage_taken":0,"relics_obtained":["Matryoshka"],"max_hp_gain":0,"max_hp_loss":0,"event_name":"WeMeetAgain","floor":3,"gold_loss":52},{"cards_removed":["Exhume"],"damage_healed":0,"gold_gain":0,"player_choice":"Card Removal","damage_taken":7,"max_hp_gain":0,"max_hp_loss":0,"event_name":"Golden Wing","floor":11,"gold_loss":0},{"cards_removed":["Strike_R"],"damage_healed":0,"gold_gain":0,"player_choice":"Card Removal","damage_taken":0,"max_hp_gain":0,"max_hp_loss":0,"event_name":"The Cleric","floor":14,"gold_loss":50},{"damage_healed":0,"gold_gain":0,"player_choice":"Shed Blood","damage_taken":24,"max_hp_gain":5,"max_hp_loss":0,"event_name":"Forgotten Altar","floor":20,"gold_loss":0},{"damage_healed":0,"gold_gain":0,"player_choice":"Got Potions","damage_taken":0,"max_hp_gain":0,"max_hp_loss":0,"event_name":"Lab","floor":21,"gold_loss":0},{"damage_healed":0,"gold_gain":0,"player_choice":"Fight","damage_taken":0,"max_hp_gain":0,"max_hp_loss":0,"event_name":"Colosseum","floor":22,"gold_loss":0},{"damage_healed":0,"gold_gain":0,"player_choice":"Fought Nobs","damage_taken":0,"max_hp_gain":0,"max_hp_loss":0,"event_name":"Colosseum","floor":22,"gold_loss":0},{"damage_healed":0,"gold_gain":0,"player_choice":"Read","damage_taken":0,"max_hp_gain":0,"max_hp_loss":0,"event_name":"The Library","floor":30,"gold_loss":0,"cards_obtained":["Shrug It Off"]},{"damage_healed":0,"gold_gain":0,"player_choice":"Memory 3","damage_taken":10,"max_hp_gain":0,"max_hp_loss":0,"event_name":"SensoryStone","floor":36,"gold_loss":0},{"damage_healed":0,"gold_gain":0,"player_choice":"Ignored","damage_taken":0,"max_hp_gain":0,"max_hp_loss":0,"event_name":"Mysterious Sphere","floor":37,"gold_loss":0},{"damage_healed":0,"gold_gain":0,"player_choice":"Embrace Madness","damage_taken":13,"max_hp_gain":0,"max_hp_loss":0,"event_name":"Winding Halls","floor":47,"gold_loss":0,"cards_obtained":["Madness","Madness"]}],"is_beta":false,"boss_relics":[{"not_picked":["Pandora\u0027s Box","Runic Dome"],"picked":"Black Blood"},{"not_picked":["Empty Cage","Black Star"],"picked":"Busted Crown"}],"items_purged_floors":[19,39],"is_endless":false,"potions_floor_spawned":[1,10,16,18,23,25,29,38,40],"ascension_level":1}