{"gold_per_floor":[112,84,34,46,221,252,264,296,319,353,365,290,300,300,300,397,397,411,411,428,428,439,439],"floor_reached":23,"playtime":2280,"items_purged":["Doubt"],"score":296,"play_id":"9c04bb19-5481-430a-8eb5-e2d2247dd7c4","local_time":"20190303212755","is_ascension_mode":true,"campfire_choices":[{"data":"Metallicize","floor":15,"key":"SMITH"}],"neow_cost":"NONE","seed_source_timestamp":83959164259472,"circlet_count":0,"master_deck":["Strike_R","Defend_R","Defend_R","Defend_R","Defend_R","Bash","Reckless Charge","Dual Wield","Heavy Blade","Metallicize+1","Feed+1","Clothesline","Shrug It Off","Pommel Strike+1","Reaper","Burning Pact+1","Sword Boomerang+1","Battle Trance+1","Armaments"],"relics":["Burning Blood","NeowsBlessing","Happy Flower","Bag of Preparation","Orichalcum","Bag of Marbles","Astrolabe","The Courier"],"potions_floor_usage":[10,10,16],"damage_taken":[{"damage":0,"enemies":"2 Louse","floor":1,"turns":1},{"damage":0,"enemies":"Small Slimes","floor":4,"turns":1},{"damage":0,"enemies":"Lagavulin","floor":6,"turns":1},{"damage":7,"enemies":"Jaw Worm","floor":7,"turns":3},{"damage":35,"enemies":"Gremlin Nob","floor":8,"turns":5},{"damage":10,"enemies":"3 Sentries","floor":10,"turns":8},{"damage":6,"enemies":"Lots of Slimes","floor":11,"turns":4},{"damage":0,"enemies":"Blue Slaver","floor":13,"turns":4},{"damage":3,"enemies":"The Guardian","floor":16,"turns":15},{"damage":14,"enemies":"3 Byrds","floor":18,"turns":6},{"damage":18,"enemies":"Spheric Guardian","floor":20,"turns":6},{"damage":68,"enemies":"Snake Plant","floor":22,"turns":8},{"damage":42,"enemies":"Slavers","floor":23,"turns":3}],"seed_played":"814660577916297481","potions_obtained":[{"floor":4,"key":"Fire Potion"},{"floor":7,"key":"Dexterity Potion"},{"floor":11,"key":"PowerPotion"},{"floor":16,"key":"SteroidPotion"}],"is_trial":false,"path_per_floor":["M","?","?","M","?","E","M","E","T","E","M","$","M","?","R","B",null,"M","?","M","?","M","E"],"character_chosen":"IRONCLAD","items_purchased":[],"campfire_rested":0,"item_purchase_floors":[],"current_hp_per_floor":[80,80,80,80,80,80,79,50,50,49,52,52,61,61,61,64,89,90,90,78,78,24,0],"gold":439,"neow_bonus":"THREE_ENEMY_KILL","is_prod":false,"is_daily":false,"chose_seed":false,"campfire_upgraded":1,"win_rate":0,"timestamp":1551670075,"path_taken":["M","?","?","M","?","E","M","E","T","E","M","$","M","?","R","BOSS","M","?","?","?","?","E"],"build_version":"2019-01-23","purchased_purges":1,"victory":false,"max_hp_per_floor":[80,80,80,80,80,80,80,80,80,83,86,86,89,89,89,89,89,93,93,93,93,97,97],"card_choices":[{"not_picked":["Cleave","Wild Strike"],"picked":"Reckless Charge","floor":1},{"not_picked":["Wild Strike","Cleave"],"picked":"Dual Wield","floor":4},{"not_picked":["Perfected Strike","Thunderclap"],"picked":"Heavy Blade","floor":6},{"not_picked":["Inflame","Sword Boomerang"],"picked":"Metallicize","floor":7},{"not_picked":["Sword Boomerang","Armaments"],"picked":"Feed","floor":8},{"not_picked":["Perfected Strike","Berserk"],"picked":"Clothesline","floor":10},{"not_picked":["Headbutt","Clash"],"picked":"Shrug It Off","floor":11},{"not_picked":["Exhume","Iron Wave"],"picked":"Pommel Strike","floor":13},{"not_picked":["Fiend Fire","Bludgeon"],"picked":"Reaper","floor":16},{"not_picked":["True Grit","Heavy Blade"],"picked":"Armaments","floor":18},{"not_picked":["Heavy Blade+1","Sword Boomerang","Pommel Strike"],"picked":"SKIP","floor":20},{"not_picked":["Iron Wave","Battle Trance","Clothesline"],"picked":"SKIP","floor":22}],"player_experience":177227,"relics_obtained":[{"floor":6,"key":"Happy Flower"},{"floor":8,"key":"Bag of Preparation"},{"floor":9,"key":"Orichalcum"},{"floor":10,"key":"Bag of Marbles"}],"event_choices":[{"damage_healed":0,"gold_gain":0,"player_choice":"Left Gold","damage_taken":0,"max_hp_gain":0,"max_hp_loss":0,"event_name":"World of Goop","floor":2,"gold_loss":28},{"cards_removed":["Strike_R"],"damage_healed":0,"gold_gain":0,"player_choice":"Card Removal","damage_taken":0,"max_hp_gain":0,"max_hp_loss":0,"event_name":"The Cleric","floor":3,"gold_loss":50},{"damage_healed":0,"gold_gain":175,"player_choice":"AGREE","damage_taken":0,"max_hp_gain":0,"max_hp_loss":0,"event_name":"Liars Game","floor":5,"gold_loss":0,"cards_obtained":["Doubt"]},{"damage_healed":0,"gold_gain":0,"player_choice":"Grow","damage_taken":0,"max_hp_gain":0,"max_hp_loss":0,"event_name":"Living Wall","floor":14,"gold_loss":0,"cards_upgraded":["Feed"]},{"damage_healed":0,"gold_gain":0,"player_choice":"Gave Potion","damage_taken":0,"relics_obtained":["The Courier"],"max_hp_gain":0,"max_hp_loss":0,"event_name":"WeMeetAgain","floor":19,"gold_loss":0},{"damage_healed":0,"gold_gain":0,"player_choice":"Upgraded","damage_taken":0,"max_hp_gain":0,"max_hp_loss":0,"event_name":"Upgrade Shrine","floor":21,"gold_loss":0,"cards_upgraded":["Pommel Strike"]}],"is_beta":false,"boss_relics":[{"not_picked":["Coffee Dripper","Fusion Hammer"],"picked":"Astrolabe"}],"items_purged_floors":[12],"is_endless":false,"potions_floor_spawned":[4,7,11,16],"killed_by":"Slavers","ascension_level":3}