{"gold_per_floor":[118,71,88,88,88,88,106,121,121,137,137,151,165,193,193,297,297,316,316,326,251,271,302,312,312,388,388,388,388,399,416,416,514,514,524,541,98,115,127,159,173,173,173,40,57,57,67,167,167,167],"floor_reached":51,"playtime":3153,"items_purged":["Strike_R","Strike_R"],"score":779,"play_id":"c9ef9980-7057-4163-9e5b-9eebf4b50f13","local_time":"20190303230519","is_ascension_mode":true,"campfire_choices":[{"data":"Bash","floor":6,"key":"SMITH"},{"data":"Bludgeon","floor":11,"key":"SMITH"},{"data":"Flame Barrier","floor":15,"key":"SMITH"},{"floor":25,"key":"REST"},{"data":"Feed","floor":27,"key":"SMITH"},{"floor":29,"key":"REST"},{"data":"Demon Form","floor":32,"key":"SMITH"},{"floor":46,"key":"REST"},{"floor":49,"key":"REST"}],"neow_cost":"NONE","seed_source_timestamp":237622051701248,"circlet_count":0,"master_deck":["Strike_R","Strike_R+1","Defend_R+1","Defend_R","Defend_R","Defend_R","Bash+1","Shrug It Off","True Grit+1","Bludgeon+1","Body Slam","Burning Pact","Metallicize","Flame Barrier+1","Feed+1","Shrug It Off+1","Havoc","Shrug It Off","Demon Form+1","Pummel+1","Limit Break","Whirlwind+1","Mayhem","Whirlwind+1","Juggernaut","Mayhem","Pummel"],"relics":["Burning Blood","Pear","Odd Mushroom","Runic Dome","FossilizedHelix","Pantograph","Sozu","Lee\u0027s Waffle","Vajra","Mercury Hourglass","Gambling Chip"],"potions_floor_usage":[16,16,33,41,45],"damage_taken":[{"damage":5,"enemies":"Small Slimes","floor":1,"turns":4},{"damage":1,"enemies":"2 Louse","floor":3,"turns":3},{"damage":4,"enemies":"Jaw Worm","floor":7,"turns":6},{"damage":10,"enemies":"Looter","floor":8,"turns":2},{"damage":12,"enemies":"Blue Slaver","floor":10,"turns":3},{"damage":0,"enemies":"3 Louse","floor":12,"turns":3},{"damage":11,"enemies":"Large Slime","floor":13,"turns":5},{"damage":14,"enemies":"The Mushroom Lair","floor":14,"turns":7},{"damage":39,"enemies":"Hexaghost","floor":16,"turns":13},{"damage":1,"enemies":"Spheric Guardian","floor":18,"turns":3},{"damage":20,"enemies":"Colosseum Slavers","floor":19,"turns":7},{"damage":7,"enemies":"Chosen","floor":20,"turns":5},{"damage":35,"enemies":"Sentry and Sphere","floor":22,"turns":6},{"damage":32,"enemies":"Slavers","floor":23,"turns":9},{"damage":17,"enemies":"3 Cultists","floor":24,"turns":6},{"damage":14,"enemies":"Centurion and Healer","floor":30,"turns":8},{"damage":0,"enemies":"Chosen and Byrds","floor":31,"turns":5},{"damage":24,"enemies":"Collector","floor":33,"turns":11},{"damage":16,"enemies":"3 Shapes","floor":35,"turns":9},{"damage":47,"enemies":"3 Darklings","floor":36,"turns":14},{"damage":37,"enemies":"Jaw Worm Horde","floor":38,"turns":5},{"damage":40,"enemies":"Spire Growth","floor":39,"turns":5},{"damage":43,"enemies":"Giant Head","floor":40,"turns":7},{"damage":20,"enemies":"Sphere and 2 Shapes","floor":41,"turns":4},{"damage":0,"enemies":"Transient","floor":45,"turns":5},{"damage":45,"enemies":"4 Shapes","floor":47,"turns":5},{"damage":28,"enemies":"Mind Bloom Boss Battle","floor":48,"turns":5},{"damage":56,"enemies":"Donu and Deca","floor":50,"turns":7}],"seed_played":"-5349974854584948426","potions_obtained":[{"floor":3,"key":"GamblersBrew"},{"floor":10,"key":"AttackPotion"},{"floor":16,"key":"BloodPotion"},{"floor":18,"key":"FairyPotion"},{"floor":20,"key":"Block Potion"},{"floor":23,"key":"PowerPotion"},{"floor":33,"key":"Poison Potion"}],"is_trial":false,"path_per_floor":["M","$","M","?","?","R","M","M","T","M","R","M","M","?","R","B",null,"M","?","M","?","M","E","M","R","T","R","?","R","M","M","R","B",null,"M","M","$","M","M","E","M","?","T","$","M","R","M","?","R","B",null],"character_chosen":"IRONCLAD","items_purchased":["True Grit","Lee\u0027s Waffle","Mayhem","Pummel"],"campfire_rested":4,"item_purchase_floors":[2,37,37,44],"current_hp_per_floor":[88,88,88,88,70,70,72,68,78,72,72,78,73,65,65,32,98,101,90,92,92,66,40,32,65,65,65,54,87,83,93,93,104,125,119,78,136,109,75,38,38,38,38,38,44,86,51,58,102,77],"gold":167,"neow_bonus":"TEN_PERCENT_HP_BONUS","is_prod":false,"is_daily":false,"chose_seed":false,"campfire_upgraded":5,"win_rate":0,"timestamp":1551672319,"path_taken":["M","$","M","?","?","R","M","M","T","?","R","M","M","?","R","BOSS","M","?","M","?","M","E","M","R","T","R","?","R","?","M","R","BOSS","M","M","$","M","?","E","M","?","T","$","M","R","M","?","R","BOSS"],"build_version":"2019-01-23","purchased_purges":2,"victory":true,"max_hp_per_floor":[88,88,88,88,88,88,88,88,98,98,98,98,98,98,98,98,98,101,104,107,107,110,110,113,113,113,113,113,113,117,121,121,125,125,129,129,136,140,140,140,140,140,140,140,140,140,144,148,148,148],"card_choices":[{"not_picked":["Sword Boomerang","Armaments"],"picked":"Shrug It Off","floor":1},{"not_picked":["Shockwave","Sword Boomerang","Pommel Strike"],"picked":"SKIP","floor":3},{"not_picked":["Headbutt","Second Wind"],"picked":"Bludgeon","floor":7},{"not_picked":["Clothesline","Feel No Pain","Power Through"],"picked":"SKIP","floor":8},{"not_picked":["Seeing Red","Iron Wave"],"picked":"Body Slam","floor":10},{"not_picked":["Warcry","Bloodletting"],"picked":"Burning Pact","floor":12},{"not_picked":["Havoc","Inflame"],"picked":"Metallicize","floor":13},{"not_picked":["Perfected Strike","Pummel"],"picked":"Flame Barrier","floor":14},{"not_picked":["Berserk","Reaper"],"picked":"Feed","floor":16},{"not_picked":["Rage+1","Uppercut"],"picked":"Shrug It Off+1","floor":18},{"not_picked":["Perfected Strike","Hemokinesis+1"],"picked":"Havoc","floor":20},{"not_picked":["Warcry","Flex"],"picked":"Shrug It Off","floor":22},{"not_picked":["Armaments+1","Anger"],"picked":"Demon Form","floor":23},{"not_picked":["Anger","Reckless Charge+1","Combust"],"picked":"SKIP","floor":24},{"not_picked":["Clothesline","Perfected Strike","Wild Strike+1"],"picked":"SKIP","floor":30},{"not_picked":["True Grit+1","Heavy Blade"],"picked":"Pummel+1","floor":31},{"not_picked":["Immolate","Fiend Fire"],"picked":"Limit Break","floor":33},{"not_picked":["Hemokinesis","Ghostly Armor","Clash+1"],"picked":"SKIP","floor":35},{"not_picked":["Battle Trance+1","Rampage"],"picked":"Whirlwind+1","floor":36},{"not_picked":["Evolve","Entrench+1"],"picked":"Whirlwind+1","floor":38},{"not_picked":["Clothesline+1","Clash+1","Twin Strike+1"],"picked":"SKIP","floor":39},{"not_picked":["True Grit","Uppercut","Intimidate"],"picked":"SKIP","floor":40},{"not_picked":["Twin Strike+1","Thunderclap+1"],"picked":"Juggernaut","floor":41},{"not_picked":["Forethought","Violence"],"picked":"Mayhem","floor":42},{"not_picked":["Clash+1","Iron Wave+1","Seeing Red"],"picked":"SKIP","floor":45},{"not_picked":["Headbutt","True Grit","Pommel Strike+1"],"picked":"SKIP","floor":47}],"player_experience":1130213,"relics_obtained":[{"floor":9,"key":"Pear"},{"floor":14,"key":"Odd Mushroom"},{"floor":23,"key":"FossilizedHelix"},{"floor":26,"key":"Pantograph"},{"floor":40,"key":"Vajra"},{"floor":43,"key":"Mercury Hourglass"},{"floor":48,"key":"Gambling Chip"}],"event_choices":[{"damage_healed":0,"gold_gain":0,"player_choice":"Grow","damage_taken":0,"max_hp_gain":0,"max_hp_loss":0,"event_name":"Living Wall","floor":4,"gold_loss":0,"cards_upgraded":["True Grit"]},{"damage_healed":0,"gold_gain":0,"player_choice":"Entered Light","damage_taken":18,"max_hp_gain":0,"max_hp_loss":0,"event_name":"Shining Light","floor":5,"gold_loss":0,"cards_upgraded":["Defend_R","Strike_R"]},{"damage_healed":0,"gold_gain":0,"player_choice":"Fought Mushrooms","damage_taken":0,"max_hp_gain":0,"max_hp_loss":0,"event_name":"Mushrooms","floor":14,"gold_loss":0},{"damage_healed":0,"gold_gain":0,"player_choice":"Fight","damage_taken":0,"max_hp_gain":0,"max_hp_loss":0,"event_name":"Colosseum","floor":19,"gold_loss":0},{"damage_healed":0,"gold_gain":0,"player_choice":"Fled From Nobs","damage_taken":0,"max_hp_gain":0,"max_hp_loss":0,"event_name":"Colosseum","floor":19,"gold_loss":0},{"cards_removed":["Strike_R"],"damage_healed":0,"gold_gain":0,"player_choice":"Gave Gold","damage_taken":0,"max_hp_gain":0,"max_hp_loss":0,"event_name":"Beggar","floor":21,"gold_loss":75},{"damage_healed":0,"gold_gain":0,"player_choice":"Damaged","damage_taken":11,"max_hp_gain":0,"max_hp_loss":0,"event_name":"Wheel of Change","floor":28,"gold_loss":0},{"damage_healed":0,"gold_gain":0,"player_choice":"Memory 1","damage_taken":0,"max_hp_gain":0,"max_hp_loss":0,"event_name":"SensoryStone","floor":42,"gold_loss":0},{"damage_healed":0,"gold_gain":0,"player_choice":"Fight","damage_taken":0,"max_hp_gain":0,"max_hp_loss":0,"event_name":"MindBloom","floor":48,"gold_loss":0}],"is_beta":false,"boss_relics":[{"not_picked":["Black Star","Ectoplasm"],"picked":"Runic Dome"},{"not_picked":["Eternal Feather","Busted Crown"],"picked":"Sozu"}],"items_purged_floors":[37,44],"is_endless":false,"potions_floor_spawned":[3,10,16,18,20,23,30,33,35,38,41,47,48],"ascension_level":1}