{"gold_per_floor":[116,128,128,12,32,63,63,107,188,188,228,244,244,265,265,265],"floor_reached":16,"playtime":913,"items_purged":[],"score":126,"play_id":"3d9c850f-540f-4f88-b7f4-aa96167f6d33","local_time":"20190308121854","is_ascension_mode":true,"campfire_choices":[{"floor":7,"key":"REST"},{"floor":10,"key":"REST"},{"floor":13,"key":"REST"},{"floor":15,"key":"REST"}],"neow_cost":"NONE","seed_source_timestamp":987165032878936,"circlet_count":0,"master_deck":["Strike_B","Strike_B","Strike_B","Strike_B","Defend_B","Defend_B","Defend_B","Defend_B","Zap","Dualcast","Compile Driver","Melter","Injury","Self Repair","Stack","Turbo","Melter","Sunder","FTL","Sunder","Seek"],"relics":["Cracked Core","NeowsBlessing","Golden Idol","Unceasing Top","Strawberry","Bottled Tornado","Oddly Smooth Stone"],"potions_floor_usage":[6,8,16],"damage_taken":[{"damage":0,"enemies":"Cultist","floor":1,"turns":1},{"damage":0,"enemies":"Jaw Worm","floor":2,"turns":1},{"damage":0,"enemies":"Small Slimes","floor":5,"turns":1},{"damage":42,"enemies":"3 Sentries","floor":6,"turns":11},{"damage":23,"enemies":"Gremlin Nob","floor":8,"turns":4},{"damage":33,"enemies":"3 Sentries","floor":11,"turns":6},{"damage":15,"enemies":"Gremlin Gang","floor":12,"turns":4},{"damage":0,"enemies":"Large Slime","floor":14,"turns":4},{"damage":82,"enemies":"Hexaghost","floor":16,"turns":9}],"seed_played":"-2784288184567660719","potions_obtained":[{"floor":2,"key":"Regen Potion"},{"floor":6,"key":"Poison Potion"},{"floor":12,"key":"FocusPotion"}],"is_trial":false,"path_per_floor":["M","M","?","$","M","E","R","E","T","R","E","M","R","M","R","B"],"character_chosen":"DEFECT","items_purchased":["Self Repair","Stack"],"campfire_rested":4,"item_purchase_floors":[4,4],"current_hp_per_floor":[75,75,75,75,75,55,75,66,66,82,49,41,65,72,82,0],"gold":265,"neow_bonus":"THREE_ENEMY_KILL","is_prod":false,"is_daily":false,"chose_seed":false,"campfire_upgraded":0,"win_rate":0,"timestamp":1552058334,"path_taken":["M","M","?","$","M","E","R","E","T","R","E","M","R","M","R","BOSS"],"build_version":"2019-01-23","purchased_purges":0,"victory":false,"max_hp_per_floor":[75,75,75,75,75,75,75,82,82,82,82,82,82,82,82,82],"card_choices":[{"not_picked":["Beam Cell","Stack"],"picked":"Compile Driver","floor":1},{"not_picked":["Streamline","Sweeping Beam"],"picked":"Melter","floor":2},{"not_picked":["Conserve Battery","Hologram"],"picked":"Turbo","floor":5},{"not_picked":["Lockon","Hologram"],"picked":"Melter","floor":6},{"not_picked":["Stack","Doom and Gloom"],"picked":"Sunder","floor":8},{"not_picked":["Lockon","Streamline"],"picked":"FTL","floor":11},{"not_picked":["Static Discharge","Sweeping Beam"],"picked":"Sunder","floor":12},{"not_picked":["Barrage","Streamline"],"picked":"Seek","floor":14}],"player_experience":51612,"relics_obtained":[{"floor":6,"key":"Unceasing Top"},{"floor":8,"key":"Strawberry"},{"floor":9,"key":"Bottled Tornado"},{"floor":11,"key":"Oddly Smooth Stone"}],"event_choices":[{"damage_healed":0,"gold_gain":0,"player_choice":"Take Wound","damage_taken":0,"relics_obtained":["Golden Idol"],"max_hp_gain":0,"max_hp_loss":0,"event_name":"Golden Idol","floor":3,"gold_loss":0,"cards_obtained":["Injury"]}],"is_beta":false,"boss_relics":[],"items_purged_floors":[],"is_endless":false,"potions_floor_spawned":[2,6,12],"killed_by":"Hexaghost","ascension_level":1}