{"gold_per_floor":[109,119,194,208,133,166,166,180,203,230,249,249,262,277,277,277],"floor_reached":16,"playtime":546,"items_purged":[],"score":205,"play_id":"99542678-c013-4d6a-a05b-0c69a65933f2","local_time":"20190226211659","is_ascension_mode":true,"campfire_choices":[{"data":"Armaments","floor":7,"key":"SMITH"},{"floor":15,"key":"REST"}],"neow_cost":"NONE","seed_source_timestamp":565400131763012,"circlet_count":0,"master_deck":["AscendersBane","Strike_R","Strike_R","Strike_R","Strike_R","Defend_R","Defend_R","Defend_R","Defend_R","Bash","Deep Breath","Blood for Blood","Whirlwind","Armaments+1","Bloodletting","Uppercut","Anger","Power Through"],"relics":["Burning Blood","Art of War","Strawberry","Lantern"],"potions_floor_usage":[6,6,13,13],"damage_taken":[{"damage":0,"enemies":"Small Slimes","floor":1,"turns":3},{"damage":6,"enemies":"Jaw Worm","floor":2,"turns":4},{"damage":0,"enemies":"2 Louse","floor":4,"turns":1},{"damage":27,"enemies":"Lagavulin","floor":6,"turns":7},{"damage":25,"enemies":"Gremlin Gang","floor":8,"turns":3},{"damage":28,"enemies":"3 Sentries","floor":10,"turns":6},{"damage":8,"enemies":"3 Louse","floor":11,"turns":4},{"damage":9,"enemies":"2 Fungi Beasts","floor":13,"turns":4},{"damage":3,"enemies":"Gremlin Gang","floor":14,"turns":2},{"damage":56,"enemies":"The Guardian","floor":16,"turns":6}],"seed_played":"-608143370399321259","potions_obtained":[{"floor":1,"key":"Fire Potion"},{"floor":4,"key":"SteroidPotion"},{"floor":8,"key":"Weak Potion"},{"floor":11,"key":"Regen Potion"}],"is_trial":false,"path_per_floor":["M","M","?","M","?","E","R","M","T","E","M","?","M","M","R","B"],"character_chosen":"IRONCLAD","items_purchased":[],"campfire_rested":1,"item_purchase_floors":[],"current_hp_per_floor":[74,74,74,75,75,54,54,35,42,20,18,18,27,30,54,0],"gold":277,"neow_bonus":"RANDOM_COLORLESS","is_prod":false,"is_daily":false,"chose_seed":false,"campfire_upgraded":1,"win_rate":0,"timestamp":1551251819,"path_taken":["M","M","?","M","?","E","R","M","T","E","M","?","M","?","R","BOSS"],"build_version":"2019-01-23","purchased_purges":0,"victory":false,"max_hp_per_floor":[75,75,75,75,75,75,75,75,82,82,82,82,82,82,82,82],"card_choices":[{"not_picked":["Dual Wield","Intimidate"],"picked":"Blood for Blood","floor":1},{"not_picked":["Infernal Blade","Havoc"],"picked":"Whirlwind","floor":2},{"not_picked":["Wild Strike","Heavy Blade"],"picked":"Armaments","floor":4},{"not_picked":["Pommel Strike","Dark Embrace"],"picked":"Bloodletting","floor":6},{"not_picked":["Headbutt","Seeing Red"],"picked":"Uppercut","floor":8},{"not_picked":["Flex","Seeing Red"],"picked":"Anger","floor":10},{"not_picked":["True Grit","Pummel"],"picked":"Power Through","floor":11},{"not_picked":["Warcry","Anger","Armaments"],"picked":"SKIP","floor":13},{"not_picked":["Twin Strike","Sword Boomerang","Flex"],"picked":"SKIP","floor":14}],"player_experience":466572,"relics_obtained":[{"floor":6,"key":"Art of War"},{"floor":9,"key":"Strawberry"},{"floor":10,"key":"Lantern"}],"event_choices":[{"damage_healed":0,"gold_gain":75,"player_choice":"Gained Gold","damage_taken":0,"max_hp_gain":0,"max_hp_loss":0,"event_name":"Golden Wing","floor":3,"gold_loss":0},{"cards_removed":["Strike_R"],"damage_healed":0,"gold_gain":0,"player_choice":"Card Removal","damage_taken":0,"max_hp_gain":0,"max_hp_loss":0,"event_name":"The Cleric","floor":5,"gold_loss":75},{"damage_healed":0,"gold_gain":0,"player_choice":"Fled","damage_taken":0,"max_hp_gain":0,"max_hp_loss":0,"event_name":"Scrap Ooze","floor":12,"gold_loss":0}],"is_beta":false,"boss_relics":[],"items_purged_floors":[],"is_endless":false,"potions_floor_spawned":[1,4,8,11],"killed_by":"The Guardian","ascension_level":16}