{"gold_per_floor":[116,116,129,140,158,188,205,205,205,224,235,254,282,282,282,379,679,696,742,433,446,457,483,483,197,266,285,304,338,356,356],"floor_reached":31,"playtime":1494,"items_purged":["Decay","Decay"],"score":318,"play_id":"3e6287d2-5edc-4679-b3e2-5ce713c0bc7d","local_time":"20190107171240","is_ascension_mode":false,"campfire_choices":[{"data":"Seeing Red","floor":8,"key":"SMITH"},{"data":"Heavy Blade","floor":15,"key":"SMITH"},{"floor":24,"key":"REST"}],"neow_cost":"NONE","seed_source_timestamp":375327886810062,"circlet_count":0,"master_deck":["Strike_R","Strike_R","Strike_R","Strike_R","Strike_R","Defend_R","Defend_R","Defend_R","Defend_R+1","Bash+1","Clash","Cleave","Seeing Red+1","Thunderclap","Clash","Spot Weakness","Rampage","Inflame","Clash","Heavy Blade+1","Feed","Regret","Injury","Infernal Blade+1","Feed","Whirlwind+1","Heavy Blade+1","Uppercut+1"],"relics":["Burning Blood","Juzu Bracelet","Ornamental Fan","Centennial Puzzle","Calling Bell","The Courier","Old Coin","Bronze Scales","War Paint","Red Skull","Ancient Tea Set","Matryoshka","Molten Egg 2","Blood Vial","Question Card","Strawberry"],"potions_floor_usage":[6,6,16,18,22,23,27,27],"damage_taken":[{"damage":6,"enemies":"Jaw Worm","floor":1,"turns":5},{"damage":6,"enemies":"Cultist","floor":3,"turns":3},{"damage":3,"enemies":"Small Slimes","floor":4,"turns":3},{"damage":3,"enemies":"Red Slaver","floor":5,"turns":4},{"damage":6,"enemies":"Gremlin Nob","floor":6,"turns":3},{"damage":5,"enemies":"Exordium Wildlife","floor":7,"turns":3},{"damage":1,"enemies":"Looter","floor":10,"turns":2},{"damage":12,"enemies":"Large Slime","floor":11,"turns":4},{"damage":0,"enemies":"Red Slaver","floor":12,"turns":1},{"damage":13,"enemies":"Lagavulin","floor":13,"turns":5},{"damage":82,"enemies":"The Guardian","floor":16,"turns":7},{"damage":36,"enemies":"3 Byrds","floor":18,"turns":4},{"damage":21,"enemies":"2 Thieves","floor":21,"turns":3},{"damage":35,"enemies":"Centurion and Healer","floor":22,"turns":5},{"damage":4,"enemies":"Gremlin Leader","floor":23,"turns":5},{"damage":33,"enemies":"Sentry and Sphere","floor":27,"turns":6},{"damage":27,"enemies":"Snake Plant","floor":28,"turns":3},{"damage":27,"enemies":"Slavers","floor":29,"turns":4},{"damage":24,"enemies":"Centurion and Healer","floor":30,"turns":3},{"damage":15,"enemies":"Shelled Parasite and Fungi","floor":31,"turns":2}],"seed_played":"2635621391995206824","potions_obtained":[{"floor":3,"key":"FairyPotion"},{"floor":4,"key":"AttackPotion"},{"floor":5,"key":"Swift Potion"},{"floor":10,"key":"BloodPotion"},{"floor":11,"key":"BloodPotion"},{"floor":16,"key":"SpeedPotion"},{"floor":21,"key":"Swift Potion"},{"floor":22,"key":"Swift Potion"},{"floor":23,"key":"Ancient Potion"},{"floor":28,"key":"FairyPotion"}],"is_trial":false,"path_per_floor":["M","?","M","M","M","E","M","R","T","M","M","M","E","?","R","B",null,"M","T","$","M","M","E","R","$","T","M","M","E","M","M"],"character_chosen":"IRONCLAD","items_purchased":["Red Skull","Ancient Tea Set","Molten Egg 2"],"campfire_rested":1,"item_purchase_floors":[20,20,25],"current_hp_per_floor":[88,88,88,88,88,88,88,88,88,88,82,88,81,81,81,13,88,66,66,66,51,22,24,50,50,50,31,12,25,12,0],"gold":356,"neow_bonus":"TEN_PERCENT_HP_BONUS","is_prod":false,"is_daily":false,"chose_seed":false,"campfire_upgraded":2,"win_rate":0,"timestamp":1546917160,"path_taken":["M","?","?","?","M","E","M","R","T","M","M","M","E","?","R","BOSS","M","?","$","M","M","E","R","$","T","M","M","E","M","M"],"build_version":"2019-01-03v4","purchased_purges":2,"victory":false,"max_hp_per_floor":[88,88,88,88,88,88,88,88,88,88,88,88,88,88,88,88,88,88,88,88,88,88,88,88,88,88,94,94,104,107,107],"card_choices":[{"not_picked":["Body Slam","Thunderclap"],"picked":"Clash","floor":1},{"not_picked":["Burning Pact","Sword Boomerang"],"picked":"Cleave","floor":3},{"not_picked":["Sever Soul","Shrug It Off"],"picked":"Seeing Red","floor":4},{"not_picked":["Warcry","True Grit"],"picked":"Thunderclap","floor":5},{"not_picked":["Juggernaut","Body Slam"],"picked":"Clash","floor":6},{"not_picked":["Thunderclap","Corruption"],"picked":"Spot Weakness","floor":7},{"not_picked":["Body Slam","Pommel Strike"],"picked":"Rampage","floor":10},{"not_picked":["Impervious","Combust"],"picked":"Inflame","floor":11},{"not_picked":["Body Slam","Sword Boomerang"],"picked":"Clash","floor":12},{"not_picked":["Body Slam","Whirlwind"],"picked":"Heavy Blade","floor":13},{"not_picked":["Reaper","Berserk"],"picked":"Feed","floor":16},{"not_picked":["Thunderclap","True Grit"],"picked":"Infernal Blade","floor":18},{"not_picked":["Wild Strike","Flex","Body Slam"],"picked":"SKIP","floor":21},{"not_picked":["Wild Strike","Body Slam","Reckless Charge+1"],"picked":"SKIP","floor":22},{"not_picked":["True Grit+1","Uppercut"],"picked":"Feed","floor":23},{"not_picked":["Reckless Charge+1","Thunderclap+1","Sever Soul+1"],"picked":"Whirlwind+1","floor":27},{"not_picked":["Disarm+1","Thunderclap+1","Body Slam+1","Hemokinesis+1"],"picked":"SKIP","floor":28},{"not_picked":["Evolve","Flame Barrier","Sever Soul+1"],"picked":"Heavy Blade+1","floor":29},{"not_picked":["Twin Strike+1","Entrench","Disarm"],"picked":"Uppercut+1","floor":30}],"player_experience":337662,"relics_obtained":[{"floor":6,"key":"Juzu Bracelet"},{"floor":9,"key":"Ornamental Fan"},{"floor":13,"key":"Centennial Puzzle"},{"floor":17,"key":"The Courier"},{"floor":17,"key":"Old Coin"},{"floor":17,"key":"Bronze Scales"},{"floor":19,"key":"War Paint"},{"floor":23,"key":"Matryoshka"},{"floor":26,"key":"Blood Vial"},{"floor":26,"key":"Question Card"},{"floor":29,"key":"Strawberry"}],"event_choices":[{"damage_healed":0,"gold_gain":0,"player_choice":"Upgraded","damage_taken":0,"max_hp_gain":0,"max_hp_loss":0,"event_name":"Upgrade Shrine","floor":2,"gold_loss":0,"cards_upgraded":["Bash"]},{"damage_healed":0,"gold_gain":0,"player_choice":"Cursed","damage_taken":0,"max_hp_gain":0,"max_hp_loss":0,"event_name":"Wheel of Change","floor":14,"gold_loss":0,"cards_obtained":["Decay"]}],"is_beta":false,"boss_relics":[{"not_picked":["Busted Crown","Runic Dome"],"picked":"Calling Bell"}],"items_purged_floors":[20,25],"is_endless":false,"potions_floor_spawned":[3,4,5,10,11,16,21,22,23,28],"killed_by":"Shelled Parasite and Fungi","ascension_level":0}