{"gold_per_floor":[110,285,301,331,331,374,374,406,406,406,418,101,121,166,166,280,280,295,295,329,347,380,380,405,437,437,463,463,463,19,19,19,136,136,164,231,231,245,274,302,331,366,393,413,426,440,457,4,4,4],"floor_reached":51,"playtime":3027,"items_purged":["Strike_MRS"],"score":909,"play_id":"90fe38bb-8fdc-4064-ba32-5689d7b618da","local_time":"20190108200009","is_ascension_mode":true,"campfire_choices":[{"data":"PowerUp","floor":7,"key":"SMITH"},{"data":"NonDirectionalLaser","floor":10,"key":"SMITH"},{"floor":15,"key":"REST"},{"data":"J.A.X.","floor":23,"key":"SMITH"},{"data":"BlazeAway","floor":29,"key":"SMITH"},{"data":"Singularity","floor":32,"key":"SMITH"},{"floor":49,"key":"REST"}],"neow_cost":"NONE","seed_source_timestamp":15245129557205,"circlet_count":0,"master_deck":["Defend_MRS","Defend_MRS","Defend_MRS+1","Defend_MRS","MasterSpark","UpSweep","NonDirectionalLaser+1","WitchOfGreed","PowerUp+1","MachineGunSpark+1","SprinkleStarSeal","SporeBomb","ShootingEcho","Singularity+1","Pot Of Greed","Pot Of Greed","DragonMeteor","ManaRampage+1","6A","J.A.X.+1","FairyDestructionRay+1","NonDirectionalLaser+1","GalacticHalo","Pot Of Greed","DoubleSpark+1","BlazeAway+1","Bite","Bite","Bite","Bite","Bite","Parasite","Parasite","StarlightTyphoon","GalacticHalo","CollectingQuirk","Pot Of Greed","6A+1","Secret Weapon","Thinking Ahead","Finesse+1","GalacticHalo+1","UnstableBomb+1","AsteroidBelt+1","PowerUp+1","StarDustReverie","EarthLightRay+1","UltimateShortwave"],"relics":["MiniHakkero","Anchor","Spirit Poop","Bottled Flame","Ice Cream","Du-Vu Doll","MealTicket","Grinning Jar","Painkiller Herb","Red Mask","Chameleon Ring","Replay:Wax Seal","ShroomBag","Guide Book","Bird Faced Urn","Unceasing Top","War Paint","Ancient Tea Set"],"potions_floor_usage":[8,14,16,20,22,24,27,33,36,50],"damage_taken":[{"damage":0,"enemies":"2 Louse","floor":1,"turns":2},{"damage":1,"enemies":"Cultist","floor":3,"turns":3},{"damage":1,"enemies":"Jaw Worm","floor":4,"turns":3},{"damage":18,"enemies":"3 Sentries","floor":6,"turns":6},{"damage":14,"enemies":"Gremlin Nob","floor":8,"turns":3},{"damage":1,"enemies":"Exordium Wildlife","floor":11,"turns":2},{"damage":0,"enemies":"Exordium Thugs","floor":13,"turns":2},{"damage":10,"enemies":"Lagavulin","floor":14,"turns":5},{"damage":28,"enemies":"Slime Boss","floor":16,"turns":7},{"damage":7,"enemies":"2 Thieves","floor":18,"turns":3},{"damage":0,"enemies":"Masked Bandits","floor":20,"turns":2},{"damage":3,"enemies":"Shell Parasite","floor":21,"turns":2},{"damage":17,"enemies":"Shelled Parasite and Fungi","floor":22,"turns":3},{"damage":8,"enemies":"Centurion and Healer","floor":24,"turns":4},{"damage":3,"enemies":"Cultist and Chosen","floor":25,"turns":5},{"damage":3,"enemies":"Gremlin Leader","floor":27,"turns":3},{"damage":25,"enemies":"Automaton","floor":33,"turns":6},{"damage":2,"enemies":"3 Shapes","floor":35,"turns":4},{"damage":33,"enemies":"2 Orb Walkers","floor":36,"turns":4},{"damage":0,"enemies":"3 Darklings","floor":38,"turns":2},{"damage":20,"enemies":"Sphere and 2 Shapes","floor":39,"turns":5},{"damage":3,"enemies":"Giant Head","floor":40,"turns":4},{"damage":9,"enemies":"4 Shapes","floor":41,"turns":5},{"damage":0,"enemies":"Writhing Mass","floor":42,"turns":2},{"damage":3,"enemies":"3 Darklings","floor":44,"turns":1},{"damage":10,"enemies":"Jaw Worm Horde","floor":45,"turns":2},{"damage":36,"enemies":"Transient","floor":46,"turns":5},{"damage":13,"enemies":"Sphere and 2 Shapes","floor":47,"turns":3},{"damage":43,"enemies":"Time Eater","floor":50,"turns":6}],"seed_played":"-7359611830332862484","potions_obtained":[{"floor":4,"key":"Strength Potion"},{"floor":6,"key":"PowerPotion"},{"floor":8,"key":"ShroomBrew"},{"floor":11,"key":"Energy Potion"},{"floor":14,"key":"Elixir"},{"floor":16,"key":"Energy Potion"},{"floor":16,"key":"Death Potion"},{"floor":21,"key":"Explosive Potion"},{"floor":22,"key":"Regen Potion"},{"floor":24,"key":"SkillPotion"},{"floor":24,"key":"Swift Potion"},{"floor":33,"key":"LifebloodPotion"},{"floor":35,"key":"Ancient Potion"},{"floor":35,"key":"Reflective Coating"},{"floor":39,"key":"Strength Potion"},{"floor":39,"key":"Dexterity Potion"}],"is_trial":false,"path_per_floor":["M","?","M","M","?","E","R","E","T","R","M","$","M","E","R","B",null,"?","?","?","?","?","T","?","?","T","E","?","T","T","?","T","B",null,"?","?","?","?","?","E","?","?","T","?","?","?","?","T","T","B",null],"character_chosen":"MARISA","items_purchased":["MealTicket","ShootingEcho","Replay:Wax Seal","ShroomBag","Guide Book","StarlightTyphoon","GalacticHalo","UltimateShortwave","War Paint","Ancient Tea Set"],"campfire_rested":2,"item_purchase_floors":[12,12,30,30,30,30,30,48,48,48],"current_hp_per_floor":[75,75,74,73,73,55,55,41,41,41,40,40,40,30,52,24,75,68,68,68,65,48,48,52,49,49,46,46,46,56,56,56,45,75,75,48,38,50,41,44,44,51,51,51,45,25,21,31,53,33],"gold":4,"neow_bonus":"RANDOM_COMMON_RELIC","is_prod":false,"is_daily":false,"chose_seed":false,"campfire_upgraded":5,"win_rate":0,"timestamp":1546984809,"path_taken":["M","?","M","M","?","E","R","E","T","R","M","$","M","E","R","BOSS","?","?","?","?","?","T","?","?","T","E","?","T","T","?","T","BOSS","?","?","?","?","?","E","?","?","T","?","?","?","?","T","T","BOSS"],"build_version":"2019-01-03v4","purchased_purges":1,"victory":true,"max_hp_per_floor":[75,75,75,75,75,75,75,75,75,75,75,75,75,75,75,75,75,75,75,75,75,75,75,75,75,75,75,75,75,75,75,75,75,75,75,75,75,75,75,75,75,75,75,75,75,75,75,75,75,75],"card_choices":[{"not_picked":["6A","WitchLeyline"],"picked":"NonDirectionalLaser","floor":1},{"not_picked":["GalacticHalo","NonDirectionalLaser"],"picked":"WitchOfGreed","floor":3},{"not_picked":["StarlightTyphoon","FairyDestructionRay"],"picked":"PowerUp","floor":4},{"not_picked":["AsteroidBelt","UnstableBomb"],"picked":"MachineGunSpark","floor":6},{"not_picked":["BlazeAway","ManaConvection"],"picked":"SprinkleStarSeal","floor":8},{"not_picked":["WitchLeyline","PolarisUnique"],"picked":"SporeBomb","floor":11},{"not_picked":["UnstableBomb","DragonMeteor"],"picked":"Singularity","floor":13},{"not_picked":["MoraleDepletion","ShootingEcho"],"picked":"DragonMeteor","floor":14},{"not_picked":["UltimateShortwave","CollectingQuirk"],"picked":"ManaRampage","floor":16},{"not_picked":["GrandCross","AlicesGift+1"],"picked":"6A","floor":18},{"not_picked":["ShootingEcho","StarBarrage"],"picked":"FairyDestructionRay+1","floor":20},{"not_picked":["StarBarrage","WitchOfGreed"],"picked":"NonDirectionalLaser+1","floor":21},{"not_picked":["SporeBomb","LuminesStrike"],"picked":"GalacticHalo","floor":22},{"not_picked":["GalacticHalo","RefractionSpark+1"],"picked":"DoubleSpark+1","floor":24},{"not_picked":["SporeBomb","ShootingEcho","MysteriousBeam"],"picked":"SKIP","floor":25},{"not_picked":["BlazingStar","WitchLeyline"],"picked":"BlazeAway","floor":27},{"not_picked":["PolarisUnique","AbsoluteMagnitude"],"picked":"CollectingQuirk","floor":33},{"not_picked":["LuminesStrike","StarlightTyphoon"],"picked":"6A+1","floor":35},{"not_picked":["ReplayUltimateDefense","Enlightenment"],"picked":"Secret Weapon","floor":37},{"not_picked":["ReplayTheSpireMod:Private Reserves","Magnetism"],"picked":"Thinking Ahead","floor":37},{"not_picked":["Replay:Sssssssssstrike","Trip"],"picked":"Finesse","floor":37},{"not_picked":["WitchLeyline","WitchOfGreed"],"picked":"GalacticHalo+1","floor":38},{"not_picked":["EnergyRecoil+1","MeteoricShower+1","LuminesStrike+1"],"picked":"SKIP","floor":39},{"not_picked":["AsteroidBelt","GasGiant","GrandCross"],"picked":"SKIP","floor":40},{"not_picked":["NonDirectionalLaser","SuperPerseids+1","ChargeUpSpray"],"picked":"SKIP","floor":41},{"not_picked":["AlicesGift","OpenUniverse+1"],"picked":"UnstableBomb+1","floor":42},{"not_picked":["CollectingQuirk","EnergyRecoil+1"],"picked":"AsteroidBelt+1","floor":44},{"not_picked":["NonDirectionalLaser+1","Orbital"],"picked":"PowerUp+1","floor":45},{"not_picked":["DoubleSpark+1","GasGiant+1"],"picked":"StarDustReverie","floor":46},{"not_picked":["ShootingEcho","MysteriousBeam+1"],"picked":"EarthLightRay+1","floor":47}],"player_experience":714123,"relics_obtained":[{"floor":6,"key":"Bottled Flame"},{"floor":8,"key":"Ice Cream"},{"floor":9,"key":"Du-Vu Doll"},{"floor":14,"key":"Grinning Jar"},{"floor":20,"key":"Red Mask"},{"floor":26,"key":"Chameleon Ring"},{"floor":27,"key":"Blood Vial"},{"floor":36,"key":"Bird Faced Urn"},{"floor":40,"key":"Unceasing Top"}],"event_choices":[{"damage_healed":0,"gold_gain":175,"player_choice":"AGREE","damage_taken":0,"max_hp_gain":0,"max_hp_loss":0,"event_name":"Liars Game","floor":2,"gold_loss":0,"cards_obtained":["Doubt"]},{"cards_removed":["Doubt"],"damage_healed":0,"gold_gain":0,"player_choice":"Offered Curse","damage_taken":0,"relics_obtained":["Spirit Poop"],"max_hp_gain":0,"max_hp_loss":0,"event_name":"Bonfire Elementals","floor":5,"gold_loss":0},{"damage_healed":0,"gold_gain":0,"player_choice":"Obtain J.A.X.","damage_taken":0,"max_hp_gain":0,"max_hp_loss":0,"event_name":"Drug Dealer","floor":19,"gold_loss":0,"cards_obtained":["J.A.X."]},{"damage_healed":0,"gold_gain":0,"player_choice":"Fought Bandits","damage_taken":0,"max_hp_gain":0,"max_hp_loss":0,"event_name":"Masked Bandits","floor":20,"gold_loss":0},{"damage_healed":0,"gold_gain":0,"player_choice":"Became a vampire (Vial)","damage_taken":0,"max_hp_gain":0,"max_hp_loss":0,"event_name":"Vampires","floor":28,"relics_lost":["Blood Vial"],"gold_loss":0,"cards_obtained":["Bite","Bite","Bite","Bite","Bite"]},{"damage_healed":0,"gold_gain":0,"player_choice":"Ignored","damage_taken":0,"max_hp_gain":0,"max_hp_loss":0,"event_name":"Beggar","floor":31,"gold_loss":0},{"damage_healed":0,"gold_gain":0,"player_choice":"Fight","damage_taken":0,"max_hp_gain":0,"max_hp_loss":0,"event_name":"Mysterious Sphere","floor":36,"gold_loss":0},{"damage_healed":0,"gold_gain":0,"player_choice":"Memory 3","damage_taken":10,"max_hp_gain":0,"max_hp_loss":0,"event_name":"SensoryStone","floor":37,"gold_loss":0}],"is_beta":false,"boss_relics":[{"not_picked":["ReplayTheSpireMod:Onyx Gauntlets","Coffee Dripper"],"picked":"Painkiller Herb"},{"not_picked":["Sozu","Velvet Choker","Replay:Drink Me"]}],"items_purged_floors":[12],"is_endless":false,"potions_floor_spawned":[8,11,16,21,22,24,25,35,39,40,45],"ascension_level":1}