{"gold_per_floor":[116,135,135,148,168,203,203,230,255,255,255,36,54,73,73,73],"floor_reached":16,"playtime":750,"items_purged":["Strike_R"],"score":118,"play_id":"6ce811ee-b241-4a10-9af9-6e9419771483","local_time":"20190309213455","is_ascension_mode":true,"campfire_choices":[{"data":"Entrench","floor":7,"key":"SMITH"},{"data":"Battle Trance","floor":11,"key":"SMITH"},{"data":"Sentinel","floor":15,"key":"SMITH"}],"neow_cost":"NONE","seed_source_timestamp":0,"circlet_count":0,"master_deck":["Strike_R","Strike_R","Strike_R","Strike_R+1","Defend_R","Defend_R","Defend_R","Defend_R","Bash+1","Entrench+1","True Grit","Battle Trance+1","Whirlwind","Sentinel+1","Intimidate","Flash of Steel","Shrug It Off","Armaments","Ghostly Armor"],"special_seed":0,"relics":["Burning Blood","Red Skull","Ornamental Fan","Boot","Happy Flower"],"potions_floor_usage":[2,6,6],"damage_taken":[{"damage":0,"enemies":"2 Louse","floor":1,"turns":4},{"damage":1,"enemies":"Cultist","floor":2,"turns":4},{"damage":0,"enemies":"Small Slimes","floor":4,"turns":3},{"damage":22,"enemies":"Exordium Wildlife","floor":5,"turns":6},{"damage":2,"enemies":"Gremlin Nob","floor":6,"turns":3},{"damage":46,"enemies":"Lagavulin","floor":8,"turns":8},{"damage":4,"enemies":"Lots of Slimes","floor":13,"turns":4},{"damage":0,"enemies":"3 Louse","floor":14,"turns":1},{"damage":22,"enemies":"Hexaghost","floor":16,"turns":13}],"seed_played":"8936216477533786284","potions_obtained":[{"floor":1,"key":"Energy Potion"},{"floor":3,"key":"EssenceOfSteel"},{"floor":3,"key":"GamblersBrew"},{"floor":3,"key":"EntropicBrew"},{"floor":4,"key":"AttackPotion"}],"is_trial":false,"path_per_floor":["M","M","?","M","M","E","R","E","T","?","R","$","M","M","R","B"],"character_chosen":"IRONCLAD","items_purchased":["Flash of Steel","Shrug It Off"],"campfire_rested":0,"item_purchase_floors":[12,12],"current_hp_per_floor":[80,80,80,80,64,68,68,28,28,12,12,12,14,20,20,0],"gold":73,"neow_bonus":"RANDOM_COMMON_RELIC","is_prod":false,"is_daily":false,"chose_seed":false,"campfire_upgraded":3,"win_rate":0,"timestamp":1552163695,"path_taken":["M","M","?","?","M","E","R","E","T","?","R","?","M","M","R","BOSS"],"build_version":"2019-01-23","purchased_purges":1,"victory":false,"max_hp_per_floor":[80,80,80,80,80,80,80,80,80,80,80,80,80,80,80,80],"card_choices":[{"not_picked":["Perfected Strike","Sword Boomerang"],"picked":"Entrench","floor":1},{"not_picked":["Blood for Blood","Sword Boomerang"],"picked":"True Grit","floor":2},{"not_picked":["Cleave","Corruption"],"picked":"Battle Trance","floor":4},{"not_picked":["Seeing Red","Clothesline"],"picked":"Whirlwind","floor":5},{"not_picked":["Wild Strike","Uppercut"],"picked":"Sentinel","floor":6},{"not_picked":["Iron Wave","Evolve"],"picked":"Intimidate","floor":8},{"not_picked":["True Grit","Feed"],"picked":"Armaments","floor":13},{"not_picked":["True Grit","Twin Strike"],"picked":"Ghostly Armor","floor":14}],"player_experience":133031,"relics_obtained":[{"floor":6,"key":"Ornamental Fan"},{"floor":8,"key":"Boot"},{"floor":9,"key":"Happy Flower"}],"event_choices":[{"damage_healed":0,"gold_gain":0,"player_choice":"Got Potions","damage_taken":0,"max_hp_gain":0,"max_hp_loss":0,"event_name":"Lab","floor":3,"gold_loss":0},{"damage_healed":0,"gold_gain":0,"player_choice":"Entered Light","damage_taken":16,"max_hp_gain":0,"max_hp_loss":0,"event_name":"Shining Light","floor":10,"gold_loss":0,"cards_upgraded":["Strike_R","Bash"]}],"is_beta":false,"boss_relics":[],"items_purged_floors":[12],"is_endless":false,"potions_floor_spawned":[1,4,5],"killed_by":"Hexaghost","ascension_level":1}