{"gold_per_floor":[113,130,130,130,141,141,176,176,176,102,102,131,131,148,148,245,245,255,271,119,44,44,44,72,171,219,219,232,232,250,269,269,370,370,380,380,392,392,392],"floor_reached":39,"playtime":2548,"items_purged":["Strike_G"],"score":448,"play_id":"6a6be307-9b06-4461-9155-2e9296482f67","local_time":"20190311174209","is_ascension_mode":true,"campfire_choices":[{"data":"Poisoned Stab","floor":6.0,"key":"SMITH"},{"data":"Dagger Spray","floor":11.0,"key":"SMITH"},{"data":"Caltrops","floor":13.0,"key":"SMITH"},{"floor":15.0,"key":"REST"},{"data":"Calculated Gamble","floor":23,"key":"SMITH"},{"floor":27,"key":"RECALL"},{"floor":29,"key":"REST"},{"floor":32,"key":"REST"}],"neow_cost":"NONE","seed_source_timestamp":0,"circlet_count":0,"master_deck":["Defend_G","Defend_G","Defend_G","Defend_G","Defend_G","Strike_G","Strike_G","Survivor","Neutralize+1","Blur","Poisoned Stab+1","Dagger Spray+1","Caltrops+1","Skewer+1","Dagger Throw+1","Riddle With Holes+1","PiercingWail","Grand Finale+1","Calculated Gamble+1","Well Laid Plans","Cloak And Dagger","Dodge and Roll+1","Night Terror","Sucker Punch+1","Writhe","Backflip+1","Parasite"],"special_seed":0,"relics":["Ring of the Snake","Molten Egg 2","Dream Catcher","Bottled Flame","Sozu","Nilry\u0027s Codex","Strawberry","Orichalcum","HoveringKite"],"potions_floor_usage":[],"damage_taken":[{"damage":0.0,"enemies":"Small Slimes","floor":1.0,"turns":5.0},{"damage":2.0,"enemies":"Jaw Worm","floor":2.0,"turns":5.0},{"damage":5.0,"enemies":"2 Louse","floor":5.0,"turns":4.0},{"damage":21.0,"enemies":"Gremlin Nob","floor":7.0,"turns":6.0},{"damage":13.0,"enemies":"Lagavulin","floor":12.0,"turns":8.0},{"damage":6.0,"enemies":"2 Fungi Beasts","floor":14.0,"turns":2.0},{"damage":22.0,"enemies":"Slime Boss","floor":16.0,"turns":10.0},{"damage":14.0,"enemies":"2 Thieves","floor":18.0,"turns":4.0},{"damage":0.0,"enemies":"3 Byrds","floor":19.0,"turns":2.0},{"damage":27,"enemies":"Gremlin Leader","floor":24,"turns":8},{"damage":10,"enemies":"Snecko","floor":28,"turns":4},{"damage":7,"enemies":"Shelled Parasite and Fungi","floor":30,"turns":6},{"damage":0,"enemies":"Snake Plant","floor":31,"turns":4},{"damage":43,"enemies":"Collector","floor":33,"turns":15},{"damage":5,"enemies":"3 Shapes","floor":35,"turns":5},{"damage":81,"enemies":"3 Darklings","floor":37,"turns":12},{"damage":85,"enemies":"Writhing Mass","floor":39,"turns":11}],"seed_played":"-2763913045156303984","potions_obtained":[{"floor":1.0,"key":"PowerPotion"},{"floor":5.0,"key":"Weak Potion"},{"floor":14.0,"key":"Fire Potion"}],"is_trial":false,"path_per_floor":["M","M","?","?","M","R","E","?","T","$","R","E","R","M","R","B",null,"M","M","$","?","?","R","E","?","T","R","M","R","M","M","R","B",null,"M","?","M","?","M"],"character_chosen":"THE_SILENT","items_purchased":["Skewer+1","Well Laid Plans"],"campfire_rested":3,"item_purchase_floors":[10,20],"current_hp_per_floor":[70,68,68,73,68,68,47,40,40,40,40,27,27,21,43,21,75,61,61,61,61,45,45,25,25,25,25,15,39,32,32,56,13,82,77,82,1,82,0],"gold":392,"neow_bonus":"UPGRADE_CARD","is_prod":false,"is_daily":false,"chose_seed":false,"campfire_upgraded":4,"win_rate":0,"timestamp":1552322529,"path_taken":["M","M","?","?","M","R","E","?","T","$","R","E","R","M","R","BOSS","M","M","$","?","?","R","E","?","T","R","M","R","M","M","R","BOSS","M","?","M","?","?"],"build_version":"2019-01-23","purchased_purges":1,"victory":false,"max_hp_per_floor":[70,70,70,75,75,75,75,75,75,75,75,75,75,75,75,75,75,75,75,75,75,75,75,82,82,82,82,82,82,82,82,82,82,82,82,82,82,82,82],"card_choices":[{"not_picked":["Flying Knee","Reflex"],"picked":"Blur","floor":1.0},{"not_picked":["Quick Slash","Tactician"],"picked":"Poisoned Stab","floor":2.0},{"not_picked":["Acrobatics","Backflip"],"picked":"Dagger Spray","floor":5.0},{"not_picked":["Eviscerate","Prepared"],"picked":"Caltrops","floor":7.0},{"not_picked":["Backflip","Masterful Stab+1"],"picked":"Dagger Throw+1","floor":12.0},{"not_picked":["Flying Knee+1","Poisoned Stab+1"],"picked":"Riddle With Holes+1","floor":14.0},{"not_picked":["Outmaneuver","A Thousand Cuts"],"picked":"PiercingWail","floor":15.0},{"not_picked":["Venomology","Tools of the Trade"],"picked":"Grand Finale+1","floor":16.0},{"not_picked":["Eviscerate+1","All Out Attack+1","Tactician+1"],"picked":"SKIP","floor":18.0},{"not_picked":["Blade Dance+1","Flying Knee+1"],"picked":"Calculated Gamble","floor":19.0},{"not_picked":["Reflex","Quick Slash+1","Prepared+1"],"picked":"SKIP","floor":24},{"not_picked":["Deadly Poison","Underhanded Strike+1","Flying Knee+1"],"picked":"SKIP","floor":28},{"not_picked":["Finisher+1","Deadly Poison+1"],"picked":"Cloak And Dagger","floor":30},{"not_picked":["Dagger Throw+1","Deadly Poison+1","Flechettes+1"],"picked":"SKIP","floor":31},{"not_picked":["Acrobatics","Poisoned Stab+1"],"picked":"Dodge and Roll+1","floor":32},{"not_picked":["Die Die Die+1","Glass Knife+1"],"picked":"Night Terror","floor":33},{"not_picked":["Dagger Spray+1","Bane+1"],"picked":"Sucker Punch+1","floor":35},{"not_picked":["Quick Slash+1","Prepared"],"picked":"Backflip+1","floor":37}],"player_experience":174715,"relics_obtained":[{"floor":7.0,"key":"Molten Egg 2"},{"floor":9.0,"key":"Dream Catcher"},{"floor":12.0,"key":"Bottled Flame"},{"floor":22.0,"key":"Nilry\u0027s Codex"},{"floor":24,"key":"Strawberry"},{"floor":26,"key":"Orichalcum"}],"event_choices":[{"damage_healed":0.0,"max_hp_gain":0.0,"max_hp_loss":0.0,"gold_gain":0.0,"event_name":"Golden Idol","player_choice":"Ignored","floor":3.0,"gold_loss":0.0,"damage_taken":0.0},{"damage_healed":0.0,"max_hp_gain":5.0,"max_hp_loss":0.0,"gold_gain":0.0,"event_name":"Big Fish","player_choice":"Donut","floor":4.0,"gold_loss":0.0,"damage_taken":0.0},{"cards_removed":["Strike_G"],"damage_healed":0.0,"max_hp_gain":0.0,"max_hp_loss":0.0,"gold_gain":0.0,"event_name":"Golden Wing","player_choice":"Card Removal","floor":8.0,"gold_loss":0.0,"damage_taken":7.0},{"cards_removed":["Strike_G"],"damage_healed":0.0,"max_hp_gain":0.0,"max_hp_loss":0.0,"gold_gain":0.0,"event_name":"Beggar","player_choice":"Gave Gold","floor":21.0,"gold_loss":75.0,"damage_taken":0.0},{"damage_healed":0.0,"max_hp_gain":0.0,"max_hp_loss":0.0,"gold_gain":0.0,"event_name":"Cursed Tome","player_choice":"Obtained Book","floor":22.0,"gold_loss":0.0,"damage_taken":16.0},{"damage_healed":0,"gold_gain":99,"player_choice":"Stole From Cult","damage_taken":0,"max_hp_gain":0,"max_hp_loss":0,"event_name":"Nest","floor":25,"gold_loss":0},{"damage_healed":21,"gold_gain":0,"player_choice":"Writhe","damage_taken":0,"max_hp_gain":0,"max_hp_loss":0,"event_name":"Winding Halls","floor":36,"gold_loss":0,"cards_obtained":["Writhe"]},{"damage_healed":81,"gold_gain":0,"player_choice":"Full Heal","damage_taken":0,"max_hp_gain":0,"max_hp_loss":0,"event_name":"Wheel of Change","floor":38,"gold_loss":0}],"is_beta":false,"boss_relics":[{"not_picked":["Black Star","Runic Dome"],"picked":"Sozu"},{"not_picked":["WristBlade","Calling Bell"],"picked":"HoveringKite"}],"items_purged_floors":[20],"is_endless":false,"potions_floor_spawned":[1,5,14,18,19,30,33,35],"killed_by":"Writhing Mass","ascension_level":2}