{"gold_per_floor":[109,109,34,49,60,60,60,73,99,16,33,33,44,54,54,150,150,162,174,174,174,74,74,94,108,154,69,82,102,102,113,113,113],"floor_reached":33,"playtime":1797,"items_purged":["Strike_B","Strike_B"],"score":255,"play_id":"a84651d6-60e6-48cc-91d9-cb70eaa6ad19","local_time":"20190309202002","is_ascension_mode":true,"campfire_choices":[{"data":"Zap","floor":6,"key":"SMITH"},{"data":"Dualcast","floor":12,"key":"SMITH"},{"floor":15,"key":"REST"},{"data":"Self Repair","floor":23,"key":"SMITH"},{"data":"Redo","floor":32,"key":"SMITH"}],"neow_cost":"NONE","seed_source_timestamp":6895236010163,"circlet_count":0,"master_deck":["Defend_B","Defend_B","Defend_B","Zap+1","Dualcast+1","Cold Snap","Skim","Leap","Glacier","Coolheaded","Conserve Battery","Electrodynamics","Redo+1","Self Repair+1","Parasite","Biased Cognition","Aggregate"],"relics":["Cracked Core","NeowsBlessing","Potion Belt","DataDisk","Cursed Key","Smiling Mask","Vajra"],"potions_floor_usage":[31,33,33,33],"damage_taken":[{"damage":0,"enemies":"Jaw Worm","floor":1,"turns":1},{"damage":0,"enemies":"Cultist","floor":4,"turns":1},{"damage":0,"enemies":"Small Slimes","floor":5,"turns":1},{"damage":17,"enemies":"Exordium Thugs","floor":8,"turns":5},{"damage":8,"enemies":"Large Slime","floor":11,"turns":9},{"damage":0,"enemies":"3 Louse","floor":13,"turns":4},{"damage":4,"enemies":"Blue Slaver","floor":14,"turns":3},{"damage":27,"enemies":"The Guardian","floor":16,"turns":24},{"damage":0,"enemies":"Shell Parasite","floor":18,"turns":12},{"damage":5,"enemies":"Chosen","floor":19,"turns":4},{"damage":5,"enemies":"Centurion and Healer","floor":24,"turns":7},{"damage":12,"enemies":"Snake Plant","floor":25,"turns":3},{"damage":0,"enemies":"Cultist and Chosen","floor":28,"turns":5},{"damage":5,"enemies":"3 Cultists","floor":29,"turns":7},{"damage":10,"enemies":"Centurion and Healer","floor":31,"turns":11},{"damage":81,"enemies":"Automaton","floor":33,"turns":18}],"seed_played":"484183553647308818","potions_obtained":[{"floor":5,"key":"Block Potion"},{"floor":8,"key":"Energy Potion"},{"floor":13,"key":"Energy Potion"},{"floor":16,"key":"Fire Potion"},{"floor":18,"key":"Block Potion"},{"floor":25,"key":"Strength Potion"},{"floor":31,"key":"Strength Potion"}],"is_trial":false,"path_per_floor":["M","?","$","M","M","R","?","M","T","$","M","R","M","M","R","B",null,"M","M","?","?","$","R","M","M","T","?","M","M","?","M","R","B"],"character_chosen":"DEFECT","items_purchased":["Glacier","Coolheaded"],"campfire_rested":1,"item_purchase_floors":[10,10],"current_hp_per_floor":[75,75,75,75,75,75,75,58,58,58,50,50,50,46,68,41,75,75,70,70,56,56,56,61,59,59,59,69,74,74,74,74,0],"gold":113,"neow_bonus":"THREE_ENEMY_KILL","is_prod":false,"is_daily":false,"chose_seed":false,"campfire_upgraded":4,"win_rate":0,"timestamp":1552159202,"path_taken":["M","?","$","M","?","R","?","M","T","?","?","R","M","M","R","BOSS","M","M","?","?","$","R","M","M","T","?","?","M","?","M","R","BOSS"],"build_version":"2019-01-23","purchased_purges":2,"victory":false,"max_hp_per_floor":[75,75,75,75,75,75,75,75,75,75,75,75,75,75,75,75,75,75,75,75,80,80,80,80,80,80,80,80,80,80,80,80,80],"card_choices":[{"not_picked":["Go for the Eyes","Steam"],"picked":"Cold Snap","floor":1},{"not_picked":["Steam Power","Compile Driver"],"picked":"Skim","floor":4},{"not_picked":["Blizzard","Doom and Gloom","Streamline"],"picked":"SKIP","floor":5},{"not_picked":["Redo","Meteor Strike"],"picked":"Leap","floor":8},{"not_picked":["Recycle","Rebound","Gash"],"picked":"SKIP","floor":11},{"not_picked":["Barrage","BootSequence","Genetic Algorithm"],"picked":"SKIP","floor":13},{"not_picked":["Redo","Go for the Eyes"],"picked":"Conserve Battery","floor":14},{"not_picked":["Rainbow","Meteor Strike"],"picked":"Electrodynamics","floor":16},{"not_picked":["Reprogram","Steam"],"picked":"Redo","floor":18},{"not_picked":["Melter+1","Consume"],"picked":"Self Repair","floor":19},{"not_picked":["Go for the Eyes","Undo+1","Rebound"],"picked":"SKIP","floor":24},{"not_picked":["Go for the Eyes","Glacier","White Noise"],"picked":"SKIP","floor":25},{"not_picked":["Sweeping Beam","Barrage","Conserve Battery"],"picked":"SKIP","floor":28},{"not_picked":["Coolheaded","Conserve Battery","Glacier"],"picked":"SKIP","floor":29},{"not_picked":["Stack+1","Gash+1","Doom and Gloom+1"],"picked":"SKIP","floor":31}],"player_experience":129215,"relics_obtained":[{"floor":9,"key":"DataDisk"},{"floor":26,"key":"Smiling Mask"}],"event_choices":[{"damage_healed":0,"gold_gain":0,"player_choice":"Bought 0 Potions","damage_taken":0,"max_hp_gain":0,"max_hp_loss":0,"event_name":"The Woman in Blue","floor":2,"gold_loss":0},{"damage_healed":0,"gold_gain":0,"player_choice":"Gave Potion","damage_taken":0,"relics_obtained":["Potion Belt"],"max_hp_gain":0,"max_hp_loss":0,"event_name":"WeMeetAgain","floor":7,"gold_loss":0},{"cards_removed":["Strike_B"],"damage_healed":0,"gold_gain":0,"player_choice":"Elegance","damage_taken":0,"max_hp_gain":0,"max_hp_loss":0,"event_name":"Back to Basics","floor":20,"gold_loss":0},{"damage_healed":0,"gold_gain":0,"player_choice":"Shed Blood","damage_taken":19,"max_hp_gain":5,"max_hp_loss":0,"event_name":"Forgotten Altar","floor":21,"gold_loss":0},{"damage_healed":0,"gold_gain":0,"player_choice":"Obtained Relic","damage_taken":0,"relics_obtained":["Vajra"],"max_hp_gain":0,"max_hp_loss":0,"event_name":"Addict","floor":27,"gold_loss":85},{"damage_healed":0,"gold_gain":0,"cards_transformed":["Strike_B","Defend_B"],"player_choice":"Became Test Subject","damage_taken":0,"max_hp_gain":0,"max_hp_loss":0,"event_name":"Drug Dealer","floor":30,"gold_loss":0,"cards_obtained":["Biased Cognition","Aggregate"]}],"is_beta":false,"boss_relics":[{"not_picked":["Sozu","Coffee Dripper"],"picked":"Cursed Key"}],"items_purged_floors":[3,22],"is_endless":false,"potions_floor_spawned":[5,8,13,16,18,25,31],"killed_by":"Automaton","ascension_level":1}