{"gold_per_floor":[168,318,337,19,34,34,67,67,67,82,95,60,60,70,70,146,146,160,37,67,137,112,112,77,77],"floor_reached":25,"playtime":953,"items_purged":["Doubt"],"score":402,"play_id":"08d42bf2-7d86-449f-9163-1cce7432cb73","local_time":"20190310103537","is_ascension_mode":true,"campfire_choices":[{"data":"Neutralize","floor":6.0,"key":"SMITH"},{"data":"Deadly Poison","floor":8.0,"key":"SMITH"},{"data":"Caltrops","floor":15.0,"key":"SMITH"},{"floor":23,"key":"REST"}],"neow_cost":"NONE","seed_source_timestamp":303944298559722,"circlet_count":0,"master_deck":["AscendersBane","Defend_G","Defend_G","Defend_G","Defend_G","Strike_G+1","Strike_G+1","Strike_G+1","Survivor","Neutralize+1","All Out Attack","Deadly Poison+1","PiercingWail","Crippling Poison","Dagger Spray","Deflect","Caltrops+1","After Image","Envenom","Skewer+1","Concentrate+1","Well Laid Plans","Blade Dance"],"special_seed":0,"relics":["Tiny House","Orichalcum","Whetstone","Ninja Scroll","SsserpentHead","Astrolabe","Vajra","Question Card"],"potions_floor_usage":[21,25],"damage_taken":[{"damage":5.0,"enemies":"Small Slimes","floor":1.0,"turns":4.0},{"damage":2.0,"enemies":"2 Louse","floor":3.0,"turns":3.0},{"damage":7.0,"enemies":"Jaw Worm","floor":5.0,"turns":4.0},{"damage":13.0,"enemies":"3 Sentries","floor":7.0,"turns":8.0},{"damage":1.0,"enemies":"Lots of Slimes","floor":10.0,"turns":3.0},{"damage":0.0,"enemies":"Exordium Wildlife","floor":11.0,"turns":2.0},{"damage":2.0,"enemies":"Large Slime","floor":14.0,"turns":5.0},{"damage":7.0,"enemies":"Hexaghost","floor":16.0,"turns":9.0},{"damage":39,"enemies":"Spheric Guardian","floor":18,"turns":8},{"damage":7,"enemies":"2 Thieves","floor":21,"turns":4},{"damage":42,"enemies":"Slavers","floor":25,"turns":3}],"seed_played":"-1447799637864079263","potions_obtained":[{"floor":0.0,"key":"Swift Potion"},{"floor":1.0,"key":"EssenceOfSteel"},{"floor":11.0,"key":"SkillPotion"},{"floor":14.0,"key":"PowerPotion"},{"floor":16.0,"key":"Swift Potion"},{"floor":20,"key":"PowerPotion"}],"is_trial":false,"path_per_floor":["M","?","M","$","M","R","E","R","T","M","M","?","?","M","R","B",null,"M","$","?","M","?","R","?","E"],"character_chosen":"THE_SILENT","items_purchased":["Crippling Poison","Orichalcum","Vajra"],"campfire_rested":1,"item_purchase_floors":[4,4,19],"current_hp_per_floor":[59,59,57,57,50,50,37,37,37,36,36,53,53,51,51,44,64,25,25,25,18,18,39,39,0],"gold":77,"neow_bonus":"BOSS_RELIC","is_prod":false,"is_daily":false,"chose_seed":false,"campfire_upgraded":3,"win_rate":0,"timestamp":1552214137,"path_taken":["M","?","M","$","M","R","E","R","T","M","M","?","?","M","R","BOSS","M","?","?","?","?","R","?","E"],"build_version":"2019-01-23","purchased_purges":1,"victory":false,"max_hp_per_floor":[71,71,71,71,71,71,71,71,71,71,71,71,71,71,71,71,71,71,71,71,71,71,71,71,71],"card_choices":[{"not_picked":["Acrobatics","PiercingWail"],"picked":"All Out Attack","floor":0.0},{"not_picked":["Prepared","Concentrate"],"picked":"Deadly Poison","floor":1.0},{"not_picked":["Accuracy","Setup"],"picked":"PiercingWail","floor":3.0},{"not_picked":["Outmaneuver","Predator"],"picked":"Dagger Spray","floor":5.0},{"not_picked":["Cloak And Dagger","Flying Knee"],"picked":"Deflect","floor":7.0},{"not_picked":["Predator","Setup"],"picked":"Caltrops","floor":10.0},{"not_picked":["Endless Agony","Acrobatics"],"picked":"After Image","floor":11.0},{"not_picked":["Quick Slash","Prepared","Infinite Blades"],"picked":"SKIP","floor":14.0},{"not_picked":["Corpse Explosion","Glass Knife"],"picked":"Envenom","floor":16.0},{"not_picked":["Dagger Throw","Accuracy+1"],"picked":"Well Laid Plans","floor":18},{"not_picked":["Poisoned Stab","Quick Slash"],"picked":"Blade Dance","floor":21}],"player_experience":1346239,"relics_obtained":[{"floor":7.0,"key":"Whetstone"},{"floor":9.0,"key":"Ninja Scroll"}],"event_choices":[{"damage_healed":0.0,"max_hp_gain":0.0,"max_hp_loss":0.0,"gold_gain":150.0,"event_name":"Liars Game","player_choice":"AGREE","floor":2.0,"gold_loss":0.0,"damage_taken":0.0,"cards_obtained":["Doubt"]},{"damage_healed":17.0,"max_hp_gain":0.0,"max_hp_loss":0.0,"gold_gain":0.0,"event_name":"The Cleric","player_choice":"Healed","floor":12.0,"gold_loss":35.0,"damage_taken":0.0},{"damage_healed":0.0,"max_hp_gain":0.0,"max_hp_loss":0.0,"gold_gain":0.0,"event_name":"FaceTrader","player_choice":"Trade","floor":13.0,"gold_loss":0.0,"damage_taken":0.0,"relics_obtained":["SsserpentHead"]},{"damage_healed":0,"gold_gain":0,"player_choice":"Bought 1 Potion","damage_taken":0,"max_hp_gain":0,"max_hp_loss":0,"event_name":"The Woman in Blue","floor":20,"gold_loss":0},{"cards_removed":["Prepared"],"damage_healed":0,"gold_gain":0,"player_choice":"Gave Gold","damage_taken":0,"max_hp_gain":0,"max_hp_loss":0,"event_name":"Beggar","floor":22,"gold_loss":75},{"damage_healed":0,"gold_gain":0,"player_choice":"Obtained Relic","damage_taken":0,"relics_obtained":["Question Card"],"max_hp_gain":0,"max_hp_loss":0,"event_name":"Addict","floor":24,"gold_loss":85}],"is_beta":false,"boss_relics":[{"not_picked":["Snecko Eye","Pandora\u0027s Box"],"picked":"Astrolabe"}],"items_purged_floors":[4],"is_endless":false,"potions_floor_spawned":[1,11,14,16],"killed_by":"Slavers","ascension_level":20}