{"gold_per_floor":[114,129,129,79,94,94,94,109,109,109,109,124,139,154,154,254,254,269,284,284,299,299,329,329,344,344,344],"floor_reached":27,"playtime":1925,"items_purged":[],"score":227,"play_id":"f83711f3-15a4-4edf-a918-4071057baf31","local_time":"20190305032909","daily_mods":["Chimera","Hoarder","Terminal"],"is_ascension_mode":false,"campfire_choices":[{"data":"Zap","floor":6,"key":"SMITH"},{"data":"Twin Strike","floor":10,"key":"SMITH"},{"data":"Thunderclap","floor":15,"key":"SMITH"},{"data":"Iron Wave","floor":24,"key":"SMITH"}],"neow_cost":"","seed_source_timestamp":24558465735798,"circlet_count":0,"master_deck":["Bash","Survivor","Zap+1","Strike_G","Strike_B","Defend_G","Defend_B","Twin Strike+1","Twin Strike","Twin Strike","Armaments","Armaments","Armaments","Thunderclap+1","Thunderclap","Spot Weakness+1","Spot Weakness+1","Spot Weakness+1","Iron Wave+1","Iron Wave","Iron Wave","Heavy Blade","Heavy Blade","Heavy Blade"],"special_seed":17960,"relics":["Burning Blood","Omamori","Empty Cage","Orichalcum","NlothsMask","Magic Flower"],"potions_floor_usage":[23],"damage_taken":[{"damage":0,"enemies":"Small Slimes","floor":1,"turns":3},{"damage":6,"enemies":"2 Louse","floor":2,"turns":2},{"damage":0,"enemies":"Cultist","floor":5,"turns":2},{"damage":0,"enemies":"Large Slime","floor":8,"turns":6},{"damage":0,"enemies":"2 Fungi Beasts","floor":12,"turns":3},{"damage":0,"enemies":"Exordium Thugs","floor":13,"turns":5},{"damage":0,"enemies":"Blue Slaver","floor":14,"turns":3},{"damage":31,"enemies":"Slime Boss","floor":16,"turns":11},{"damage":0,"enemies":"3 Byrds","floor":18,"turns":4},{"damage":21,"enemies":"2 Thieves","floor":19,"turns":5},{"damage":3,"enemies":"Chosen and Byrds","floor":21,"turns":6},{"damage":34,"enemies":"Book of Stabbing","floor":23,"turns":7},{"damage":18,"enemies":"Centurion and Healer","floor":25,"turns":5},{"damage":12,"enemies":"Shelled Parasite and Fungi","floor":27,"turns":2}],"seed_played":"-7796585460280550823","potions_obtained":[{"floor":1,"key":"Block Potion"},{"floor":12,"key":"SpeedPotion"},{"floor":23,"key":"PowerPotion"},{"floor":25,"key":"SmokeBomb"}],"is_trial":false,"path_per_floor":["M","M","?","?","M","R","$","M","T","R","?","M","M","M","R","B",null,"M","M","?","M","?","E","R","M","T","M"],"character_chosen":"IRONCLAD","items_purchased":[],"campfire_rested":0,"item_purchase_floors":[],"current_hp_per_floor":[78,77,76,75,74,73,72,71,70,69,68,67,66,65,64,39,62,61,46,46,49,49,21,21,12,12,0],"gold":344,"neow_bonus":"","is_prod":false,"is_daily":true,"chose_seed":false,"campfire_upgraded":4,"win_rate":0,"timestamp":1551752949,"path_taken":["M","M","?","?","M","R","$","M","T","R","?","M","M","M","R","BOSS","M","M","?","M","?","E","R","M","T","M"],"build_version":"2019-01-23","purchased_purges":0,"victory":false,"max_hp_per_floor":[78,77,76,75,74,73,72,71,70,69,68,67,66,65,64,63,62,61,60,59,58,57,56,55,54,53,53],"card_choices":[{"not_picked":["Pummel","Heavy Blade","Clothesline"],"picked":"SKIP","floor":1},{"not_picked":["Ghostly Armor","Rupture"],"picked":"Twin Strike","floor":2},{"not_picked":["Pommel Strike","Anger"],"picked":"Armaments","floor":5},{"not_picked":["Clash","Evolve","True Grit"],"picked":"SKIP","floor":8},{"not_picked":["Havoc","Headbutt","Power Through"],"picked":"SKIP","floor":12},{"not_picked":["Pommel Strike","Warcry","Heavy Blade"],"picked":"SKIP","floor":13},{"not_picked":["Clothesline","Sword Boomerang"],"picked":"Thunderclap","floor":14},{"not_picked":["Clothesline","Blood for Blood","Sword Boomerang"],"picked":"SKIP","floor":18},{"not_picked":["Clothesline","Metallicize"],"picked":"Spot Weakness+1","floor":19},{"not_picked":["Flex","Heavy Blade"],"picked":"Iron Wave","floor":21},{"not_picked":["Ghostly Armor","Pommel Strike"],"picked":"Heavy Blade","floor":23},{"not_picked":["Heavy Blade+1","Shockwave+1","Entrench"],"picked":"SKIP","floor":25}],"player_experience":38756,"relics_obtained":[{"floor":9,"key":"Omamori"},{"floor":23,"key":"Magic Flower"}],"event_choices":[{"damage_healed":0,"gold_gain":0,"player_choice":"Ignored","damage_taken":0,"max_hp_gain":0,"max_hp_loss":0,"event_name":"Liars Game","floor":3,"gold_loss":0},{"cards_removed":["Strike_R"],"damage_healed":0,"gold_gain":0,"player_choice":"Card Removal","damage_taken":0,"max_hp_gain":0,"max_hp_loss":0,"event_name":"The Cleric","floor":4,"gold_loss":50},{"damage_healed":0,"gold_gain":0,"player_choice":"Fled","damage_taken":0,"max_hp_gain":0,"max_hp_loss":0,"event_name":"Scrap Ooze","floor":11,"gold_loss":0},{"damage_healed":0,"gold_gain":0,"player_choice":"Opened","damage_taken":0,"relics_obtained":["Orichalcum"],"max_hp_gain":0,"max_hp_loss":0,"event_name":"The Mausoleum","floor":20,"gold_loss":0,"cards_obtained":["Writhe"]},{"damage_healed":0,"gold_gain":0,"player_choice":"Trade","damage_taken":0,"relics_obtained":["NlothsMask"],"max_hp_gain":0,"max_hp_loss":0,"event_name":"FaceTrader","floor":22,"gold_loss":0}],"is_beta":false,"boss_relics":[{"not_picked":["Mark of Pain","Coffee Dripper"],"picked":"Empty Cage"}],"items_purged_floors":[],"is_endless":false,"potions_floor_spawned":[1,12,23,25],"killed_by":"Shelled Parasite and Fungi","ascension_level":0}