{"gold_per_floor":[117,117,43,43,54,80,80,109,178,178,204,204,237,257,257,328,328,346,3,3,13,26,26,26,26,51,51,0,64,64,64,64,141,141,159,159,79,79,95,95,114,114,114,114,124,136,136,136,136,136],"floor_reached":50,"playtime":6194,"items_purged":[],"score":994,"play_id":"b7bf9b28-aa85-491b-97fd-4d7dd2b78094","local_time":"20190131164431","is_ascension_mode":true,"campfire_choices":[{"data":"Defragment","floor":7.0,"key":"SMITH"},{"floor":12.0,"key":"REST"},{"data":"Zap","floor":15.0,"key":"SMITH"},{"floor":23.0,"key":"REST"},{"data":"Machine Learning","floor":25.0,"key":"SMITH"},{"data":"Consume","floor":27.0,"key":"SMITH"},{"floor":32.0,"key":"REST"},{"data":"Dualcast","floor":40,"key":"SMITH"},{"floor":42,"key":"REST"},{"floor":47,"key":"REST"},{"data":"Capacitor","floor":49,"key":"SMITH"}],"neow_cost":"NONE","seed_source_timestamp":0,"circlet_count":0,"master_deck":["AscendersBane","Strike_B","Strike_B+1","Strike_B","Defend_B","Defend_B+1","Defend_B","Defend_B","Zap+1","Dualcast+1","Defragment+1","Ball Lightning","Consume+1","Auto Shields","Machine Learning+1","Coolheaded+1","Leap+1","Capacitor+1"],"special_seed":0,"relics":["Cracked Core","NeowsBlessing","Juzu Bracelet","Regal Pillow","Letter Opener","Vajra","Art of War","Busted Crown","Thread and Needle","Bronze Scales","Omamori","Tiny Chest","White Beast Statue","Symbiotic Virus","Oddly Smooth Stone"],"potions_floor_usage":[39,41,41,45,46,50],"damage_taken":[{"damage":0.0,"enemies":"Cultist","floor":1.0,"turns":1.0},{"damage":0.0,"enemies":"Jaw Worm","floor":5.0,"turns":1.0},{"damage":0.0,"enemies":"3 Sentries","floor":6.0,"turns":1.0},{"damage":25.0,"enemies":"Lagavulin","floor":8.0,"turns":5.0},{"damage":8.0,"enemies":"Gremlin Nob","floor":13.0,"turns":3.0},{"damage":4.0,"enemies":"2 Louse","floor":14.0,"turns":2.0},{"damage":25.0,"enemies":"Hexaghost","floor":16.0,"turns":9.0},{"damage":1.0,"enemies":"Spheric Guardian","floor":18.0,"turns":3.0},{"damage":18.0,"enemies":"Shell Parasite","floor":21.0,"turns":5.0},{"damage":14.0,"enemies":"3 Cultists","floor":22.0,"turns":4.0},{"damage":34.0,"enemies":"Slavers","floor":29.0,"turns":5.0},{"damage":61.0,"enemies":"Automaton","floor":33.0,"turns":11.0},{"damage":1.0,"enemies":"Orb Walker","floor":35.0,"turns":4.0},{"damage":6,"enemies":"3 Shapes","floor":39,"turns":5},{"damage":36,"enemies":"Jaw Worm Horde","floor":41,"turns":4},{"damage":23,"enemies":"Writhing Mass","floor":45,"turns":7},{"damage":10,"enemies":"Maw","floor":46,"turns":8},{"damage":71,"enemies":"Awakened One","floor":50,"turns":8}],"seed_played":"-3789434148066006100","potions_obtained":[{"floor":2.0,"key":"Strength Potion"},{"floor":2.0,"key":"Fire Potion"},{"floor":14.0,"key":"Fire Potion"},{"floor":16.0,"key":"EssenceOfSteel"},{"floor":21.0,"key":"LiquidBronze"},{"floor":33.0,"key":"Weak Potion"},{"floor":35.0,"key":"Fire Potion"},{"floor":39,"key":"Fire Potion"},{"floor":41,"key":"SkillPotion"},{"floor":45,"key":"Block Potion"},{"floor":46,"key":"Strength Potion"}],"is_trial":false,"path_per_floor":["M","?","$","$","M","E","R","E","T","?","T","R","E","M","R","B",null,"M","$","?","M","M","R","$","R","T","R","?","E","?","?","R","B",null,"M","?","$","?","M","R","M","R","T","T","M","M","R","?","R","B"],"character_chosen":"DEFECT","items_purchased":["Defragment","Thread and Needle","Capacitor"],"campfire_rested":5,"item_purchase_floors":[3,19,37],"current_hp_per_floor":[64,64,64,64,64,64,64,39,39,18,18,54,46,42,42,17,58,57,57,57,39,25,61,61,61,61,61,61,27,27,41,71,10,56,55,55,55,69,63,63,27,63,63,63,40,30,66,66,66,0],"gold":136,"neow_bonus":"THREE_ENEMY_KILL","is_prod":false,"is_daily":false,"chose_seed":false,"campfire_upgraded":6,"win_rate":0,"timestamp":1548974671,"path_taken":["M","?","?","$","M","E","R","E","T","?","?","R","E","M","R","BOSS","M","$","?","M","M","R","?","R","T","R","?","E","?","?","R","BOSS","M","?","$","?","M","R","M","R","T","?","M","M","R","?","R","BOSS"],"build_version":"2019-01-23","purchased_purges":0,"victory":false,"max_hp_per_floor":[71,71,71,71,71,71,71,71,71,71,71,71,71,71,71,71,71,71,71,71,71,71,71,71,71,71,71,71,71,71,71,71,71,71,71,71,71,71,71,71,71,71,71,71,71,71,71,71,71,71],"card_choices":[{"not_picked":["Stack","Force Field","Compile Driver"],"picked":"SKIP","floor":1.0},{"not_picked":["Rip and Tear","Rebound"],"picked":"Ball Lightning","floor":5.0},{"not_picked":["Gash","Recycle","Steam"],"picked":"SKIP","floor":6.0},{"not_picked":["Barrage","Redo"],"picked":"Consume","floor":8.0},{"not_picked":["Redo","Skim","Conserve Battery"],"picked":"SKIP","floor":13.0},{"not_picked":["Amplify","Compile Driver"],"picked":"Auto Shields","floor":14.0},{"not_picked":["Creative AI","All For One"],"picked":"Machine Learning","floor":16.0},{"not_picked":["Stack"],"picked":"SKIP","floor":18.0},{"not_picked":["Barrage"],"picked":"SKIP","floor":21.0},{"not_picked":[],"picked":"Coolheaded+1","floor":22.0},{"not_picked":["Steam"],"picked":"SKIP","floor":29.0},{"not_picked":[],"picked":"Leap+1","floor":35.0},{"not_picked":["Aggregate"],"picked":"SKIP","floor":39},{"not_picked":["Beam Cell+1"],"picked":"SKIP","floor":41},{"not_picked":["Steam Power"],"picked":"SKIP","floor":45},{"not_picked":["Reprogram"],"picked":"SKIP","floor":46}],"player_experience":272436,"relics_obtained":[{"floor":6.0,"key":"Juzu Bracelet"},{"floor":8.0,"key":"Regal Pillow"},{"floor":9.0,"key":"Letter Opener"},{"floor":11.0,"key":"Vajra"},{"floor":13.0,"key":"Art of War"},{"floor":26.0,"key":"Omamori"},{"floor":29.0,"key":"Tiny Chest"},{"floor":43,"key":"Symbiotic Virus"},{"floor":44,"key":"Oddly Smooth Stone"}],"event_choices":[{"damage_healed":0.0,"max_hp_gain":0.0,"max_hp_loss":0.0,"gold_gain":0.0,"event_name":"Lab","player_choice":"Got Potions","floor":2.0,"gold_loss":0.0,"damage_taken":0.0},{"damage_healed":0.0,"max_hp_gain":0.0,"max_hp_loss":0.0,"gold_gain":0.0,"event_name":"Shining Light","player_choice":"Entered Light","floor":10.0,"gold_loss":0.0,"damage_taken":21.0,"cards_upgraded":["Defend_B","Strike_B"]},{"damage_healed":0.0,"max_hp_gain":0.0,"max_hp_loss":0.0,"gold_gain":0.0,"event_name":"WeMeetAgain","player_choice":"Gave Potion","floor":20.0,"gold_loss":0.0,"damage_taken":0.0,"relics_obtained":["Bronze Scales"]},{"damage_healed":0.0,"max_hp_gain":0.0,"max_hp_loss":0.0,"gold_gain":0.0,"event_name":"Masked Bandits","player_choice":"Paid Fearfully","floor":28.0,"gold_loss":51.0,"damage_taken":0.0},{"damage_healed":0.0,"max_hp_gain":0.0,"max_hp_loss":0.0,"gold_gain":0.0,"event_name":"Forgotten Altar","player_choice":"Smashed Altar","floor":30.0,"gold_loss":0.0,"damage_taken":0.0,"cards_obtained":["Decay"]},{"damage_healed":14.0,"max_hp_gain":0.0,"max_hp_loss":0.0,"gold_gain":0.0,"event_name":"The Library","player_choice":"Heal","floor":31.0,"gold_loss":0.0,"damage_taken":0.0},{"cards_removed":["Strike_B"],"damage_healed":0.0,"max_hp_gain":0.0,"max_hp_loss":0.0,"gold_gain":0.0,"event_name":"Falling","player_choice":"Removed Attack","floor":36.0,"gold_loss":0.0,"damage_taken":0.0},{"damage_healed":14.0,"max_hp_gain":0.0,"max_hp_loss":0.0,"gold_gain":0.0,"event_name":"Winding Halls","player_choice":"Writhe","floor":38.0,"gold_loss":0.0,"damage_taken":0.0,"cards_obtained":["Writhe"]},{"damage_healed":0,"gold_gain":0,"player_choice":"Memory 1","damage_taken":0,"max_hp_gain":0,"max_hp_loss":0,"event_name":"SensoryStone","floor":48,"gold_loss":0}],"is_beta":false,"boss_relics":[{"not_picked":["Coffee Dripper","FrozenCore"],"picked":"Busted Crown"},{"not_picked":["Nuclear Battery","Black Star"],"picked":"White Beast Statue"}],"items_purged_floors":[],"is_endless":false,"potions_floor_spawned":[5,8,14,16,21,22,33,35,39,41,45,46],"killed_by":"Awakened One","ascension_level":20}