{"gold_per_floor":[117,117,117,42,217,242,252,252,252,262,95,112,67,81,81,81],"floor_reached":16,"playtime":555,"items_purged":["Strike_B","Defend_B"],"score":100,"play_id":"400ab6fa-543c-4247-9cfe-ab785dc79cdf","local_time":"20190308030434","is_ascension_mode":false,"campfire_choices":[{"data":"Defragment","floor":15,"key":"SMITH"}],"neow_cost":"NONE","seed_source_timestamp":220338164749081,"circlet_count":0,"master_deck":["Defend_B","Defend_B","Defend_B+1","Zap","Dualcast+1","Multi-Cast+1","Leap+1","Coolheaded","Regret","Doubt","Defragment+1","Hologram","Strike_G","Double Energy+1","Defragment","White Noise+1","Redo+1","Hyperbeam"],"relics":["Astrolabe","Bag of Marbles","Nunchaku","Toxic Egg 2"],"potions_floor_usage":[],"damage_taken":[{"damage":1,"enemies":"Jaw Worm","floor":1,"turns":4},{"damage":43,"enemies":"Lagavulin","floor":6,"turns":11},{"damage":5,"enemies":"Small Slimes","floor":7,"turns":6},{"damage":0,"enemies":"2 Louse","floor":10,"turns":2},{"damage":3,"enemies":"Red Slaver","floor":12,"turns":4},{"damage":3,"enemies":"Blue Slaver","floor":14,"turns":7},{"damage":9,"enemies":"The Guardian","floor":16,"turns":2}],"seed_played":"-2144423653235025304","potions_obtained":[{"floor":7,"key":"Weak Potion"},{"floor":14,"key":"GamblersBrew"}],"is_trial":false,"path_per_floor":["M","?","?","$","?","E","M","?","T","M","$","M","$","M","R","B"],"character_chosen":"DEFECT","items_purchased":["Defragment","Redo+1"],"campfire_rested":0,"item_purchase_floors":[11,13],"current_hp_per_floor":[74,74,59,59,59,16,11,11,11,11,11,8,8,5,5,0],"gold":81,"neow_bonus":"BOSS_RELIC","is_prod":false,"is_daily":false,"chose_seed":false,"campfire_upgraded":1,"win_rate":0,"timestamp":1552010674,"path_taken":["M","?","?","$","?","E","M","?","T","?","$","M","$","M","R","BOSS"],"build_version":"2019-01-23","purchased_purges":2,"victory":false,"max_hp_per_floor":[75,75,75,75,75,75,75,75,75,75,75,75,75,75,75,75],"card_choices":[{"not_picked":["Cold Snap","Barrage"],"picked":"Coolheaded","floor":1},{"not_picked":["Fusion","Aggregate"],"picked":"Defragment","floor":6},{"not_picked":["Streamline","Stack"],"picked":"Hologram","floor":7},{"not_picked":["Steam+1","Conserve Battery+1"],"picked":"Double Energy+1","floor":10},{"not_picked":["Genetic Algorithm+1","Cold Snap"],"picked":"White Noise+1","floor":12},{"not_picked":["Leap+1","Rebound"],"picked":"Hyperbeam","floor":14}],"player_experience":112045,"relics_obtained":[{"floor":6,"key":"Nunchaku"},{"floor":9,"key":"Toxic Egg 2"}],"event_choices":[{"damage_healed":0,"gold_gain":0,"player_choice":"Box","damage_taken":0,"relics_obtained":["Bag of Marbles"],"max_hp_gain":0,"max_hp_loss":0,"event_name":"Big Fish","floor":2,"gold_loss":0,"cards_obtained":["Regret"]},{"damage_healed":0,"gold_gain":0,"player_choice":"Entered Light","damage_taken":15,"max_hp_gain":0,"max_hp_loss":0,"event_name":"Shining Light","floor":3,"gold_loss":0,"cards_upgraded":["Dualcast","Defend_B"]},{"damage_healed":0,"gold_gain":175,"player_choice":"AGREE","damage_taken":0,"max_hp_gain":0,"max_hp_loss":0,"event_name":"Liars Game","floor":5,"gold_loss":0,"cards_obtained":["Doubt"]},{"cards_removed":["Stack"],"damage_healed":0,"gold_gain":0,"player_choice":"Took Card","damage_taken":0,"max_hp_gain":0,"max_hp_loss":0,"event_name":"NoteForYourself","floor":8,"gold_loss":0,"cards_obtained":["Strike_G"]}],"is_beta":false,"boss_relics":[],"items_purged_floors":[4,11],"is_endless":false,"potions_floor_spawned":[7,14],"killed_by":"The Guardian","ascension_level":0}