{"gold_per_floor":[115,115,115,131,151,151,183,203,203,231,231,245,277,292,292,396,396,411,411,411,429,443,443],"floor_reached":23,"playtime":904,"items_purged":[],"score":313,"play_id":"c87f7ec2-c453-49ef-b59e-a731b1c80e74","local_time":"20190127220334","is_ascension_mode":true,"campfire_choices":[{"floor":6,"key":"DIG"},{"floor":15,"key":"REST"}],"neow_cost":"PERCENT_DAMAGE","seed_source_timestamp":741896517272788,"circlet_count":0,"master_deck":["Defend_B","Defend_B","Defend_B","Defend_B","Dualcast","Cold Snap","Cold Snap","Ball Lightning","Multi-Cast","Gash","Sunder","Coolheaded","Rainbow","Bite","Bite","Bite","Bite","Bite"],"relics":["Cracked Core","Shovel","Singing Bowl","Gambling Chip","Bird Faced Urn","Lantern","Bottled Lightning","Inserter","Enchiridion"],"potions_floor_usage":[7,16,18,22,22,23],"damage_taken":[{"damage":0,"enemies":"2 Louse","floor":1,"turns":1},{"damage":7,"enemies":"Small Slimes","floor":4,"turns":3},{"damage":0,"enemies":"Cultist","floor":5,"turns":3},{"damage":10,"enemies":"3 Sentries","floor":7,"turns":6},{"damage":7,"enemies":"Blue Slaver","floor":8,"turns":3},{"damage":9,"enemies":"Gremlin Nob","floor":10,"turns":4},{"damage":4,"enemies":"Looter","floor":12,"turns":3},{"damage":4,"enemies":"3 Sentries","floor":13,"turns":8},{"damage":0,"enemies":"Exordium Wildlife","floor":14,"turns":2},{"damage":59,"enemies":"Slime Boss","floor":16,"turns":11},{"damage":36,"enemies":"2 Thieves","floor":18,"turns":4},{"damage":22,"enemies":"Shell Parasite","floor":21,"turns":7},{"damage":16,"enemies":"3 Cultists","floor":22,"turns":6},{"damage":16,"enemies":"Gremlin Leader","floor":23,"turns":3}],"seed_played":"-9199488720360957331","potions_obtained":[{"floor":5,"key":"Explosive Potion"},{"floor":10,"key":"GamblersBrew"},{"floor":13,"key":"EssenceOfSteel"},{"floor":14,"key":"Dexterity Potion"},{"floor":21,"key":"FearPotion"},{"floor":22,"key":"Strength Potion"}],"is_trial":false,"path_per_floor":["M","?","?","M","M","R","E","M","T","E","?","M","E","M","R","B",null,"M","?","?","M","M","E"],"character_chosen":"DEFECT","items_purchased":[],"campfire_rested":1,"item_purchase_floors":[],"current_hp_per_floor":[50,50,50,43,43,43,33,26,26,19,44,42,38,38,61,2,60,26,10,10,12,8,0],"gold":443,"neow_bonus":"ONE_RARE_RELIC","is_prod":false,"is_daily":false,"chose_seed":false,"campfire_upgraded":0,"win_rate":0,"timestamp":1548662614,"path_taken":["M","?","?","M","?","R","E","M","T","E","?","M","E","M","R","BOSS","M","?","?","M","M","E"],"build_version":"2019-01-23","purchased_purges":0,"victory":false,"max_hp_per_floor":[75,75,75,75,75,75,75,75,75,77,77,79,79,79,79,79,79,81,81,56,58,60,60],"card_choices":[{"not_picked":["Steam","Fusion"],"picked":"Cold Snap","floor":1},{"not_picked":["FTL","Compile Driver"],"picked":"Cold Snap","floor":4},{"not_picked":["Compile Driver","Stack"],"picked":"Ball Lightning","floor":5},{"not_picked":["Lockon","Go for the Eyes"],"picked":"Multi-Cast","floor":7},{"not_picked":["Rebound","Streamline"],"picked":"Gash","floor":8},{"not_picked":["Barrage","Stack","Lockon"],"picked":"Singing Bowl","floor":10},{"not_picked":["Turbo","Barrage","Stack"],"picked":"Singing Bowl","floor":12},{"not_picked":["Compile Driver","Redo"],"picked":"Sunder","floor":13},{"not_picked":["Compile Driver","Redo"],"picked":"Coolheaded","floor":14},{"not_picked":["Core Surge","All For One"],"picked":"Rainbow","floor":16},{"not_picked":["Stack+1","Turbo","FTL+1"],"picked":"Singing Bowl","floor":18},{"not_picked":["Recycle","Blizzard+1","Loop"],"picked":"Singing Bowl","floor":21},{"not_picked":["Melter+1","Rip and Tear+1","Beam Cell"],"picked":"Singing Bowl","floor":22}],"player_experience":371525,"relics_obtained":[{"floor":6,"key":"Singing Bowl"},{"floor":7,"key":"Gambling Chip"},{"floor":9,"key":"Bird Faced Urn"},{"floor":10,"key":"Lantern"},{"floor":13,"key":"Bottled Lightning"},{"floor":19,"key":"Enchiridion"}],"event_choices":[{"damage_healed":0,"gold_gain":0,"player_choice":"Grow","damage_taken":0,"max_hp_gain":0,"max_hp_loss":0,"event_name":"Living Wall","floor":2,"gold_loss":0,"cards_upgraded":["Zap"]},{"cards_removed":["Zap"],"damage_healed":0,"gold_gain":0,"player_choice":"Offered Basic","damage_taken":0,"max_hp_gain":0,"max_hp_loss":0,"event_name":"Bonfire Elementals","floor":3,"gold_loss":0},{"damage_healed":25,"gold_gain":0,"player_choice":"Banana","damage_taken":0,"max_hp_gain":0,"max_hp_loss":0,"event_name":"Big Fish","floor":11,"gold_loss":0},{"damage_healed":0,"gold_gain":0,"player_choice":"Obtained Book","damage_taken":16,"max_hp_gain":0,"max_hp_loss":0,"event_name":"Cursed Tome","floor":19,"gold_loss":0},{"damage_healed":0,"gold_gain":0,"player_choice":"Became a vampire","damage_taken":0,"max_hp_gain":0,"max_hp_loss":25,"event_name":"Vampires","floor":20,"gold_loss":0,"cards_obtained":["Bite","Bite","Bite","Bite","Bite"]}],"is_beta":false,"boss_relics":[{"not_picked":["FrozenCore","Runic Dome"],"picked":"Inserter"}],"items_purged_floors":[],"is_endless":false,"potions_floor_spawned":[5,10,13,14,21,22],"killed_by":"Gremlin Leader","ascension_level":7}