{"gold_per_floor":[111,131,56,56,69,69,69,69,69,69,104,134,164,196,208,318,330,360,372,404,24,35,35],"floor_reached":23,"playtime":2599,"items_purged":["Strike_R","Strike_R"],"score":222,"play_id":"af317dd2-5c15-4daa-ab37-deb47d3e2d4b","local_time":"20190307023258","is_ascension_mode":true,"campfire_choices":[{"floor":6,"key":"RECALL"},{"data":"Trip","floor":8,"key":"SMITH"},{"data":"Armaments","floor":15,"key":"SMITH"}],"neow_cost":"TEN_PERCENT_HP_LOSS","seed_source_timestamp":212614097339818,"circlet_count":0,"master_deck":["Strike_R","Strike_R","Defend_R","Defend_R","Defend_R+1","Bash+1","Swift Strike","Trip+1","Sentinel","Heavy Blade","Armaments+1","Seeing Red","Double Tap","Shrug It Off","Pommel Strike+1"],"relics":["Burning Blood","MawBank","Empty Cage","Nilry\u0027s Codex","Meat on the Bone"],"potions_floor_usage":[11,16,16,16,22],"damage_taken":[{"damage":2,"enemies":"Jaw Worm","floor":1,"turns":3},{"damage":8,"enemies":"2 Louse","floor":2,"turns":3},{"damage":7,"enemies":"Small Slimes","floor":5,"turns":3},{"damage":18,"enemies":"Gremlin Nob","floor":11,"turns":4},{"damage":3,"enemies":"3 Louse","floor":12,"turns":4},{"damage":9,"enemies":"2 Fungi Beasts","floor":13,"turns":4},{"damage":3,"enemies":"Blue Slaver","floor":14,"turns":4},{"damage":44,"enemies":"Slime Boss","floor":16,"turns":12},{"damage":10,"enemies":"Chosen","floor":18,"turns":6},{"damage":33,"enemies":"Spheric Guardian","floor":20,"turns":4},{"damage":23,"enemies":"Snecko","floor":22,"turns":5},{"damage":28,"enemies":"Gremlin Leader","floor":23,"turns":5}],"seed_played":"-2475986705656172448","potions_obtained":[{"floor":1,"key":"SneckoOil"},{"floor":2,"key":"FearPotion"},{"floor":5,"key":"Weak Potion"},{"floor":14,"key":"Weak Potion"},{"floor":20,"key":"LiquidBronze"}],"is_trial":false,"path_per_floor":["M","M","$","?","M","R","?","R","T","$","E","M","M","M","R","B",null,"M","?","M","$","M","E"],"character_chosen":"IRONCLAD","items_purchased":["Meat on the Bone","Shrug It Off"],"campfire_rested":0,"item_purchase_floors":[21,21],"current_hp_per_floor":[72,70,70,70,69,69,55,55,55,55,43,46,43,46,46,8,72,68,52,25,25,20,0],"gold":35,"neow_bonus":"RANDOM_COLORLESS_2","is_prod":false,"is_daily":false,"chose_seed":false,"campfire_upgraded":2,"win_rate":0,"timestamp":1551947578,"path_taken":["M","M","$","?","M","R","?","R","T","$","E","M","M","M","R","BOSS","M","?","M","$","M","E"],"build_version":"2019-01-23","purchased_purges":2,"victory":false,"max_hp_per_floor":[72,72,72,72,72,72,72,72,72,72,72,72,72,72,72,72,72,72,72,72,72,72,72],"card_choices":[{"not_picked":["Body Slam","Power Through"],"picked":"Sentinel","floor":1},{"not_picked":["Whirlwind","Hemokinesis"],"picked":"Heavy Blade","floor":2},{"not_picked":["Searing Blow","Clash","Twin Strike"],"picked":"SKIP","floor":5},{"not_picked":["Battle Trance","Clash"],"picked":"Armaments","floor":11},{"not_picked":["Uppercut","Perfected Strike"],"picked":"Seeing Red","floor":12},{"not_picked":["Combust","Flex","Body Slam"],"picked":"SKIP","floor":13},{"not_picked":["Anger","Perfected Strike","Cleave"],"picked":"SKIP","floor":14},{"not_picked":["Impervious","Juggernaut"],"picked":"Double Tap","floor":16},{"not_picked":["Headbutt","Iron Wave","Uppercut"],"picked":"SKIP","floor":18},{"not_picked":["Clothesline","Body Slam","Wild Strike"],"picked":"SKIP","floor":20},{"not_picked":["Clothesline","Headbutt"],"picked":"Pommel Strike+1","floor":22}],"player_experience":190844,"relics_obtained":[{"floor":11,"key":"MawBank"},{"floor":19,"key":"Nilry\u0027s Codex"}],"event_choices":[{"damage_healed":0,"gold_gain":0,"player_choice":"Ignored","damage_taken":0,"max_hp_gain":0,"max_hp_loss":0,"event_name":"Liars Game","floor":4,"gold_loss":0},{"damage_healed":0,"gold_gain":0,"player_choice":"Entered Light","damage_taken":14,"max_hp_gain":0,"max_hp_loss":0,"event_name":"Shining Light","floor":7,"gold_loss":0,"cards_upgraded":["Bash","Defend_R"]},{"damage_healed":0,"gold_gain":0,"player_choice":"Obtained Book","damage_taken":16,"max_hp_gain":0,"max_hp_loss":0,"event_name":"Cursed Tome","floor":19,"gold_loss":0}],"is_beta":false,"boss_relics":[{"not_picked":["Tiny House","Fusion Hammer"],"picked":"Empty Cage"}],"items_purged_floors":[3,21],"is_endless":false,"potions_floor_spawned":[1,2,5,14,20],"killed_by":"Gremlin Leader","ascension_level":3}