{"gold_per_floor":[366,92,107,107,117,144,144,144,144,162,173,173,202,224,224,224],"floor_reached":16,"playtime":1211,"items_purged":["Normality"],"score":127,"play_id":"eb31d6ab-6d8c-40fc-b0d7-ae4e16eafe75","local_time":"20190303204725","is_ascension_mode":true,"campfire_choices":[{"data":"Infernal Blade","floor":7,"key":"SMITH"},{"floor":12,"key":"REST"},{"floor":15,"key":"REST"}],"neow_cost":"CURSE","seed_source_timestamp":82598201736246,"circlet_count":0,"master_deck":["Strike_R","Strike_R","Strike_R","Strike_R+1","Defend_R","Defend_R","Defend_R","Defend_R+1","Bash","Armaments","Shrug It Off","Shrug It Off","Flame Barrier","Infernal Blade+1","Headbutt","Immolate","Havoc"],"relics":["Burning Blood","Blood Vial","Du-Vu Doll","Peace Pipe","Anchor","Odd Mushroom"],"potions_floor_usage":[6,6,13,16],"damage_taken":[{"damage":12,"enemies":"Small Slimes","floor":1,"turns":4},{"damage":16,"enemies":"Cultist","floor":3,"turns":4},{"damage":17,"enemies":"Jaw Worm","floor":5,"turns":9},{"damage":46,"enemies":"Lagavulin","floor":6,"turns":13},{"damage":0,"enemies":"Looter","floor":10,"turns":5},{"damage":7,"enemies":"3 Louse","floor":11,"turns":3},{"damage":16,"enemies":"Gremlin Nob","floor":13,"turns":4},{"damage":11,"enemies":"The Mushroom Lair","floor":14,"turns":3},{"damage":54,"enemies":"The Guardian","floor":16,"turns":8}],"seed_played":"8167306806665389407","potions_obtained":[{"floor":3,"key":"AttackPotion"},{"floor":5,"key":"Strength Potion"},{"floor":10,"key":"Fire Potion"},{"floor":14,"key":"SkillPotion"}],"is_trial":false,"path_per_floor":["M","$","M","?","M","E","R","?","T","M","M","R","E","?","R","B"],"character_chosen":"IRONCLAD","items_purchased":["Blood Vial","Shrug It Off"],"campfire_rested":2,"item_purchase_floors":[2,2],"current_hp_per_floor":[74,74,66,66,57,19,19,3,3,11,12,36,28,25,49,0],"gold":224,"neow_bonus":"TWO_FIFTY_GOLD","is_prod":false,"is_daily":false,"chose_seed":false,"campfire_upgraded":1,"win_rate":0,"timestamp":1551667645,"path_taken":["M","$","M","?","?","E","R","?","T","M","M","R","E","?","R","BOSS"],"build_version":"2019-01-23","purchased_purges":1,"victory":false,"max_hp_per_floor":[80,80,80,80,80,80,80,80,80,80,80,80,80,80,80,80],"card_choices":[{"not_picked":["Rampage","Anger"],"picked":"Armaments","floor":1},{"not_picked":["Armaments","Dual Wield","Burning Pact"],"picked":"SKIP","floor":3},{"not_picked":["Rage","Intimidate"],"picked":"Flame Barrier","floor":5},{"not_picked":["Rupture","Clash"],"picked":"Infernal Blade","floor":6},{"not_picked":["Shrug It Off","Body Slam","Sentinel"],"picked":"SKIP","floor":10},{"not_picked":["Clash","Sever Soul"],"picked":"Headbutt","floor":11},{"not_picked":["Infernal Blade","Twin Strike"],"picked":"Immolate","floor":13},{"not_picked":["Heavy Blade","Armaments"],"picked":"Havoc","floor":14}],"player_experience":175891,"relics_obtained":[{"floor":6,"key":"Du-Vu Doll"},{"floor":9,"key":"Peace Pipe"},{"floor":13,"key":"Anchor"},{"floor":14,"key":"Odd Mushroom"}],"event_choices":[{"damage_healed":0,"gold_gain":0,"cards_transformed":["Strike_R"],"player_choice":"Transformed","damage_taken":0,"max_hp_gain":0,"max_hp_loss":0,"event_name":"Transmorgrifier","floor":4,"gold_loss":0,"cards_obtained":["Shrug It Off"]},{"damage_healed":0,"gold_gain":0,"player_choice":"Entered Light","damage_taken":16,"max_hp_gain":0,"max_hp_loss":0,"event_name":"Shining Light","floor":8,"gold_loss":0,"cards_upgraded":["Defend_R","Strike_R"]},{"damage_healed":0,"gold_gain":0,"player_choice":"Fought Mushrooms","damage_taken":0,"max_hp_gain":0,"max_hp_loss":0,"event_name":"Mushrooms","floor":14,"gold_loss":0}],"is_beta":false,"boss_relics":[],"items_purged_floors":[2],"is_endless":false,"potions_floor_spawned":[3,5,10,14],"killed_by":"The Guardian","ascension_level":3}