{"gold_per_floor":[116,132,180,180,200,234,234,234,234,297,297,309,309,319,319,417,417,383,20,20,20,20,20,53,53,79,104,204,0,16,35,35,136,136,146,160,160,70,88,102,129,36,36,52,52,72,89,3,3,3],"floor_reached":51,"playtime":3257,"items_purged":[],"score":790,"play_id":"07c6bd41-ab81-47ab-9029-b88328979bc9","local_time":"20190308002601","is_ascension_mode":false,"campfire_choices":[{"floor":7,"key":"REST"},{"floor":13,"key":"REST"},{"floor":15,"key":"REST"},{"floor":23,"key":"REST"},{"floor":25,"key":"REST"},{"floor":32,"key":"REST"},{"floor":45,"key":"REST"},{"floor":49,"key":"REST"}],"neow_cost":"NONE","seed_source_timestamp":942018798055112,"circlet_count":0,"master_deck":["Strike_B+1","Strike_B+1","Strike_B+1","Defend_B+1","Defend_B+1","Defend_B+1","Defend_B+1","Zap+1","Dualcast","Ball Lightning","Conserve Battery","White Noise","Conserve Battery","Storm","Go for the Eyes","Sunder","Redo","Go for the Eyes","Turbo","BootSequence","Meteor Strike","Self Repair","Defragment","Hyperbeam","Skim","Auto Shields","Defragment","Buffer","BootSequence","Conserve Battery","Ball Lightning+1","Auto Shields","Turbo+1","Electrodynamics","Conserve Battery","Static Discharge","Bandage Up","Sunder+1","BootSequence+1","Chill","Go for the Eyes","Capacitor","Go for the Eyes","BootSequence+1","Consume+1","Purity","Defragment"],"relics":["Cracked Core","Juzu Bracelet","Dream Catcher","Pear","DataDisk","Black Star","Happy Flower","Boot","Ice Cream","Potion Belt","Symbiotic Virus","Bird Faced Urn","Calipers","Matryoshka","Inserter","Pocketwatch","MawBank","Regal Pillow","Bottled Flame"],"potions_floor_usage":[6,18,24,28,33,33,40,44,50,50],"damage_taken":[{"damage":1,"enemies":"Cultist","floor":1,"turns":3},{"damage":0,"enemies":"2 Louse","floor":2,"turns":2},{"damage":3,"enemies":"Small Slimes","floor":5,"turns":3},{"damage":39,"enemies":"Gremlin Nob","floor":6,"turns":5},{"damage":20,"enemies":"Lagavulin Event","floor":10,"turns":4},{"damage":5,"enemies":"Exordium Thugs","floor":12,"turns":4},{"damage":10,"enemies":"Looter","floor":14,"turns":3},{"damage":33,"enemies":"Hexaghost","floor":16,"turns":8},{"damage":28,"enemies":"2 Thieves","floor":18,"turns":5},{"damage":34,"enemies":"Slavers","floor":24,"turns":6},{"damage":48,"enemies":"Book of Stabbing","floor":27,"turns":7},{"damage":4,"enemies":"Colosseum Slavers","floor":28,"turns":4},{"damage":26,"enemies":"Colosseum Nobs","floor":28,"turns":4},{"damage":11,"enemies":"Spheric Guardian","floor":30,"turns":4},{"damage":9,"enemies":"Snake Plant","floor":31,"turns":4},{"damage":30,"enemies":"Champ","floor":33,"turns":11},{"damage":0,"enemies":"3 Shapes","floor":35,"turns":4},{"damage":40,"enemies":"3 Darklings","floor":36,"turns":4},{"damage":35,"enemies":"Sphere and 2 Shapes","floor":39,"turns":4},{"damage":8,"enemies":"Transient","floor":40,"turns":5},{"damage":79,"enemies":"Giant Head","floor":41,"turns":9},{"damage":4,"enemies":"Jaw Worm Horde","floor":44,"turns":5},{"damage":20,"enemies":"Sphere and 2 Shapes","floor":46,"turns":4},{"damage":36,"enemies":"Transient","floor":47,"turns":5},{"damage":64,"enemies":"Donu and Deca","floor":50,"turns":8}],"seed_played":"2685573087788694973","potions_obtained":[{"floor":5,"key":"SpeedPotion"},{"floor":6,"key":"SpeedPotion"},{"floor":16,"key":"FearPotion"},{"floor":18,"key":"Poison Potion"},{"floor":27,"key":"Dexterity Potion"},{"floor":31,"key":"Ancient Potion"},{"floor":35,"key":"SpeedPotion"},{"floor":39,"key":"Dexterity Potion"},{"floor":41,"key":"Fire Potion"},{"floor":44,"key":"LiquidBronze"},{"floor":46,"key":"Fire Potion"}],"is_trial":false,"path_per_floor":["M","M","T","?","M","E","R","?","T","?","?","M","R","M","R","B",null,"M","$","?","$","?","R","E","R","T","E","?","?","M","M","R","B",null,"M","M","?","$","M","M","E","$","T","M","R","M","M","$","R","B",null],"character_chosen":"DEFECT","items_purchased":["Defragment","Hyperbeam","Skim","Happy Flower","Bandage Up","Go for the Eyes","Capacitor","Purity"],"campfire_rested":8,"item_purchase_floors":[19,19,19,19,38,42,42,48],"current_hp_per_floor":[74,74,74,74,71,32,54,39,49,29,57,52,77,67,85,52,85,57,57,57,57,57,82,55,80,80,39,22,22,24,24,49,38,85,85,53,85,85,59,72,20,20,20,36,76,62,41,41,81,37],"gold":3,"neow_bonus":"UPGRADE_CARD","is_prod":false,"is_daily":false,"chose_seed":false,"campfire_upgraded":0,"win_rate":0,"timestamp":1552015561,"path_taken":["M","M","?","?","M","E","R","?","T","?","?","M","R","M","R","BOSS","M","$","?","$","?","R","E","R","T","E","?","?","M","M","R","BOSS","M","M","?","$","M","M","E","?","T","M","R","M","M","$","R","BOSS"],"build_version":"2019-01-23","purchased_purges":0,"victory":true,"max_hp_per_floor":[75,75,75,75,75,75,75,75,85,85,85,85,85,85,85,85,85,85,85,85,85,85,85,85,85,85,85,85,85,85,85,85,85,85,85,85,85,85,85,85,85,85,85,85,85,85,85,85,85,85],"card_choices":[{"not_picked":["Stack","Sweeping Beam"],"picked":"Ball Lightning","floor":1},{"not_picked":["Streamline","Aggregate"],"picked":"Conserve Battery","floor":2},{"not_picked":["Beam Cell","Stack"],"picked":"Conserve Battery","floor":5},{"not_picked":["Genetic Algorithm","Stack"],"picked":"Storm","floor":6},{"not_picked":["Machine Learning","Gash"],"picked":"Go for the Eyes","floor":7},{"not_picked":["Leap","Turbo"],"picked":"Sunder","floor":10},{"not_picked":["Leap","Cold Snap"],"picked":"Redo","floor":12},{"not_picked":["Gash","Consume"],"picked":"Go for the Eyes","floor":13},{"not_picked":["Cold Snap","Stack"],"picked":"Turbo","floor":14},{"not_picked":["FTL","Blizzard"],"picked":"BootSequence","floor":15},{"not_picked":["Core Surge","Amplify"],"picked":"Meteor Strike","floor":16},{"not_picked":["Beam Cell","Turbo"],"picked":"Self Repair","floor":18},{"not_picked":["Skim","Gash+1"],"picked":"Defragment","floor":23},{"not_picked":["Barrage","Lockon+1"],"picked":"Buffer","floor":24},{"not_picked":["Steam+1","Cold Snap"],"picked":"BootSequence","floor":25},{"not_picked":["BootSequence","Lockon"],"picked":"Conserve Battery","floor":27},{"not_picked":["BootSequence","Fission"],"picked":"Ball Lightning+1","floor":30},{"not_picked":["Reprogram+1","Gash+1"],"picked":"Auto Shields","floor":31},{"not_picked":["Rebound","Go for the Eyes"],"picked":"Turbo+1","floor":32},{"not_picked":["Fission","Buffer"],"picked":"Electrodynamics","floor":33},{"not_picked":["Static Discharge","Sweeping Beam"],"picked":"Conserve Battery","floor":35},{"not_picked":["Glacier+1","Sweeping Beam+1"],"picked":"Static Discharge","floor":36},{"not_picked":["Hologram+1","Compile Driver+1"],"picked":"Sunder+1","floor":39},{"not_picked":["Static Discharge","Genetic Algorithm+1"],"picked":"BootSequence+1","floor":40},{"not_picked":["Rebound","Cold Snap+1"],"picked":"Chill","floor":41},{"not_picked":["FTL+1","Sweeping Beam"],"picked":"Go for the Eyes","floor":44},{"not_picked":["Melter","Go for the Eyes"],"picked":"BootSequence+1","floor":45},{"not_picked":["Rebound+1","Doom and Gloom+1","Glacier"],"picked":"SKIP","floor":46},{"not_picked":["Meteor Strike","Compile Driver"],"picked":"Consume+1","floor":47},{"not_picked":["Barrage","Ball Lightning"],"picked":"Defragment","floor":49}],"player_experience":35746,"relics_obtained":[{"floor":3,"key":"Juzu Bracelet"},{"floor":6,"key":"Dream Catcher"},{"floor":9,"key":"Pear"},{"floor":24,"key":"Boot"},{"floor":24,"key":"Ice Cream"},{"floor":26,"key":"Potion Belt"},{"floor":27,"key":"Symbiotic Virus"},{"floor":27,"key":"Bird Faced Urn"},{"floor":28,"key":"Calipers"},{"floor":28,"key":"Matryoshka"},{"floor":41,"key":"Pocketwatch"},{"floor":41,"key":"MawBank"},{"floor":43,"key":"Regal Pillow"},{"floor":43,"key":"Bottled Flame"}],"event_choices":[{"damage_healed":0,"gold_gain":0,"cards_transformed":["Strike_B"],"player_choice":"Change","damage_taken":0,"max_hp_gain":0,"max_hp_loss":0,"event_name":"Living Wall","floor":4,"gold_loss":0,"cards_obtained":["White Noise"]},{"damage_healed":0,"gold_gain":0,"player_choice":"Entered Light","damage_taken":15,"max_hp_gain":0,"max_hp_loss":0,"event_name":"Shining Light","floor":8,"gold_loss":0,"cards_upgraded":["Strike_B","Defend_B"]},{"damage_healed":0,"gold_gain":0,"player_choice":"Searched \u00273\u0027 times","damage_taken":0,"relics_obtained":["DataDisk"],"max_hp_gain":0,"max_hp_loss":0,"event_name":"Dead Adventurer","floor":10,"gold_loss":0},{"damage_healed":28,"gold_gain":0,"player_choice":"Banana","damage_taken":0,"max_hp_gain":0,"max_hp_loss":0,"event_name":"Big Fish","floor":11,"gold_loss":0},{"damage_healed":0,"gold_gain":0,"player_choice":"Read","damage_taken":0,"max_hp_gain":0,"max_hp_loss":0,"event_name":"The Library","floor":20,"gold_loss":0,"cards_obtained":["Auto Shields"]},{"damage_healed":0,"gold_gain":0,"player_choice":"Simplicity","damage_taken":0,"max_hp_gain":0,"max_hp_loss":0,"event_name":"Back to Basics","floor":22,"gold_loss":0,"cards_upgraded":["Strike_B","Strike_B","Defend_B","Defend_B","Defend_B"]},{"damage_healed":0,"gold_gain":0,"player_choice":"Fight","damage_taken":0,"max_hp_gain":0,"max_hp_loss":0,"event_name":"Colosseum","floor":28,"gold_loss":0},{"damage_healed":0,"gold_gain":0,"player_choice":"Fought Nobs","damage_taken":0,"max_hp_gain":0,"max_hp_loss":0,"event_name":"Colosseum","floor":28,"gold_loss":0},{"damage_healed":0,"gold_gain":0,"player_choice":"Paid Fearfully","damage_taken":0,"max_hp_gain":0,"max_hp_loss":0,"event_name":"Masked Bandits","floor":29,"gold_loss":204},{"damage_healed":32,"gold_gain":0,"player_choice":"Full Heal","damage_taken":0,"max_hp_gain":0,"max_hp_loss":0,"event_name":"Wheel of Change","floor":37,"gold_loss":0}],"is_beta":false,"boss_relics":[{"not_picked":["FrozenCore","Fusion Hammer"],"picked":"Black Star"},{"not_picked":["Coffee Dripper","Tiny House"],"picked":"Inserter"}],"items_purged_floors":[],"is_endless":false,"potions_floor_spawned":[5,6,16,18,27,31,35,39,41,44,46],"ascension_level":0}