{"gold_per_floor":[17,30,30,40,56,56,82,82,108,120,120,137,151,171,171,171],"floor_reached":16,"playtime":488,"items_purged":[],"score":111,"play_id":"9cc05c1c-8cdb-435e-8f6e-7bfd0385ab13","local_time":"20190309220532","is_ascension_mode":true,"campfire_choices":[{"data":"Thunderclap","floor":6,"key":"SMITH"},{"data":"Spot Weakness","floor":8,"key":"SMITH"},{"data":"Flex","floor":11,"key":"SMITH"},{"floor":15,"key":"REST"}],"neow_cost":"NO_GOLD","seed_source_timestamp":14533303963632,"circlet_count":0,"master_deck":["Strike_R","Strike_R","Strike_R","Defend_R","Defend_R","Defend_R","Defend_R","Bash","Flex+1","Thunderclap+1","Spot Weakness+1","Body Slam"],"relics":["Burning Blood","Bag of Marbles","Regal Pillow"],"potions_floor_usage":[7,7,16],"damage_taken":[{"damage":11,"enemies":"Jaw Worm","floor":1,"turns":3},{"damage":0,"enemies":"Cultist","floor":2,"turns":3},{"damage":2,"enemies":"Small Slimes","floor":4,"turns":4},{"damage":23,"enemies":"Exordium Wildlife","floor":5,"turns":5},{"damage":39,"enemies":"Lagavulin","floor":7,"turns":8},{"damage":7,"enemies":"Blue Slaver","floor":10,"turns":2},{"damage":8,"enemies":"Lots of Slimes","floor":12,"turns":3},{"damage":8,"enemies":"Large Slime","floor":13,"turns":5},{"damage":7,"enemies":"Blue Slaver","floor":14,"turns":2},{"damage":78,"enemies":"Slime Boss","floor":16,"turns":7}],"seed_played":"-2550442297193750551","potions_obtained":[{"floor":4,"key":"Weak Potion"},{"floor":5,"key":"PowerPotion"},{"floor":7,"key":"SneckoOil"},{"floor":12,"key":"Energy Potion"}],"is_trial":false,"path_per_floor":["M","M","?","M","M","R","E","R","T","M","R","M","M","M","R","B"],"character_chosen":"IRONCLAD","items_purchased":[],"campfire_rested":1,"item_purchase_floors":[],"current_hp_per_floor":[75,80,80,80,63,63,30,30,30,29,29,27,25,24,63,0],"gold":171,"neow_bonus":"REMOVE_TWO","is_prod":false,"is_daily":false,"chose_seed":false,"campfire_upgraded":3,"win_rate":0,"timestamp":1552165532,"path_taken":["M","M","?","?","M","R","E","R","T","M","R","M","M","?","R","BOSS"],"build_version":"2019-01-23","purchased_purges":0,"victory":false,"max_hp_per_floor":[80,80,80,80,80,80,80,80,80,80,80,80,80,80,80,80],"card_choices":[{"not_picked":["Hemokinesis","Heavy Blade"],"picked":"Flex","floor":1},{"not_picked":["Cleave","Second Wind"],"picked":"Thunderclap","floor":2},{"not_picked":["Reckless Charge","Sword Boomerang","Cleave"],"picked":"SKIP","floor":4},{"not_picked":["Corruption","Clothesline","Bloodletting"],"picked":"SKIP","floor":5},{"not_picked":["Second Wind","Impervious"],"picked":"Spot Weakness","floor":7},{"not_picked":["Corruption","Thunderclap","True Grit"],"picked":"SKIP","floor":10},{"not_picked":["Clash","Headbutt"],"picked":"Body Slam","floor":12},{"not_picked":["Iron Wave","Havoc","Twin Strike"],"picked":"SKIP","floor":13},{"not_picked":["Headbutt","Perfected Strike","Feel No Pain"],"picked":"SKIP","floor":14}],"player_experience":135106,"relics_obtained":[{"floor":7,"key":"Bag of Marbles"},{"floor":9,"key":"Regal Pillow"}],"event_choices":[{"damage_healed":0,"gold_gain":0,"player_choice":"0 cards matched","damage_taken":0,"max_hp_gain":0,"max_hp_loss":0,"event_name":"Match and Keep!","floor":3,"gold_loss":0,"cards_obtained":[]}],"is_beta":false,"boss_relics":[],"items_purged_floors":[],"is_endless":false,"potions_floor_spawned":[4,5,7,12],"killed_by":"Slime Boss","ascension_level":1}