{"gold_per_floor":[116,116,133,76,226,251,251,270,350,360,370,370,370,370,370,443,443,414,414,433,433],"floor_reached":21,"playtime":679,"items_purged":[],"score":331,"play_id":"0343a80a-a60f-465e-8ab1-5596d7e137a3","local_time":"20190301132840","is_ascension_mode":true,"campfire_choices":[{"floor":7,"key":"REST"},{"floor":15,"key":"REST"}],"neow_cost":"NONE","seed_source_timestamp":17477083727173,"circlet_count":0,"master_deck":["AscendersBane","Strike_R","Strike_R","Strike_R+1","Strike_R","Defend_R","Defend_R","Defend_R+1","Defend_R","Bash","Juggernaut","Armaments","Shrug It Off","True Grit","Doubt","True Grit","Rampage+1","Flex","Juggernaut","Disarm"],"relics":["Burning Blood","Juzu Bracelet","Molten Egg 2","Strawberry","Sozu"],"potions_floor_usage":[11,11,18],"damage_taken":[{"damage":9,"enemies":"Jaw Worm","floor":1,"turns":4},{"damage":3,"enemies":"2 Louse","floor":3,"turns":3},{"damage":42,"enemies":"Lagavulin","floor":6,"turns":10},{"damage":1,"enemies":"Cultist","floor":8,"turns":4},{"damage":0,"enemies":"Exordium Wildlife","floor":10,"turns":4},{"damage":6,"enemies":"Large Slime","floor":11,"turns":5},{"damage":83,"enemies":"Slime Boss","floor":16,"turns":15},{"damage":25,"enemies":"2 Thieves","floor":18,"turns":5},{"damage":40,"enemies":"Spheric Guardian","floor":20,"turns":6},{"damage":21,"enemies":"Shelled Parasite and Fungi","floor":21,"turns":2}],"seed_played":"-7507653914010616505","potions_obtained":[{"floor":6,"key":"EssenceOfSteel"},{"floor":10,"key":"Regen Potion"},{"floor":16,"key":"Fruit Juice"}],"is_trial":false,"path_per_floor":["M","?","M","$","?","E","R","M","T","M","M","?","?","T","R","B",null,"M","?","M","M"],"character_chosen":"IRONCLAD","items_purchased":["True Grit"],"campfire_rested":2,"item_purchase_floors":[4],"current_hp_per_floor":[65,42,45,45,45,9,31,36,36,42,57,57,62,69,87,10,68,54,54,20,0],"gold":433,"neow_bonus":"ONE_RANDOM_RARE_CARD","is_prod":false,"is_daily":false,"chose_seed":false,"campfire_upgraded":0,"win_rate":0,"timestamp":1551482920,"path_taken":["M","?","M","$","?","E","R","M","T","M","M","?","?","?","R","BOSS","M","?","M","M"],"build_version":"2019-01-23","purchased_purges":0,"victory":false,"max_hp_per_floor":[75,75,75,75,75,75,75,75,75,75,75,75,80,87,87,87,87,92,92,92,92],"card_choices":[{"not_picked":["Iron Wave","Ghostly Armor"],"picked":"Armaments","floor":1},{"not_picked":["Cleave","Heavy Blade"],"picked":"Shrug It Off","floor":3},{"not_picked":["Clash","Rupture"],"picked":"True Grit","floor":6},{"not_picked":["Headbutt","Perfected Strike","Cleave"],"picked":"SKIP","floor":8},{"not_picked":["Cleave+1","Wild Strike+1","Sword Boomerang+1"],"picked":"SKIP","floor":10},{"not_picked":["Fiend Fire+1","Headbutt+1"],"picked":"Rampage+1","floor":11},{"not_picked":["Bludgeon+1","Offering"],"picked":"Juggernaut","floor":16},{"not_picked":["Iron Wave+1","Twin Strike+1"],"picked":"Disarm","floor":18},{"not_picked":["Inflame","Pommel Strike+1","True Grit"],"picked":"SKIP","floor":20}],"player_experience":485060,"relics_obtained":[{"floor":6,"key":"Juzu Bracelet"},{"floor":9,"key":"Molten Egg 2"},{"floor":14,"key":"Strawberry"}],"event_choices":[{"damage_healed":0,"gold_gain":0,"player_choice":"Entered Light","damage_taken":23,"max_hp_gain":0,"max_hp_loss":0,"event_name":"Shining Light","floor":2,"gold_loss":0,"cards_upgraded":["Defend_R","Strike_R"]},{"damage_healed":0,"gold_gain":150,"player_choice":"AGREE","damage_taken":0,"max_hp_gain":0,"max_hp_loss":0,"event_name":"Liars Game","floor":5,"gold_loss":0,"cards_obtained":["Doubt"]},{"damage_healed":0,"gold_gain":0,"cards_transformed":["Strike_R"],"player_choice":"Transformed","damage_taken":0,"max_hp_gain":0,"max_hp_loss":0,"event_name":"Transmorgrifier","floor":12,"gold_loss":0,"cards_obtained":["Flex"]},{"damage_healed":0,"gold_gain":0,"player_choice":"Donut","damage_taken":0,"max_hp_gain":5,"max_hp_loss":0,"event_name":"Big Fish","floor":13,"gold_loss":0},{"damage_healed":0,"gold_gain":0,"player_choice":"Ignored","damage_taken":0,"max_hp_gain":0,"max_hp_loss":0,"event_name":"Vampires","floor":19,"gold_loss":0}],"is_beta":false,"boss_relics":[{"not_picked":["Philosopher\u0027s Stone","Runic Cube"],"picked":"Sozu"}],"items_purged_floors":[],"is_endless":false,"potions_floor_spawned":[6,10,16,18],"killed_by":"Shelled Parasite and Fungi","ascension_level":17}