{"gold_per_floor":[118,118,132,151,151,151,171,203,253,253,273,273,292,257,257,328,328,344,259,270,270,124,124,144,164,164,176,187,112,130,130,130,130],"floor_reached":33,"playtime":1184,"items_purged":[],"score":427,"play_id":"46a3d3e5-41e9-402e-a886-5c714c05e60d","local_time":"20190311033227","is_ascension_mode":true,"campfire_choices":[{"data":"Rainbow","floor":6,"key":"SMITH"},{"floor":10,"key":"REST"},{"floor":12,"key":"REST"},{"data":"Gash","floor":15,"key":"SMITH"},{"data":"Machine Learning","floor":23,"key":"SMITH"},{"floor":32,"key":"REST"}],"neow_cost":"TEN_PERCENT_HP_LOSS","seed_source_timestamp":292268127680800,"circlet_count":0,"master_deck":["AscendersBane","Zap","Dualcast","Rainbow+1","Gash","Ball Lightning","Barrage","Cold Snap","Leap","Gash+1","Reboot","Scrape","Chill","Hyperbeam","Machine Learning+1","Turbo","Ball Lightning","Force Field","Gash","Echo Form","White Noise","Undo","BootSequence","Capacitor","Writhe"],"relics":["Cracked Core","Sundial","Centennial Puzzle","Oddly Smooth Stone","Pandora\u0027s Box","Question Card","Orichalcum","Potion Belt"],"potions_floor_usage":[16,28,30,33],"damage_taken":[{"damage":0,"enemies":"2 Louse","floor":1,"turns":2},{"damage":0,"enemies":"Small Slimes","floor":3,"turns":3},{"damage":5,"enemies":"Jaw Worm","floor":4,"turns":3},{"damage":9,"enemies":"Red Slaver","floor":7,"turns":2},{"damage":26,"enemies":"Lagavulin","floor":8,"turns":5},{"damage":6,"enemies":"2 Fungi Beasts","floor":11,"turns":2},{"damage":3,"enemies":"Blue Slaver","floor":13,"turns":3},{"damage":34,"enemies":"The Guardian","floor":16,"turns":9},{"damage":1,"enemies":"Spheric Guardian","floor":18,"turns":3},{"damage":6,"enemies":"3 Byrds","floor":20,"turns":4},{"damage":36,"enemies":"Snake Plant","floor":24,"turns":4},{"damage":20,"enemies":"3 Cultists","floor":25,"turns":4},{"damage":8,"enemies":"Chosen and Byrds","floor":27,"turns":4},{"damage":9,"enemies":"Snake Plant","floor":28,"turns":4},{"damage":0,"enemies":"Sentry and Sphere","floor":30,"turns":5},{"damage":43,"enemies":"Champ","floor":33,"turns":7}],"seed_played":"-4102476014308184523","potions_obtained":[{"floor":3,"key":"GamblersBrew"},{"floor":7,"key":"GamblersBrew"},{"floor":11,"key":"Weak Potion"},{"floor":13,"key":"PowerPotion"},{"floor":16,"key":"PowerPotion"},{"floor":30,"key":"Block Potion"}],"is_trial":false,"path_per_floor":["M","?","M","M","?","R","M","E","T","R","M","R","M","?","R","B",null,"M","?","M","?","$","R","M","M","T","M","M","?","M","?","R","B"],"character_chosen":"DEFECT","items_purchased":["Echo Form"],"campfire_rested":3,"item_purchase_floors":[22],"current_hp_per_floor":[64,64,64,59,47,47,38,12,12,31,25,44,41,57,57,23,54,53,53,47,74,74,74,38,18,18,10,1,1,1,1,23,0],"gold":130,"neow_bonus":"THREE_RARE_CARDS","is_prod":false,"is_daily":false,"chose_seed":false,"campfire_upgraded":3,"win_rate":0,"timestamp":1552289547,"path_taken":["M","?","M","M","?","R","M","E","T","R","M","R","M","?","R","BOSS","M","?","M","?","$","R","M","M","T","M","?","?","M","?","R","BOSS"],"build_version":"2019-02-06","purchased_purges":0,"victory":false,"max_hp_per_floor":[64,64,64,64,64,64,64,64,64,64,64,64,64,64,64,64,64,64,64,64,74,74,74,74,74,74,74,74,74,74,74,74,74],"card_choices":[{"not_picked":["Meteor Strike","Reboot"],"picked":"Rainbow","floor":0},{"not_picked":["Rebound","Streamline"],"picked":"Gash","floor":1},{"not_picked":["Darkness","Undo"],"picked":"Ball Lightning","floor":3},{"not_picked":["Steam","Compile Driver"],"picked":"Reboot","floor":4},{"not_picked":["Stack","Reprogram"],"picked":"Barrage","floor":7},{"not_picked":["Chill","Heatsinks"],"picked":"Cold Snap","floor":8},{"not_picked":["Go for the Eyes","Self Repair"],"picked":"Leap","floor":11},{"not_picked":["Chill","Melter"],"picked":"Gash","floor":13},{"not_picked":["Amplify","Thunder Strike"],"picked":"Reboot","floor":16},{"not_picked":["Ball Lightning","Steam Power+1","Aggregate"],"picked":"SKIP","floor":18},{"not_picked":["Blizzard","Storm","Conserve Battery"],"picked":"Gash","floor":20},{"not_picked":["Coolheaded","Doom and Gloom","Multi-Cast"],"picked":"White Noise","floor":24},{"not_picked":["Steam","Chill","Hello World"],"picked":"Undo","floor":25},{"not_picked":["Rip and Tear+1","Leap+1","Stack"],"picked":"BootSequence","floor":27},{"not_picked":["Turbo","Skim","Go for the Eyes"],"picked":"Capacitor","floor":28},{"not_picked":["FTL","Streamline","Sunder","Rip and Tear"],"picked":"SKIP","floor":30}],"player_experience":636022,"relics_obtained":[{"floor":8,"key":"Centennial Puzzle"},{"floor":9,"key":"Oddly Smooth Stone"},{"floor":26,"key":"Orichalcum"}],"event_choices":[{"damage_healed":0,"gold_gain":0,"player_choice":"Ignored","damage_taken":0,"max_hp_gain":0,"max_hp_loss":0,"event_name":"Golden Idol","floor":2,"gold_loss":0},{"damage_healed":0,"gold_gain":0,"player_choice":"Success","damage_taken":12,"relics_obtained":["Sundial"],"max_hp_gain":0,"max_hp_loss":0,"event_name":"Scrap Ooze","floor":5,"gold_loss":0},{"damage_healed":16,"gold_gain":0,"player_choice":"Healed","damage_taken":0,"max_hp_gain":0,"max_hp_loss":0,"event_name":"The Cleric","floor":14,"gold_loss":35},{"damage_healed":0,"gold_gain":0,"player_choice":"Obtained Relic","damage_taken":0,"relics_obtained":["Question Card"],"max_hp_gain":0,"max_hp_loss":0,"event_name":"Addict","floor":19,"gold_loss":85},{"cards_removed":["Reboot"],"damage_healed":17,"gold_gain":0,"player_choice":"Offered Rare","damage_taken":0,"max_hp_gain":10,"max_hp_loss":0,"event_name":"Bonfire Elementals","floor":21,"gold_loss":0},{"cards_removed":["Chaos"],"damage_healed":0,"gold_gain":0,"player_choice":"Gave Gold","damage_taken":0,"max_hp_gain":0,"max_hp_loss":0,"event_name":"Beggar","floor":29,"gold_loss":75},{"damage_healed":0,"gold_gain":0,"player_choice":"Opened","damage_taken":0,"relics_obtained":["Potion Belt"],"max_hp_gain":0,"max_hp_loss":0,"event_name":"The Mausoleum","floor":31,"gold_loss":0,"cards_obtained":["Writhe"]}],"is_beta":true,"boss_relics":[{"not_picked":["Black Star","Coffee Dripper"],"picked":"Pandora\u0027s Box"}],"items_purged_floors":[],"is_endless":false,"potions_floor_spawned":[3,7,11,13,16,18,24,30],"killed_by":"Champ","ascension_level":14}