{"gold_per_floor":[111,40,40,56,73,99,99,134,134,144,144],"floor_reached":11,"playtime":293,"items_purged":[],"score":87,"play_id":"c99e29b3-e668-43ff-8442-9919b0671452","local_time":"20190309234235","is_ascension_mode":true,"campfire_choices":[{"data":"Footwork","floor":7,"key":"SMITH"}],"neow_cost":"NONE","seed_source_timestamp":20550259391067,"circlet_count":0,"master_deck":["Defend_G","Defend_G","Defend_G","Defend_G","Defend_G","Strike_G","Strike_G","Strike_G","Strike_G","Survivor","Neutralize","Quick Slash","Footwork+1","Dagger Spray","Dodge and Roll","Poisoned Stab"],"relics":["Ring of the Snake","NeowsBlessing","Letter Opener","Matryoshka","Paper Crane"],"potions_floor_usage":[6,8],"damage_taken":[{"damage":0,"enemies":"Jaw Worm","floor":1,"turns":1},{"damage":0,"enemies":"Cultist","floor":4,"turns":1},{"damage":0,"enemies":"2 Louse","floor":5,"turns":1},{"damage":19,"enemies":"3 Sentries","floor":6,"turns":7},{"damage":53,"enemies":"Gremlin Nob","floor":8,"turns":7},{"damage":0,"enemies":"Large Slime","floor":10,"turns":8}],"seed_played":"1627989168160355588","potions_obtained":[{"floor":1,"key":"Explosive Potion"},{"floor":6,"key":"Fruit Juice"}],"is_trial":false,"path_per_floor":["M","$","?","M","M","E","R","E","T","M","?"],"character_chosen":"THE_SILENT","items_purchased":["Footwork"],"campfire_rested":0,"item_purchase_floors":[2],"current_hp_per_floor":[70,70,70,70,70,51,51,3,3,3,0],"gold":144,"neow_bonus":"THREE_ENEMY_KILL","is_prod":false,"is_daily":false,"chose_seed":false,"campfire_upgraded":1,"win_rate":0,"timestamp":1552171355,"path_taken":["M","$","?","M","?","E","R","E","T","M","?"],"build_version":"2019-01-23","purchased_purges":0,"victory":false,"max_hp_per_floor":[70,70,70,70,70,70,70,75,75,75,75],"card_choices":[{"not_picked":["Accuracy","Bane"],"picked":"Quick Slash","floor":1},{"not_picked":["Prepared","Flying Knee"],"picked":"Dagger Spray","floor":4},{"not_picked":["All Out Attack","Outmaneuver","Finisher"],"picked":"SKIP","floor":5},{"not_picked":["Distraction","Accuracy"],"picked":"Dodge and Roll","floor":6},{"not_picked":["Dagger Spray","Crippling Poison","Setup"],"picked":"SKIP","floor":8},{"not_picked":["Flying Knee","Cloak And Dagger"],"picked":"Poisoned Stab","floor":10}],"player_experience":138799,"relics_obtained":[{"floor":6,"key":"Letter Opener"},{"floor":8,"key":"Matryoshka"},{"floor":9,"key":"Paper Crane"}],"event_choices":[{"cards_removed":["Strike_G"],"damage_healed":0,"gold_gain":0,"player_choice":"Offered Basic","damage_taken":0,"max_hp_gain":0,"max_hp_loss":0,"event_name":"Bonfire Elementals","floor":3,"gold_loss":0}],"is_beta":false,"boss_relics":[],"items_purged_floors":[],"is_endless":false,"potions_floor_spawned":[1,6],"ascension_level":1}