{"gold_per_floor":[363,88,103,120,135,170,180,84,84,100,100,52,52,64,64,64],"floor_reached":16,"playtime":566,"items_purged":["Doubt"],"score":156,"play_id":"25e21b22-0971-4f77-8a9a-05c64241560a","local_time":"20181223201200","is_ascension_mode":true,"campfire_choices":[{"floor":13,"key":"REST"},{"data":"Neutralize","floor":15,"key":"SMITH"}],"neow_cost":"CURSE","seed_source_timestamp":6510168128238,"circlet_count":0,"master_deck":["AscendersBane","Defend_G","Defend_G","Defend_G","Defend_G","Defend_G","Strike_G","Strike_G","Strike_G","Strike_G","Survivor","Neutralize+1","Cloak And Dagger","Die Die Die","Flying Knee","Heel Hook","Backstab","Heel Hook","Heel Hook","Impatience","Backstab"],"relics":["Ring of the Snake","Lantern","Darkstone Periapt"],"potions_floor_usage":[6,6,16,16],"damage_taken":[{"damage":6,"enemies":"2 Louse","floor":1,"turns":4},{"damage":0,"enemies":"Jaw Worm","floor":3,"turns":4},{"damage":0,"enemies":"Small Slimes","floor":4,"turns":2},{"damage":3,"enemies":"Exordium Wildlife","floor":5,"turns":3},{"damage":18,"enemies":"Gremlin Nob","floor":6,"turns":5},{"damage":9,"enemies":"2 Fungi Beasts","floor":7,"turns":3},{"damage":0,"enemies":"Looter","floor":10,"turns":2},{"damage":5,"enemies":"Red Slaver","floor":14,"turns":2},{"damage":44,"enemies":"The Guardian","floor":16,"turns":14}],"seed_played":"1720344758045492753","potions_obtained":[{"floor":1,"key":"SkillPotion"},{"floor":3,"key":"Block Potion"},{"floor":6,"key":"Dexterity Potion"},{"floor":10,"key":"Explosive Potion"}],"is_trial":false,"path_per_floor":["M","$","M","M","M","E","M","$","T","M","?","?","R","M","R","B"],"character_chosen":"THE_SILENT","items_purchased":["Die Die Die","Flying Knee","Impatience"],"campfire_rested":1,"item_purchase_floors":[2,2,8],"current_hp_per_floor":[57,57,57,57,54,36,27,27,27,27,27,27,48,43,43,0],"gold":64,"neow_bonus":"TWO_FIFTY_GOLD","is_prod":false,"is_daily":false,"chose_seed":false,"campfire_upgraded":1,"win_rate":0,"timestamp":1545603120,"path_taken":["M","$","M","M","M","E","M","$","T","M","?","?","R","M","R","BOSS"],"build_version":"2018-12-20","purchased_purges":1,"victory":false,"max_hp_per_floor":[70,70,70,70,70,70,70,70,70,70,70,70,70,70,70,70],"card_choices":[{"not_picked":["Prepared","Underhanded Strike"],"picked":"Cloak And Dagger","floor":1},{"not_picked":["Outmaneuver","Skewer"],"picked":"Heel Hook","floor":3},{"not_picked":["Cloak And Dagger","Escape Plan"],"picked":"Backstab","floor":4},{"not_picked":["Dagger Throw","Poisoned Stab","Cloak And Dagger"],"picked":"SKIP","floor":5},{"not_picked":["Finisher","Cloak And Dagger"],"picked":"Heel Hook","floor":6},{"not_picked":["Deflect","Poisoned Stab"],"picked":"Heel Hook","floor":7},{"not_picked":["PiercingWail","Dodge and Roll","Dagger Throw"],"picked":"SKIP","floor":10},{"not_picked":["Backflip","Crippling Poison"],"picked":"Backstab","floor":14}],"player_experience":627503,"relics_obtained":[{"floor":6,"key":"Lantern"},{"floor":9,"key":"Darkstone Periapt"}],"event_choices":[{"cards_removed":["Strike_G"],"damage_healed":0,"gold_gain":0,"player_choice":"Forget","damage_taken":0,"max_hp_gain":0,"max_hp_loss":0,"event_name":"Living Wall","floor":11,"gold_loss":0},{"damage_healed":0,"gold_gain":0,"player_choice":"Left Gold","damage_taken":0,"max_hp_gain":0,"max_hp_loss":0,"event_name":"World of Goop","floor":12,"gold_loss":48}],"is_beta":false,"boss_relics":[],"items_purged_floors":[2],"is_endless":false,"potions_floor_spawned":[1,3,6,10],"killed_by":"The Guardian","ascension_level":10}