{"gold_per_floor":[113,38,38,49,63,63,63,78,78,78,6,6,23,38,38,142,142,160,160,160,175,175,175,90,104,104,115,115,115,15,33,33,137,137,149,24,24,24,24,41,41,51,76,86,98,98,110,128,128,128],"floor_reached":50,"playtime":3022,"items_purged":["Strike_G","Storm of Steel","Defend_G+1"],"score":461,"play_id":"d6c0e27f-552d-40f6-a4e5-1e7db072558a","local_time":"20190306151911","is_ascension_mode":false,"campfire_choices":[{"data":"Neutralize","floor":7,"key":"SMITH"},{"data":"Dagger Spray","floor":12,"key":"SMITH"},{"data":"Prepared","floor":15,"key":"SMITH"},{"data":"Bouncing Flask","floor":23,"key":"SMITH"},{"floor":29,"key":"REST"},{"floor":32,"key":"REST"},{"data":"Trip","floor":46,"key":"SMITH"},{"data":"Prepared","floor":49,"key":"SMITH"}],"neow_cost":"NONE","seed_source_timestamp":89147047943453,"circlet_count":0,"master_deck":["Defend_G+1","Defend_G+1","Defend_G+1","Defend_G+1","Survivor+1","Neutralize+1","PiercingWail+1","Deadly Poison+1","Prepared+1","Dagger Spray+1","Quick Slash+1","Backflip+1","Corpse Explosion+1","RitualDagger+1","Bouncing Flask+1","Tactician+1","Quick Slash+1","Burst+1","Backstab+1","Trip+1","Prepared+1","Underhanded Strike+1","Bane+1"],"relics":["Ring of the Snake","NeowsBlessing","Blood Vial","Busted Crown","Ninja Scroll","Molten Egg 2","Coffee Dripper","Mark of the Bloom","Centennial Puzzle"],"potions_floor_usage":[8,16,18,33,33,33,50,50,50],"damage_taken":[{"damage":0,"enemies":"Jaw Worm","floor":1,"turns":1},{"damage":0,"enemies":"Small Slimes","floor":4,"turns":1},{"damage":0,"enemies":"Cultist","floor":5,"turns":1},{"damage":0,"enemies":"Looter","floor":8,"turns":4},{"damage":3,"enemies":"Lots of Slimes","floor":13,"turns":3},{"damage":0,"enemies":"3 Louse","floor":14,"turns":2},{"damage":11,"enemies":"The Guardian","floor":16,"turns":15},{"damage":11,"enemies":"Spheric Guardian","floor":18,"turns":7},{"damage":4,"enemies":"2 Thieves","floor":21,"turns":3},{"damage":21,"enemies":"Snecko","floor":25,"turns":4},{"damage":16,"enemies":"Centurion and Healer","floor":27,"turns":6},{"damage":3,"enemies":"Snake Plant","floor":31,"turns":4},{"damage":60,"enemies":"Champ","floor":33,"turns":17},{"damage":14,"enemies":"3 Darklings","floor":35,"turns":4},{"damage":0,"enemies":"3 Shapes","floor":40,"turns":3},{"damage":0,"enemies":"Maw","floor":42,"turns":6},{"damage":0,"enemies":"4 Shapes","floor":44,"turns":3},{"damage":9,"enemies":"Spire Growth","floor":45,"turns":3},{"damage":1,"enemies":"Jaw Worm Horde","floor":47,"turns":4},{"damage":0,"enemies":"Sphere and 2 Shapes","floor":48,"turns":3},{"damage":57,"enemies":"Time Eater","floor":50,"turns":12}],"seed_played":"-13743708905473623","potions_obtained":[{"floor":5,"key":"Explosive Potion"},{"floor":8,"key":"Weak Potion"},{"floor":16,"key":"EssenceOfSteel"},{"floor":25,"key":"Block Potion"},{"floor":27,"key":"PowerPotion"},{"floor":31,"key":"AttackPotion"},{"floor":40,"key":"SteroidPotion"},{"floor":42,"key":"Block Potion"},{"floor":44,"key":"GhostInAJar"},{"floor":48,"key":"EssenceOfSteel"}],"is_trial":false,"path_per_floor":["M","$","?","M","M","?","R","M","T","?","$","R","M","M","R","B",null,"M","?","?","M","?","R","?","M","T","M","?","R","$","M","R","B",null,"M","$","?","?","?","M","?","M","T","M","M","R","M","M","R","B"],"character_chosen":"THE_SILENT","items_purchased":["Dagger Spray","Quick Slash"],"campfire_rested":2,"item_purchase_floors":[11,11],"current_hp_per_floor":[70,70,70,70,70,70,70,70,70,70,70,70,67,69,69,59,70,59,53,53,51,51,51,51,32,32,18,18,39,39,38,59,1,70,56,56,56,56,56,56,56,56,56,56,47,47,46,46,46,0],"gold":128,"neow_bonus":"THREE_ENEMY_KILL","is_prod":false,"is_daily":false,"chose_seed":false,"campfire_upgraded":6,"win_rate":0.0,"timestamp":1551881951,"path_taken":["M","$","?","M","M","?","R","?","T","?","$","R","?","M","R","BOSS","M","?","?","M","?","R","?","?","T","M","?","R","$","M","R","BOSS","M","$","?","?","?","M","?","?","T","M","M","R","M","M","R","BOSS"],"build_version":"2019-01-23","purchased_purges":3,"victory":false,"max_hp_per_floor":[70,70,70,70,70,70,70,70,70,70,70,70,70,70,70,70,70,70,70,70,70,70,70,70,70,70,70,70,70,70,70,70,70,70,70,70,66,66,66,66,66,66,66,66,66,66,66,66,66,66],"card_choices":[{"not_picked":["Quick Slash","Bane"],"picked":"PiercingWail","floor":1},{"not_picked":["Cloak And Dagger","Concentrate"],"picked":"Deadly Poison","floor":4},{"not_picked":["Bane","Underhanded Strike","PiercingWail"],"picked":"SKIP","floor":5},{"not_picked":["Caltrops","Flying Knee"],"picked":"Prepared","floor":8},{"not_picked":["Concentrate","Endless Agony"],"picked":"Backflip","floor":13},{"not_picked":["Underhanded Strike","Dodge and Roll","PiercingWail"],"picked":"SKIP","floor":14},{"not_picked":["Storm of Steel","Grand Finale"],"picked":"Corpse Explosion","floor":16},{"not_picked":["Sucker Punch"],"picked":"SKIP","floor":18},{"not_picked":["Sucker Punch"],"picked":"SKIP","floor":18},{"not_picked":["Setup"],"picked":"SKIP","floor":21},{"not_picked":["Acrobatics"],"picked":"SKIP","floor":25},{"not_picked":["Cloak And Dagger"],"picked":"SKIP","floor":27},{"not_picked":[],"picked":"Quick Slash+1","floor":31},{"not_picked":[],"picked":"Burst","floor":33},{"not_picked":["Dodge and Roll"],"picked":"SKIP","floor":35},{"not_picked":[],"picked":"Backstab+1","floor":40},{"not_picked":[],"picked":"Trip","floor":41},{"not_picked":[],"picked":"Prepared","floor":42},{"not_picked":[],"picked":"Underhanded Strike+1","floor":44},{"not_picked":[],"picked":"Bane+1","floor":45},{"not_picked":["Dodge and Roll+1"],"picked":"SKIP","floor":47},{"not_picked":["Cloak And Dagger"],"picked":"SKIP","floor":48}],"player_experience":82641,"relics_obtained":[{"floor":9,"key":"Blood Vial"},{"floor":26,"key":"Molten Egg 2"},{"floor":43,"key":"Centennial Puzzle"}],"event_choices":[{"cards_removed":["Strike_G"],"damage_healed":0,"gold_gain":0,"player_choice":"Forget","damage_taken":0,"max_hp_gain":0,"max_hp_loss":0,"event_name":"Living Wall","floor":3,"gold_loss":0},{"cards_removed":["Strike_G"],"damage_healed":0,"gold_gain":0,"player_choice":"Took Card","damage_taken":0,"max_hp_gain":0,"max_hp_loss":0,"event_name":"NoteForYourself","floor":6,"gold_loss":0,"cards_obtained":["Defend_G"]},{"damage_healed":0,"gold_gain":0,"player_choice":"Upgraded","damage_taken":0,"max_hp_gain":0,"max_hp_loss":0,"event_name":"Upgrade Shrine","floor":10,"gold_loss":0,"cards_upgraded":["Deadly Poison"]},{"damage_healed":0,"gold_gain":0,"player_choice":"Joined the Cult","damage_taken":6,"max_hp_gain":0,"max_hp_loss":0,"event_name":"Nest","floor":19,"gold_loss":0,"cards_obtained":["RitualDagger"]},{"damage_healed":0,"gold_gain":0,"player_choice":"Read","damage_taken":0,"max_hp_gain":0,"max_hp_loss":0,"event_name":"The Library","floor":20,"gold_loss":0,"cards_obtained":["Bouncing Flask"]},{"damage_healed":0,"gold_gain":0,"cards_transformed":["Strike_G","Strike_G"],"player_choice":"Became Test Subject","damage_taken":0,"max_hp_gain":0,"max_hp_loss":0,"event_name":"Drug Dealer","floor":22,"gold_loss":0,"cards_obtained":["Storm of Steel","Tactician"]},{"damage_healed":0,"gold_gain":0,"player_choice":"Obtained Relic","damage_taken":0,"relics_obtained":["Ninja Scroll"],"max_hp_gain":0,"max_hp_loss":0,"event_name":"Addict","floor":24,"gold_loss":85},{"damage_healed":0,"gold_gain":0,"player_choice":"Simplicity","damage_taken":0,"max_hp_gain":0,"max_hp_loss":0,"event_name":"Back to Basics","floor":28,"gold_loss":0,"cards_upgraded":["Defend_G","Defend_G","Defend_G","Defend_G","Defend_G","Defend_G"]},{"damage_healed":0,"gold_gain":0,"player_choice":"Max HP","damage_taken":0,"max_hp_gain":0,"max_hp_loss":4,"event_name":"Winding Halls","floor":37,"gold_loss":0},{"cards_removed":["Defend_G"],"damage_healed":0,"gold_gain":0,"player_choice":"Removed Skill","damage_taken":0,"max_hp_gain":0,"max_hp_loss":0,"event_name":"Falling","floor":38,"gold_loss":0},{"damage_healed":0,"gold_gain":0,"player_choice":"Upgrade","damage_taken":0,"relics_obtained":["Mark of the Bloom"],"max_hp_gain":0,"max_hp_loss":0,"event_name":"MindBloom","floor":39,"gold_loss":0,"cards_upgraded":["Survivor","PiercingWail","Quick Slash","Backflip","Corpse Explosion","RitualDagger","Tactician","Burst"]},{"damage_healed":0,"gold_gain":0,"player_choice":"Memory 1","damage_taken":0,"max_hp_gain":0,"max_hp_loss":0,"event_name":"SensoryStone","floor":41,"gold_loss":0}],"is_beta":false,"boss_relics":[{"not_picked":["Lizard Tail","Sozu"],"picked":"Busted Crown"},{"not_picked":["Velvet Choker","WristBlade"],"picked":"Coffee Dripper"}],"items_purged_floors":[2,30,36],"is_endless":false,"potions_floor_spawned":[5,8,16,25,27,31,40,42,44,48],"killed_by":"Time Eater","ascension_level":0}