{"gold_per_floor":[109,125,143,153,10,37,54,54,54,54,88,88,105,122,122,227],"floor_reached":16,"playtime":790,"items_purged":[],"score":238,"play_id":"b75459dc-db9b-4ae6-8d1e-096b1b488416","local_time":"20181227185407","is_ascension_mode":true,"campfire_choices":[{"data":"Armaments","floor":8,"key":"SMITH"},{"data":"Inflame","floor":15,"key":"SMITH"}],"neow_cost":"PERCENT_DAMAGE","seed_source_timestamp":9467543935819,"circlet_count":0,"master_deck":["Strike_R","Strike_R","Strike_R","Strike_R","Defend_R","Defend_R","Defend_R","Defend_R","Clothesline","Inflame+1","Flex","Sword Boomerang","Armaments+1","Parasite","Battle Trance+1","Pummel","Headbutt"],"relics":["Burning Blood","PreservedInsect","Bag of Marbles","Matryoshka"],"potions_floor_usage":[6,16],"damage_taken":[{"damage":2,"enemies":"2 Louse","floor":1,"turns":5},{"damage":5,"enemies":"Small Slimes","floor":2,"turns":4},{"damage":1,"enemies":"Cultist","floor":3,"turns":4},{"damage":15,"enemies":"Blue Slaver","floor":4,"turns":5},{"damage":10,"enemies":"Lagavulin","floor":6,"turns":7},{"damage":7,"enemies":"Looter","floor":7,"turns":3},{"damage":24,"enemies":"Gremlin Nob","floor":11,"turns":4},{"damage":9,"enemies":"Red Slaver","floor":13,"turns":3},{"damage":5,"enemies":"Large Slime","floor":14,"turns":4},{"damage":37,"enemies":"Slime Boss","floor":16,"turns":9}],"seed_played":"6473070257894603903","potions_obtained":[{"floor":2,"key":"Explosive Potion"},{"floor":3,"key":"SpeedPotion"},{"floor":6,"key":"Ancient Potion"},{"floor":13,"key":"LiquidBronze"},{"floor":16,"key":"SneckoOil"}],"is_trial":false,"path_per_floor":["M","M","M","M","$","E","M","R","T","?","E","?","M","M","R","B"],"character_chosen":"IRONCLAD","items_purchased":["PreservedInsect"],"campfire_rested":0,"item_purchase_floors":[5],"current_hp_per_floor":[55,56,61,52,52,48,47,47,47,67,49,49,46,47,47,16],"gold":227,"neow_bonus":"REMOVE_TWO","is_prod":false,"is_daily":false,"chose_seed":false,"campfire_upgraded":2,"win_rate":0,"timestamp":1545944047,"path_taken":["M","M","M","M","$","E","M","R","T","?","E","?","?","M","R","BOSS"],"build_version":"2018-12-20","purchased_purges":0,"victory":false,"max_hp_per_floor":[80,80,80,80,80,80,80,80,80,80,80,80,80,80,80,80],"card_choices":[{"not_picked":["Warcry","Bloodletting"],"picked":"Clothesline","floor":1},{"not_picked":["Havoc","Wild Strike"],"picked":"Inflame","floor":2},{"not_picked":["Pommel Strike","Sentinel"],"picked":"Flex","floor":3},{"not_picked":["Body Slam","Anger","True Grit"],"picked":"SKIP","floor":4},{"not_picked":["Berserk","Shockwave"],"picked":"Sword Boomerang","floor":6},{"not_picked":["Dropkick","Cleave"],"picked":"Armaments","floor":7},{"not_picked":["Thunderclap","Searing Blow"],"picked":"Battle Trance","floor":11},{"not_picked":["Corruption","Bloodletting"],"picked":"Pummel","floor":13},{"not_picked":["Wild Strike","Twin Strike"],"picked":"Headbutt","floor":14}],"player_experience":645180,"relics_obtained":[{"floor":6,"key":"Bag of Marbles"},{"floor":11,"key":"Matryoshka"}],"event_choices":[{"damage_healed":20,"gold_gain":0,"player_choice":"Healed and dodged fight","damage_taken":0,"max_hp_gain":0,"max_hp_loss":0,"event_name":"Mushrooms","floor":10,"gold_loss":0,"cards_obtained":["Parasite"]},{"damage_healed":0,"gold_gain":0,"player_choice":"Upgraded","damage_taken":0,"max_hp_gain":0,"max_hp_loss":0,"event_name":"Upgrade Shrine","floor":12,"gold_loss":0,"cards_upgraded":["Battle Trance"]}],"is_beta":false,"boss_relics":[],"items_purged_floors":[],"is_endless":false,"potions_floor_spawned":[2,3,6,13,16],"killed_by":"Slime Boss","ascension_level":9}