{"gold_per_floor":[117,117,130,130,130,170,170,195,195,195,228,247,247,263,263,383,383,399,413,512,512,531,531,549,549,572,572,697,713,20,120,120,248,248,262,595,614,630,630,630,630,630,630,630,630,657,657,71,71,71,71,71,13,41,41],"floor_reached":56,"playtime":2617,"items_purged":["Shame"],"score":1231,"play_id":"23bcef96-790e-428c-9cb0-3211adefbf2d","local_time":"20190214210022","is_ascension_mode":false,"campfire_choices":[{"floor":7,"key":"REST"},{"floor":13,"key":"REST"},{"floor":15,"key":"REST"},{"floor":23,"key":"RECALL"},{"data":"Hologram","floor":25,"key":"SMITH"},{"data":"Blizzard","floor":27,"key":"SMITH"},{"floor":32,"key":"REST"},{"data":"Hologram","floor":40,"key":"SMITH"},{"data":"Dualcast","floor":42,"key":"SMITH"},{"data":"Beam Cell","floor":45,"key":"SMITH"},{"floor":47,"key":"REST"},{"data":"Transmutation","floor":49,"key":"SMITH"},{"data":"Scrape","floor":52,"key":"SMITH"}],"neow_cost":"NONE","seed_source_timestamp":130202766153304,"circlet_count":0,"master_deck":["Strike_B","Strike_B","Strike_B","Defend_B","Defend_B","Defend_B","Defend_B","Zap","Dualcast+1","Beam Cell+1","Ball Lightning","BootSequence","Hologram+1","Gash","Machine Learning+1","Echo Form+1","Blizzard+1","Gash","Cold Snap","Rebound+1","Flash of Steel","Chill","Capacitor+1","Self Repair+1","Hologram+1","All For One","Gash+1","Clumsy","FTL+1","Defragment+1","Defragment+1","Scrape+1","Finesse","Transmutation+1","Blind"],"relics":["FrozenCore","Vajra","Frozen Egg 2","DataDisk","Happy Flower","Incense Burner","The Courier","Membership Card","Emotion Chip","Meat on the Bone","Gremlin Horn","Cursed Key","Calipers","Du-Vu Doll","PreservedInsect","Runic Capacitor","Bag of Preparation","Mummified Hand","Strawberry","Oddly Smooth Stone"],"potions_floor_usage":[22,28,28,38,46,50,50,50,55],"damage_taken":[{"damage":3,"enemies":"Small Slimes","floor":1,"turns":3},{"damage":11,"enemies":"Jaw Worm","floor":3,"turns":3},{"damage":35,"enemies":"3 Sentries","floor":6,"turns":6},{"damage":0,"enemies":"2 Louse","floor":8,"turns":2},{"damage":8,"enemies":"Gremlin Nob","floor":11,"turns":4},{"damage":2,"enemies":"Large Slime","floor":12,"turns":4},{"damage":0,"enemies":"3 Louse","floor":14,"turns":3},{"damage":38,"enemies":"Hexaghost","floor":16,"turns":7},{"damage":1,"enemies":"Shell Parasite","floor":18,"turns":6},{"damage":0,"enemies":"Chosen","floor":19,"turns":5},{"damage":0,"enemies":"Snake Plant","floor":22,"turns":6},{"damage":0,"enemies":"Centurion and Healer","floor":24,"turns":8},{"damage":18,"enemies":"Colosseum Slavers","floor":28,"turns":5},{"damage":19,"enemies":"Colosseum Nobs","floor":28,"turns":6},{"damage":10,"enemies":"Cultist and Chosen","floor":29,"turns":5},{"damage":41,"enemies":"Collector","floor":33,"turns":9},{"damage":19,"enemies":"3 Darklings","floor":35,"turns":4},{"damage":0,"enemies":"Orb Walker","floor":37,"turns":2},{"damage":6,"enemies":"Jaw Worm Horde","floor":38,"turns":5},{"damage":35,"enemies":"Reptomancer","floor":46,"turns":5},{"damage":14,"enemies":"Donu and Deca","floor":50,"turns":6},{"damage":20,"enemies":"Shield and Spear","floor":54,"turns":4},{"damage":12,"enemies":"The Heart","floor":55,"turns":10}],"seed_played":"-5464227439474193288","potions_obtained":[{"floor":3,"key":"FearPotion"},{"floor":6,"key":"Dexterity Potion"},{"floor":12,"key":"Block Potion"},{"floor":22,"key":"Ancient Potion"},{"floor":28,"key":"GamblersBrew"},{"floor":35,"key":"FocusPotion"},{"floor":38,"key":"Strength Potion"}],"is_trial":false,"path_per_floor":["M","?","M","?","?","E","R","M","T","?","E","M","R","M","R","B",null,"M","M","?","?","M","R","M","R","T","R","?","M","$","?","R","B",null,"M","?","M","M","?","R","?","R","T","T","R","E","R","$","R","B",null,"R","$","E","B",null],"character_chosen":"DEFECT","items_purchased":["Flash of Steel","Chill","Membership Card","Emotion Chip","Capacitor+1","Self Repair+1","Meat on the Bone","Gremlin Horn","Hologram","Runic Capacitor","Defragment+1","Defragment+1","Scrape","Bag of Preparation","Mummified Hand","Strawberry","Finesse","Transmutation","Blind","FearPotion","SkillPotion","AttackPotion","PowerPotion"],"campfire_rested":5,"item_purchase_floors":[30,30,30,30,30,30,30,30,30,48,48,48,48,48,48,48,48,48,48,48,53,53,53],"current_hp_per_floor":[72,72,61,43,48,13,37,37,37,37,29,27,51,51,75,37,80,79,79,79,79,79,79,79,79,79,79,42,32,32,32,56,37,80,71,71,71,75,75,75,75,75,75,75,75,62,80,87,87,73,87,87,87,77,75],"gold":41,"neow_bonus":"RANDOM_COMMON_RELIC","is_prod":false,"is_daily":false,"chose_seed":false,"campfire_upgraded":7,"win_rate":0,"timestamp":1550214022,"path_taken":["M","?","M","?","?","E","R","M","T","?","E","M","R","M","R","BOSS","M","M","?","?","M","R","M","R","T","R","?","M","$","?","R","BOSS","M","?","M","M","?","R","?","R","T","?","R","E","R","$","R","BOSS","R","$","E","BOSS"],"build_version":"2019-01-23","purchased_purges":1,"victory":true,"max_hp_per_floor":[75,75,75,75,80,80,80,80,80,80,80,80,80,80,80,80,80,80,80,80,80,80,80,80,80,80,80,80,80,80,80,80,80,80,80,80,80,80,80,80,80,80,80,80,80,80,80,87,87,87,87,87,87,87,87],"card_choices":[{"not_picked":["Leap","Chill"],"picked":"Beam Cell","floor":1},{"not_picked":["Redo","Rainbow","Reinforced Body"],"picked":"SKIP","floor":3},{"not_picked":["Rebound","Aggregate","Coolheaded"],"picked":"SKIP","floor":6},{"not_picked":["Barrage","Beam Cell"],"picked":"BootSequence","floor":8},{"not_picked":["Genetic Algorithm","Heatsinks+1"],"picked":"Hologram","floor":11},{"not_picked":["Go for the Eyes","Compile Driver"],"picked":"Gash","floor":12},{"not_picked":["Double Energy","Beam Cell"],"picked":"Machine Learning+1","floor":14},{"not_picked":["Hyperbeam","Electrodynamics+1"],"picked":"Echo Form+1","floor":16},{"not_picked":["Compile Driver","Cold Snap"],"picked":"Redo+1","floor":18},{"not_picked":["Self Repair+1","Coolheaded"],"picked":"Blizzard","floor":19},{"not_picked":["Ball Lightning","Turbo","BootSequence"],"picked":"SKIP","floor":22},{"not_picked":["Genetic Algorithm","Tempest"],"picked":"Cold Snap","floor":24},{"not_picked":["Turbo+1","Beam Cell"],"picked":"Rebound+1","floor":28},{"not_picked":["Steam","Steam Power","Static Discharge+1"],"picked":"SKIP","floor":29},{"not_picked":["Echo Form+1","Core Surge"],"picked":"All For One","floor":33},{"not_picked":["Compile Driver+1","Turbo+1","Conserve Battery+1"],"picked":"SKIP","floor":35},{"not_picked":["Tempest+1","Ball Lightning","Aggregate+1"],"picked":"SKIP","floor":37},{"not_picked":["Steam+1","Beam Cell+1"],"picked":"Gash+1","floor":38},{"not_picked":["Double Energy+1","Stack"],"picked":"FTL+1","floor":46},{"not_picked":["Steam+1","Streamline","Rip and Tear"],"picked":"SKIP","floor":54}],"player_experience":436835,"relics_obtained":[{"floor":6,"key":"Frozen Egg 2"},{"floor":9,"key":"DataDisk"},{"floor":11,"key":"Happy Flower"},{"floor":28,"key":"Incense Burner"},{"floor":28,"key":"The Courier"},{"floor":43,"key":"Calipers"},{"floor":44,"key":"Du-Vu Doll"},{"floor":46,"key":"PreservedInsect"},{"floor":54,"key":"Oddly Smooth Stone"}],"event_choices":[{"damage_healed":0,"gold_gain":0,"cards_transformed":["Strike_B"],"player_choice":"Change","damage_taken":0,"max_hp_gain":0,"max_hp_loss":0,"event_name":"Living Wall","floor":2,"gold_loss":0,"cards_obtained":["Ball Lightning"]},{"damage_healed":0,"gold_gain":0,"player_choice":"Take Damage","damage_taken":18,"relics_obtained":["Golden Idol"],"max_hp_gain":0,"max_hp_loss":0,"event_name":"Golden Idol","floor":4,"gold_loss":0},{"damage_healed":0,"gold_gain":0,"player_choice":"Donut","damage_taken":0,"max_hp_gain":5,"max_hp_loss":0,"event_name":"Big Fish","floor":5,"gold_loss":0},{"damage_healed":0,"gold_gain":0,"player_choice":"Ignored","damage_taken":0,"max_hp_gain":0,"max_hp_loss":0,"event_name":"Golden Wing","floor":10,"gold_loss":0},{"damage_healed":0,"gold_gain":99,"player_choice":"Stole From Cult","damage_taken":0,"max_hp_gain":0,"max_hp_loss":0,"event_name":"Nest","floor":20,"gold_loss":0},{"damage_healed":0,"gold_gain":0,"player_choice":"Read","damage_taken":0,"max_hp_gain":0,"max_hp_loss":0,"event_name":"The Library","floor":21,"gold_loss":0,"cards_obtained":["Gash"]},{"damage_healed":0,"gold_gain":0,"player_choice":"Fight","damage_taken":0,"max_hp_gain":0,"max_hp_loss":0,"event_name":"Colosseum","floor":28,"gold_loss":0},{"damage_healed":0,"gold_gain":0,"player_choice":"Fought Nobs","damage_taken":0,"max_hp_gain":0,"max_hp_loss":0,"event_name":"Colosseum","floor":28,"gold_loss":0},{"damage_healed":0,"gold_gain":100,"player_choice":"Pray","damage_taken":0,"max_hp_gain":0,"max_hp_loss":0,"event_name":"Golden Shrine","floor":31,"gold_loss":0},{"damage_healed":0,"gold_gain":333,"player_choice":"Gave Idol","damage_taken":0,"max_hp_gain":0,"max_hp_loss":0,"event_name":"The Moai Head","floor":36,"relics_lost":["Golden Idol"],"gold_loss":0},{"cards_removed":["Redo"],"damage_healed":0,"gold_gain":0,"player_choice":"Removed Skill","damage_taken":0,"max_hp_gain":0,"max_hp_loss":0,"event_name":"Falling","floor":39,"gold_loss":0},{"damage_healed":0,"gold_gain":0,"player_choice":"Ignored","damage_taken":0,"max_hp_gain":0,"max_hp_loss":0,"event_name":"Tomb of Lord Red Mask","floor":41,"gold_loss":0}],"is_beta":false,"boss_relics":[{"not_picked":["Sozu","Velvet Choker"],"picked":"FrozenCore"},{"not_picked":["Empty Cage","White Beast Statue"],"picked":"Cursed Key"}],"items_purged_floors":[48],"is_endless":false,"potions_floor_spawned":[3,6,12,14,22,24,28,35,38,54],"ascension_level":0}