{"gold_per_floor":[113,130,130,100,114,114,36,53,80,94,104,138,152,221,221,317,317,327,108,128,128,128,128],"floor_reached":23,"playtime":822,"items_purged":["Doubt"],"score":193,"play_id":"a8951796-7ce5-48b5-88cb-f9b9d2b2c052","local_time":"20190128145557","is_ascension_mode":false,"campfire_choices":[{"floor":6,"key":"RECALL"},{"floor":15,"key":"REST"}],"neow_cost":"NONE","seed_source_timestamp":802707075605575,"circlet_count":0,"master_deck":["Strike_R","Strike_R","Strike_R","Strike_R","Strike_R","Defend_R","Defend_R+1","Defend_R","Defend_R","Bash+1","Cleave","Double Tap+1","Heavy Blade","Armaments","Sword Boomerang","Pummel","Inflame","Shame","Writhe","Necronomicurse"],"relics":["Burning Blood","Vajra","Calling Bell","War Paint","Meat on the Bone","Ice Cream","PreservedInsect","Necronomicon","Unceasing Top"],"potions_floor_usage":[5,8,13,16,16,16,18,23],"damage_taken":[{"damage":1,"enemies":"Cultist","floor":1,"turns":4},{"damage":2,"enemies":"2 Louse","floor":2,"turns":3},{"damage":7,"enemies":"Small Slimes","floor":5,"turns":3},{"damage":12,"enemies":"Exordium Thugs","floor":8,"turns":3},{"damage":22,"enemies":"Large Slime","floor":10,"turns":6},{"damage":12,"enemies":"2 Fungi Beasts","floor":11,"turns":3},{"damage":40,"enemies":"Lagavulin","floor":12,"turns":6},{"damage":0,"enemies":"Lots of Slimes","floor":13,"turns":1},{"damage":37,"enemies":"The Guardian","floor":16,"turns":10},{"damage":17,"enemies":"3 Byrds","floor":18,"turns":7},{"damage":31,"enemies":"Shell Parasite","floor":20,"turns":5},{"damage":39,"enemies":"Slavers","floor":23,"turns":2}],"seed_played":"-1850736656014698878","potions_obtained":[{"floor":2,"key":"FearPotion"},{"floor":4,"key":"AttackPotion"},{"floor":4,"key":"SteroidPotion"},{"floor":10,"key":"EssenceOfSteel"},{"floor":11,"key":"Explosive Potion"},{"floor":13,"key":"Weak Potion"},{"floor":16,"key":"SpeedPotion"},{"floor":18,"key":"Ancient Potion"}],"is_trial":false,"path_per_floor":["M","M","?","?","M","R","$","M","T","M","M","E","M","?","R","B",null,"M","$","M","?","?","E"],"character_chosen":"IRONCLAD","items_purchased":["Double Tap","PreservedInsect"],"campfire_rested":1,"item_purchase_floors":[7,19],"current_hp_per_floor":[88,88,88,88,87,87,87,81,81,65,59,25,31,31,57,26,88,77,77,52,36,36,0],"gold":128,"neow_bonus":"TEN_PERCENT_HP_BONUS","is_prod":false,"is_daily":false,"chose_seed":false,"campfire_upgraded":0,"win_rate":0,"timestamp":1548723357,"path_taken":["M","?","?","?","?","R","$","M","T","M","M","E","M","?","R","BOSS","M","$","M","?","?","E"],"build_version":"2019-01-23","purchased_purges":1,"victory":false,"max_hp_per_floor":[88,88,88,88,88,88,88,88,88,88,88,88,88,88,88,88,88,88,88,88,88,88,88],"card_choices":[{"not_picked":["Iron Wave","Wild Strike","Clothesline"],"picked":"SKIP","floor":1},{"not_picked":["Twin Strike","Sword Boomerang"],"picked":"Cleave","floor":2},{"not_picked":["Perfected Strike","Power Through","Barricade"],"picked":"SKIP","floor":5},{"not_picked":["Armaments","Shrug It Off"],"picked":"Heavy Blade","floor":8},{"not_picked":["Iron Wave","Havoc"],"picked":"Armaments","floor":10},{"not_picked":["Carnage","Feel No Pain"],"picked":"Sword Boomerang","floor":11},{"not_picked":["Shrug It Off","Immolate"],"picked":"Pummel","floor":12},{"not_picked":["Uppercut","Havoc"],"picked":"Inflame","floor":13},{"not_picked":["Cleave+1","Clothesline","Dropkick+1"],"picked":"SKIP","floor":18},{"not_picked":["Havoc","Iron Wave"],"picked":"Body Slam+1","floor":20}],"player_experience":387372,"relics_obtained":[{"floor":12,"key":"Vajra"},{"floor":17,"key":"War Paint"},{"floor":17,"key":"Meat on the Bone"},{"floor":17,"key":"Ice Cream"},{"floor":21,"key":"Necronomicon"}],"event_choices":[{"damage_healed":0,"gold_gain":0,"player_choice":"Grow","damage_taken":0,"max_hp_gain":0,"max_hp_loss":0,"event_name":"Living Wall","floor":3,"gold_loss":0,"cards_upgraded":["Bash"]},{"damage_healed":0,"gold_gain":0,"player_choice":"Bought 2 Potions","damage_taken":0,"max_hp_gain":0,"max_hp_loss":0,"event_name":"The Woman in Blue","floor":4,"gold_loss":0},{"damage_healed":0,"gold_gain":69,"player_choice":"Gained Gold","damage_taken":0,"max_hp_gain":0,"max_hp_loss":0,"event_name":"Golden Wing","floor":14,"gold_loss":0},{"damage_healed":0,"gold_gain":0,"player_choice":"Obtained Book","damage_taken":16,"max_hp_gain":0,"max_hp_loss":0,"event_name":"Cursed Tome","floor":21,"gold_loss":0},{"cards_removed":["Body Slam"],"damage_healed":0,"gold_gain":0,"player_choice":"Gave Card","damage_taken":0,"relics_obtained":["Unceasing Top"],"max_hp_gain":0,"max_hp_loss":0,"event_name":"WeMeetAgain","floor":22,"gold_loss":0}],"is_beta":false,"boss_relics":[{"not_picked":["Cursed Key","Velvet Choker"],"picked":"Calling Bell"}],"items_purged_floors":[19],"is_endless":false,"potions_floor_spawned":[2,10,11,13,16,18],"killed_by":"Slavers","ascension_level":0}