{"gold_per_floor":[119,130,150,39,49,49,4,4,4,14,14,30,30,30,30,132,132,146,146,146,166,86,86,98,98,175,190,206,206,218,237,237,341,341,355,369,77,77,92,92,107,107,107,123,141,141,16,16,16,16],"floor_reached":51,"playtime":3595,"items_purged":["Strike_G","Concentrate","Defend_G"],"score":618,"play_id":"e3e15996-1b7f-4e30-aad8-15ddb38c4818","local_time":"20190307201818","is_ascension_mode":false,"campfire_choices":[{"data":"After Image","floor":6,"key":"SMITH"},{"data":"Dagger Spray","floor":8,"key":"SMITH"},{"data":"Bouncing Flask","floor":15,"key":"SMITH"},{"data":"Footwork","floor":23,"key":"SMITH"},{"data":"Deflect","floor":25,"key":"SMITH"},{"data":"Escape Plan","floor":29,"key":"SMITH"},{"floor":32,"key":"REST"},{"data":"Adrenaline","floor":40,"key":"SMITH"},{"data":"Neutralize","floor":42,"key":"SMITH"},{"data":"Well Laid Plans","floor":46,"key":"SMITH"},{"floor":49,"key":"REST"}],"neow_cost":"NONE","seed_source_timestamp":192911618055856,"circlet_count":0,"master_deck":["Defend_G","Defend_G","Defend_G","Survivor","Neutralize+1","After Image+1","Bouncing Flask+1","Deflect+1","Well Laid Plans+1","Dagger Spray+1","Bouncing Flask","Grand Finale","RitualDagger","Slice+1","Footwork+1","Escape Plan+1","Dash+1","Adrenaline+1","Dagger Spray","Prepared+1","Flash of Steel","Impatience","Jack Of All Trades","Parasite","Prepared","Prepared"],"relics":["Ring of the Snake","Happy Flower","Empty Cage","Dodecahedron","Sozu","TheAbacus","Centennial Puzzle"],"potions_floor_usage":[33,33,33],"damage_taken":[{"damage":0,"enemies":"Cultist","floor":1,"turns":5},{"damage":0,"enemies":"Jaw Worm","floor":2,"turns":5},{"damage":0,"enemies":"Small Slimes","floor":3,"turns":3},{"damage":0,"enemies":"Exordium Wildlife","floor":5,"turns":6},{"damage":0,"enemies":"Lots of Slimes","floor":10,"turns":1},{"damage":0,"enemies":"Looter","floor":12,"turns":3},{"damage":11,"enemies":"Slime Boss","floor":16,"turns":10},{"damage":5,"enemies":"Spheric Guardian","floor":18,"turns":4},{"damage":14,"enemies":"Chosen","floor":21,"turns":5},{"damage":12,"enemies":"Snake Plant","floor":24,"turns":5},{"damage":0,"enemies":"Centurion and Healer","floor":27,"turns":3},{"damage":9,"enemies":"3 Cultists","floor":28,"turns":6},{"damage":5,"enemies":"Snake Plant","floor":30,"turns":3},{"damage":0,"enemies":"Cultist and Chosen","floor":31,"turns":4},{"damage":12,"enemies":"Automaton","floor":33,"turns":12},{"damage":0,"enemies":"3 Darklings","floor":35,"turns":3},{"damage":6,"enemies":"Orb Walker","floor":36,"turns":5},{"damage":3,"enemies":"4 Shapes","floor":39,"turns":7},{"damage":0,"enemies":"Writhing Mass","floor":41,"turns":6},{"damage":12,"enemies":"3 Darklings","floor":44,"turns":5},{"damage":2,"enemies":"Transient","floor":45,"turns":5},{"damage":15,"enemies":"Awakened One","floor":50,"turns":16}],"seed_played":"851891016710184835","potions_obtained":[{"floor":5,"key":"GamblersBrew"},{"floor":18,"key":"Dexterity Potion"},{"floor":21,"key":"Poison Potion"},{"floor":28,"key":"Poison Potion"}],"is_trial":false,"path_per_floor":["M","M","M","$","M","R","$","R","T","M","$","M","?","$","R","B",null,"M","?","?","M","$","R","M","R","T","M","M","R","M","M","R","B",null,"M","M","$","?","M","R","M","R","T","M","M","R","$","?","R","B",null],"character_chosen":"THE_SILENT","items_purchased":["Well Laid Plans","Dagger Spray","Footwork","TheAbacus"],"campfire_rested":2,"item_purchase_floors":[4,7,22,37],"current_hp_per_floor":[70,70,70,70,70,70,70,70,70,70,70,70,63,63,63,52,70,65,59,59,45,45,45,33,33,33,33,24,24,19,19,40,28,70,70,64,64,54,51,51,51,51,51,39,37,37,37,37,58,43],"gold":16,"neow_bonus":"TRANSFORM_CARD","is_prod":false,"is_daily":false,"chose_seed":false,"campfire_upgraded":9,"win_rate":0.0,"timestamp":1551986298,"path_taken":["M","M","M","$","M","R","$","R","T","M","?","?","?","$","R","BOSS","M","?","?","M","$","R","M","R","T","M","M","R","M","?","R","BOSS","M","M","$","?","M","R","M","R","T","M","M","R","$","?","R","BOSS"],"build_version":"2019-01-23","purchased_purges":3,"victory":true,"max_hp_per_floor":[70,70,70,70,70,70,70,70,70,70,70,70,70,70,70,70,70,70,70,70,70,70,70,70,70,70,70,70,70,70,70,70,70,70,70,70,70,70,70,70,70,70,70,70,70,70,70,70,70,70],"card_choices":[{"not_picked":["Acrobatics","PiercingWail"],"picked":"Bouncing Flask","floor":1},{"not_picked":["Sucker Punch","Slice"],"picked":"Deflect","floor":2},{"not_picked":["Flechettes","Terror","Quick Slash"],"picked":"SKIP","floor":3},{"not_picked":["Blade Dance","Flechettes","Venomology"],"picked":"SKIP","floor":5},{"not_picked":["Sucker Punch","Dodge and Roll"],"picked":"Bouncing Flask","floor":10},{"not_picked":["Terror","Expertise","PiercingWail"],"picked":"SKIP","floor":12},{"not_picked":["Unload","Venomology"],"picked":"Grand Finale","floor":16},{"not_picked":["Cloak And Dagger","Riddle With Holes"],"picked":"Concentrate","floor":18},{"not_picked":["Underhanded Strike","Dagger Throw"],"picked":"Slice+1","floor":21},{"not_picked":["PiercingWail","Poisoned Stab","Underhanded Strike"],"picked":"SKIP","floor":24},{"not_picked":["Accuracy","Bane","Tactician"],"picked":"SKIP","floor":27},{"not_picked":["Dodge and Roll","Outmaneuver"],"picked":"Escape Plan","floor":28},{"not_picked":["Poisoned Stab","Dagger Throw","Heel Hook"],"picked":"SKIP","floor":30},{"not_picked":["Terror+1","Masterful Stab"],"picked":"Dash+1","floor":31},{"not_picked":["Bullet Time","Doppelganger"],"picked":"Adrenaline","floor":33},{"not_picked":["Infinite Blades+1","Expertise+1"],"picked":"Dagger Spray","floor":35},{"not_picked":["Dash","Poisoned Stab+1"],"picked":"Prepared+1","floor":36},{"not_picked":["Impatience","Swift Strike"],"picked":"Flash of Steel","floor":38},{"not_picked":["Jack Of All Trades","Enlightenment"],"picked":"Impatience","floor":38},{"not_picked":["Metamorphosis","Purity"],"picked":"Jack Of All Trades","floor":38},{"not_picked":["Sucker Punch+1","Dagger Throw","Bouncing Flask"],"picked":"SKIP","floor":39},{"not_picked":["Well Laid Plans","Slice","Blade Dance"],"picked":"SKIP","floor":41},{"not_picked":["Distraction","Acrobatics+1"],"picked":"Prepared","floor":44},{"not_picked":["Storm of Steel","Slice+1"],"picked":"Prepared","floor":45}],"player_experience":97566,"relics_obtained":[{"floor":9,"key":"Happy Flower"},{"floor":26,"key":"Dodecahedron"},{"floor":43,"key":"Centennial Puzzle"}],"event_choices":[{"cards_removed":["Strike_G"],"damage_healed":0,"gold_gain":0,"player_choice":"Card Removal","damage_taken":7,"max_hp_gain":0,"max_hp_loss":0,"event_name":"Golden Wing","floor":13,"gold_loss":0},{"damage_healed":0,"gold_gain":0,"player_choice":"Joined the Cult","damage_taken":6,"max_hp_gain":0,"max_hp_loss":0,"event_name":"Nest","floor":19,"gold_loss":0,"cards_obtained":["RitualDagger"]},{"cards_removed":["Defend_G"],"damage_healed":0,"gold_gain":0,"player_choice":"Card Removal","damage_taken":0,"max_hp_gain":0,"max_hp_loss":0,"event_name":"Wheel of Change","floor":20,"gold_loss":0},{"damage_healed":0,"gold_gain":0,"player_choice":"Memory 3","damage_taken":10,"max_hp_gain":0,"max_hp_loss":0,"event_name":"SensoryStone","floor":38,"gold_loss":0},{"damage_healed":0,"gold_gain":0,"player_choice":"Ignored","damage_taken":0,"max_hp_gain":0,"max_hp_loss":0,"event_name":"Mysterious Sphere","floor":48,"gold_loss":0}],"is_beta":false,"boss_relics":[{"not_picked":["Calling Bell","Black Star"],"picked":"Empty Cage"},{"not_picked":["Orrery","Snecko Eye"],"picked":"Sozu"}],"items_purged_floors":[4,37,47],"is_endless":false,"potions_floor_spawned":[5,18,21,28,30,41,45],"ascension_level":0}