{"gold_per_floor":[113,113,123,134,234,265,265,276,300,300,313,327,327,362,362,486,486,506,506,336,360,116,152,152,167,167,207,230,230,5,45,45,171,171,196,217,342,342,342,342,377,377,377,377,400,400,136,151,151,151,151,151,101,136,136],"floor_reached":56,"playtime":2205,"items_purged":["Strike_B","Strike_B"],"score":1565,"play_id":"eaf6b8bb-7a7d-40ef-bc42-6d6c07b73097","local_time":"20181219221510","is_ascension_mode":true,"campfire_choices":[{"floor":7.0,"key":"REST"},{"floor":15.0,"key":"REST"},{"data":"Apotheosis","floor":24.0,"key":"SMITH"},{"floor":29,"key":"REST"},{"data":"Defragment","floor":32,"key":"SMITH"},{"floor":40,"key":"RECALL"},{"floor":42,"key":"DIG"},{"floor":44,"key":"DIG"},{"floor":49,"key":"DIG"},{"floor":52,"key":"DIG"}],"neow_cost":"NONE","seed_source_timestamp":8570404950260,"circlet_count":0,"master_deck":["Strike_B","Strike_B","Defend_B","Defend_B","Defend_B","Defend_B","Zap","Dualcast","Go for the Eyes","Streamline","Cold Snap","Sunder","Machine Learning","Creative AI","Conserve Battery+1","Apotheosis+1","Glacier+1","Seek","Defragment+1","Buffer","Conserve Battery+1","Storm","Creative AI"],"special_seed":0,"relics":["Cracked Core","Smiling Mask","Anchor","Golden Idol","Mercury Hourglass","PreservedInsect","Sozu","Question Card","Boot","Pantograph","Symbiotic Virus","Bronze Scales","Blood Vial","Busted Crown","Shovel","Regal Pillow","Dead Branch","Torii","The Courier","Runic Capacitor","Bird Faced Urn","Bottled Lightning","Letter Opener"],"potions_floor_usage":[50],"damage_taken":[{"damage":4.0,"enemies":"Jaw Worm","floor":1.0,"turns":4.0},{"damage":0.0,"enemies":"Cultist","floor":3.0,"turns":3.0},{"damage":0.0,"enemies":"2 Louse","floor":4.0,"turns":2.0},{"damage":30.0,"enemies":"Gremlin Nob","floor":6.0,"turns":4.0},{"damage":6.0,"enemies":"Blue Slaver","floor":8.0,"turns":4.0},{"damage":1.0,"enemies":"Exordium Wildlife","floor":11.0,"turns":4.0},{"damage":0.0,"enemies":"Exordium Thugs","floor":12.0,"turns":3.0},{"damage":35.0,"enemies":"Lagavulin","floor":14.0,"turns":6.0},{"damage":29.0,"enemies":"The Guardian","floor":16.0,"turns":11.0},{"damage":24.0,"enemies":"Spheric Guardian","floor":18.0,"turns":4.0},{"damage":13.0,"enemies":"3 Byrds","floor":21.0,"turns":4.0},{"damage":12.0,"enemies":"Slavers","floor":23.0,"turns":4.0},{"damage":7.0,"enemies":"Snecko","floor":25.0,"turns":5.0},{"damage":3.0,"enemies":"Gremlin Leader","floor":27.0,"turns":6.0},{"damage":0,"enemies":"Snake Plant","floor":28,"turns":4},{"damage":10,"enemies":"Slavers","floor":31,"turns":3},{"damage":20,"enemies":"Collector","floor":33,"turns":11},{"damage":11,"enemies":"Orb Walker","floor":35,"turns":3},{"damage":0,"enemies":"3 Darklings","floor":36,"turns":4},{"damage":0,"enemies":"Mind Bloom Boss Battle","floor":37,"turns":7},{"damage":0,"enemies":"Giant Head","floor":41,"turns":8},{"damage":0,"enemies":"Sphere and 2 Shapes","floor":45,"turns":4},{"damage":6,"enemies":"Writhing Mass","floor":48,"turns":5},{"damage":31,"enemies":"Time Eater","floor":50,"turns":11},{"damage":84,"enemies":"Shield and Spear","floor":54,"turns":9},{"damage":28,"enemies":"The Heart","floor":55,"turns":8}],"seed_played":"7627502032189202274","potions_obtained":[{"floor":0.0,"key":"FairyPotion"},{"floor":0.0,"key":"Regen Potion"},{"floor":0.0,"key":"SkillPotion"},{"floor":1.0,"key":"FairyPotion"},{"floor":14.0,"key":"EssenceOfSteel"}],"is_trial":false,"path_per_floor":["M","?","M","M","?","E","R","M","T","?","M","M","T","E","R","B",null,"M","?","$","M","$","E","R","M","T","E","M","R","$","E","R","B",null,"M","M","?","?","T","R","E","R","T","R","M","?","$","M","R","B",null,"R","$","E","B",null],"character_chosen":"DEFECT","items_purchased":["Apotheosis","Question Card","Defragment","Bronze Scales","Runic Capacitor","Storm"],"campfire_rested":3,"item_purchase_floors":[20,22,30,30,47,47],"current_hp_per_floor":[64,69,69,69,69,39,63,57,57,57,56,56,56,35,57,28,63,39,74,74,61,61,49,49,42,42,39,39,61,61,51,51,54,69,60,62,74,74,74,74,74,74,74,74,74,74,74,68,68,60,71,71,71,15,62],"gold":136,"neow_bonus":"THREE_SMALL_POTIONS","is_prod":false,"is_daily":false,"chose_seed":false,"campfire_upgraded":2,"win_rate":0,"timestamp":1545279310,"path_taken":["M","?","M","M","?","E","R","?","T","?","M","M","?","E","R","BOSS","M","?","$","M","$","E","R","M","T","E","M","R","?","E","R","BOSS","M","M","?","?","?","R","E","R","T","R","?","?","?","?","R","BOSS","R","$","E","BOSS"],"build_version":"2018-12-13","purchased_purges":2,"victory":true,"max_hp_per_floor":[75,80,80,80,80,80,80,80,80,74,74,74,74,74,74,74,74,74,74,74,74,74,74,74,74,74,74,74,74,74,74,74,74,74,74,74,74,74,74,74,74,74,74,74,74,74,74,74,74,74,74,74,74,74,74],"card_choices":[{"not_picked":["Coolheaded","Compile Driver"],"picked":"Go for the Eyes","floor":1.0},{"not_picked":["Redo","Leap","Aggregate"],"picked":"SKIP","floor":3.0},{"not_picked":["Steam","Loop"],"picked":"Streamline","floor":4.0},{"not_picked":["Tempest","Lockon"],"picked":"Cold Snap","floor":6.0},{"not_picked":["BootSequence","Chill"],"picked":"Rip and Tear","floor":8.0},{"not_picked":["Compile Driver","Stack"],"picked":"Sunder","floor":11.0},{"not_picked":["Beam Cell","Barrage","Sweeping Beam"],"picked":"SKIP","floor":12.0},{"not_picked":["Go for the Eyes","Recycle"],"picked":"Machine Learning","floor":14.0},{"not_picked":["Reboot","Meteor Strike"],"picked":"Creative AI","floor":16.0},{"not_picked":["Compile Driver+1","Aggregate"],"picked":"Conserve Battery+1","floor":18.0},{"not_picked":["Streamline","Redo","Hologram"],"picked":"SKIP","floor":21.0},{"not_picked":["Consume","Capacitor","Tempest"],"picked":"Glacier+1","floor":23.0},{"not_picked":["Gash","Genetic Algorithm+1","Turbo","Self Repair"],"picked":"SKIP","floor":25.0},{"not_picked":["Glacier","Stack+1","Capacitor"],"picked":"Seek","floor":27.0},{"not_picked":["Hologram+1","Consume","Darkness","Barrage"],"picked":"SKIP","floor":28},{"not_picked":["Gash+1","Stack+1","Steam","Coolheaded"],"picked":"SKIP","floor":31},{"not_picked":["Fission","All For One","Machine Learning"],"picked":"Buffer","floor":33},{"not_picked":["BootSequence+1","Stack"],"picked":"SKIP","floor":35},{"not_picked":["Steam+1"],"picked":"Conserve Battery+1","floor":36},{"not_picked":["Leap","Redo"],"picked":"SKIP","floor":41},{"not_picked":["Streamline+1","Darkness"],"picked":"SKIP","floor":45},{"not_picked":["Coolheaded+1","Leap+1"],"picked":"SKIP","floor":48},{"not_picked":["Hologram"],"picked":"Creative AI","floor":54}],"player_experience":159742,"relics_obtained":[{"floor":6.0,"key":"Smiling Mask"},{"floor":9.0,"key":"Anchor"},{"floor":13.0,"key":"Mercury Hourglass"},{"floor":14.0,"key":"PreservedInsect"},{"floor":23.0,"key":"Boot"},{"floor":26.0,"key":"Pantograph"},{"floor":27.0,"key":"Symbiotic Virus"},{"floor":31,"key":"Blood Vial"},{"floor":37,"key":"Shovel"},{"floor":41,"key":"Regal Pillow"},{"floor":42,"key":"Dead Branch"},{"floor":43,"key":"Torii"},{"floor":44,"key":"The Courier"},{"floor":49,"key":"Bird Faced Urn"},{"floor":52,"key":"Bottled Lightning"},{"floor":54,"key":"Letter Opener"}],"event_choices":[{"damage_healed":0.0,"max_hp_gain":5.0,"max_hp_loss":0.0,"gold_gain":0.0,"event_name":"Big Fish","player_choice":"Donut","floor":2.0,"gold_loss":0.0,"damage_taken":0.0},{"damage_healed":0.0,"max_hp_gain":0.0,"max_hp_loss":0.0,"gold_gain":100.0,"event_name":"Golden Shrine","player_choice":"Pray","floor":5.0,"gold_loss":0.0,"damage_taken":0.0},{"damage_healed":0.0,"max_hp_gain":0.0,"max_hp_loss":6.0,"gold_gain":0.0,"event_name":"Golden Idol","player_choice":"Lose Max HP","floor":10.0,"gold_loss":0.0,"damage_taken":0.0,"relics_obtained":["Golden Idol"]},{"cards_removed":["Rip and Tear"],"damage_healed":35.0,"max_hp_gain":0.0,"max_hp_loss":0.0,"gold_gain":0.0,"event_name":"Bonfire Elementals","player_choice":"Offered Uncommon","floor":19.0,"gold_loss":0.0,"damage_taken":0.0},{"damage_healed":0,"gold_gain":0,"player_choice":"Fight","damage_taken":0,"max_hp_gain":0,"max_hp_loss":0,"event_name":"MindBloom","floor":37,"gold_loss":0},{"damage_healed":0,"gold_gain":0,"player_choice":"Memory 1","damage_taken":0,"max_hp_gain":0,"max_hp_loss":0,"event_name":"SensoryStone","floor":38,"gold_loss":0},{"damage_healed":0,"gold_gain":0,"player_choice":"Ignored","damage_taken":0,"max_hp_gain":0,"max_hp_loss":0,"event_name":"Tomb of Lord Red Mask","floor":46,"gold_loss":0}],"is_beta":false,"boss_relics":[{"not_picked":["Orrery","Tiny House"],"picked":"Sozu"},{"not_picked":["Runic Pyramid","Empty Cage"],"picked":"Busted Crown"}],"items_purged_floors":[47,53],"is_endless":false,"potions_floor_spawned":[1,14,16,23,27,31,33,35,45],"ascension_level":6}