{"gold_per_floor":[109,129,129,129,145,70,114,114,114,154,154,168,168,206,206,332,332,351,50,50],"floor_reached":20,"playtime":792,"items_purged":["Pain"],"score":257,"play_id":"d81613de-06ec-4608-af8e-fb5259289ad2","local_time":"20190123173417","is_ascension_mode":true,"campfire_choices":[{"floor":8,"key":"REST"},{"floor":11,"key":"REST"},{"floor":15,"key":"REST"}],"neow_cost":"NONE","seed_source_timestamp":380243115033130,"circlet_count":0,"master_deck":["Zap","Dualcast","Gash","Auto Shields","FTL","Skim","Machine Learning","All For One","Hello World","Barrage","Multi-Cast","Go for the Eyes","Capacitor","Static Discharge","Aggregate","Thunder Strike","Storm"],"relics":["Cracked Core","Golden Idol","WarpedTongs","Sundial","Happy Flower","StoneCalendar","Pantograph","Centennial Puzzle","Pandora\u0027s Box","Shovel"],"potions_floor_usage":[10,16],"damage_taken":[{"damage":0,"enemies":"2 Louse","floor":1,"turns":2},{"damage":1,"enemies":"Cultist","floor":2,"turns":3},{"damage":6,"enemies":"Jaw Worm","floor":5,"turns":3},{"damage":11,"enemies":"Lagavulin","floor":7,"turns":6},{"damage":22,"enemies":"Gremlin Nob","floor":10,"turns":4},{"damage":14,"enemies":"Exordium Wildlife","floor":12,"turns":4},{"damage":14,"enemies":"Lagavulin","floor":14,"turns":5},{"damage":49,"enemies":"The Guardian","floor":16,"turns":8},{"damage":8,"enemies":"Chosen","floor":18,"turns":3},{"damage":29,"enemies":"Colosseum Slavers","floor":20,"turns":3},{"damage":38,"enemies":"Colosseum Nobs","floor":20,"turns":3}],"seed_played":"5720064451689966126","potions_obtained":[{"floor":7,"key":"SteroidPotion"},{"floor":14,"key":"Energy Potion"}],"is_trial":false,"path_per_floor":["M","M","?","?","M","$","E","R","T","E","R","M","T","E","R","B",null,"M","$","?"],"character_chosen":"DEFECT","items_purchased":["Shovel"],"campfire_rested":3,"item_purchase_floors":[19],"current_hp_per_floor":[75,74,54,54,48,48,37,61,61,39,63,49,49,35,59,33,70,62,62,0],"gold":50,"neow_bonus":"TEN_PERCENT_HP_BONUS","is_prod":false,"is_daily":false,"chose_seed":false,"campfire_upgraded":0,"win_rate":0,"timestamp":1548300857,"path_taken":["M","M","?","?","?","$","E","R","T","E","R","M","?","E","R","BOSS","M","$","?"],"build_version":"2019-01-23","purchased_purges":1,"victory":false,"max_hp_per_floor":[82,82,82,82,82,82,82,82,82,82,82,82,82,82,82,82,82,82,82,82],"card_choices":[{"not_picked":["Go for the Eyes","Beam Cell"],"picked":"Gash","floor":1},{"not_picked":["Sweeping Beam","Steam"],"picked":"Auto Shields","floor":2},{"not_picked":["Conserve Battery","Steam"],"picked":"FTL","floor":5},{"not_picked":["Ball Lightning","Coolheaded","Turbo"],"picked":"SKIP","floor":7},{"not_picked":["Steam","Consume","Force Field"],"picked":"SKIP","floor":10},{"not_picked":["Self Repair","Consume"],"picked":"Skim","floor":12},{"not_picked":["Leap","Coolheaded"],"picked":"Machine Learning","floor":14},{"not_picked":["Electrodynamics","Amplify"],"picked":"All For One","floor":16},{"not_picked":["White Noise","Darkness"],"picked":"Storm","floor":18}],"player_experience":345042,"relics_obtained":[{"floor":7,"key":"Sundial"},{"floor":9,"key":"Happy Flower"},{"floor":10,"key":"StoneCalendar"},{"floor":13,"key":"Pantograph"},{"floor":14,"key":"Centennial Puzzle"}],"event_choices":[{"damage_healed":0,"gold_gain":0,"player_choice":"Take Damage","damage_taken":20,"relics_obtained":["Golden Idol"],"max_hp_gain":0,"max_hp_loss":0,"event_name":"Golden Idol","floor":3,"gold_loss":0},{"damage_healed":0,"gold_gain":0,"player_choice":"Rummage","damage_taken":0,"relics_obtained":["WarpedTongs"],"max_hp_gain":0,"max_hp_loss":0,"event_name":"Accursed Blacksmith","floor":4,"gold_loss":0,"cards_obtained":["Pain"]},{"damage_healed":0,"gold_gain":0,"player_choice":"Fight","damage_taken":0,"max_hp_gain":0,"max_hp_loss":0,"event_name":"Colosseum","floor":20,"gold_loss":0},{"damage_healed":0,"gold_gain":0,"player_choice":"Fought Nobs","damage_taken":0,"max_hp_gain":0,"max_hp_loss":0,"event_name":"Colosseum","floor":20,"gold_loss":0}],"is_beta":false,"boss_relics":[{"not_picked":["White Beast Statue","Orrery"],"picked":"Pandora\u0027s Box"}],"items_purged_floors":[6],"is_endless":false,"potions_floor_spawned":[7,14,20],"killed_by":"Colosseum Nobs","ascension_level":7}