{"gold_per_floor":[109,34,109,284,284,319,319,358,385,401,436,436,449,479,479,479],"floor_reached":16,"playtime":441,"items_purged":["Strike_R"],"score":174,"play_id":"ae1664e2-8c76-449b-bef7-26a5919e18e2","local_time":"20190310025343","is_ascension_mode":true,"campfire_choices":[{"data":"Armaments","floor":12,"key":"SMITH"},{"data":"Flame Barrier","floor":15,"key":"SMITH"}],"neow_cost":"NONE","seed_source_timestamp":31871600309117,"circlet_count":0,"master_deck":["Strike_R","Strike_R","Strike_R","Strike_R","Defend_R","Defend_R","Defend_R","Defend_R","Bash","Anger","Doubt","Injury","Body Slam","Armaments+1","Flame Barrier+1"],"relics":["Burning Blood","NeowsBlessing","Golden Idol","Unceasing Top","Dream Catcher","Red Skull","Ancient Tea Set"],"potions_floor_usage":[8],"damage_taken":[{"damage":0,"enemies":"Cultist","floor":1,"turns":1},{"damage":0,"enemies":"Lagavulin","floor":6,"turns":1},{"damage":0,"enemies":"Gremlin Nob","floor":8,"turns":1},{"damage":14,"enemies":"Jaw Worm","floor":10,"turns":6},{"damage":47,"enemies":"3 Sentries","floor":11,"turns":13},{"damage":0,"enemies":"Small Slimes","floor":13,"turns":3},{"damage":39,"enemies":"Slime Boss","floor":16,"turns":5}],"seed_played":"4172452844446737615","potions_obtained":[{"floor":1,"key":"SkillPotion"}],"is_trial":false,"path_per_floor":["M","$","?","?","?","E","$","E","T","M","E","R","M","?","R","B"],"character_chosen":"IRONCLAD","items_purchased":[],"campfire_rested":0,"item_purchase_floors":[],"current_hp_per_floor":[80,80,69,69,69,75,75,80,80,72,31,31,37,37,37,0],"gold":479,"neow_bonus":"THREE_ENEMY_KILL","is_prod":false,"is_daily":false,"chose_seed":false,"campfire_upgraded":2,"win_rate":0,"timestamp":1552182823,"path_taken":["M","$","?","?","?","E","$","E","T","M","E","R","M","?","R","BOSS"],"build_version":"2019-01-23","purchased_purges":1,"victory":false,"max_hp_per_floor":[80,80,80,80,80,80,80,80,80,80,80,80,80,80,80,80],"card_choices":[{"not_picked":["Searing Blow","True Grit"],"picked":"Anger","floor":1},{"not_picked":["Flex","Sword Boomerang"],"picked":"Body Slam","floor":6},{"not_picked":["Second Wind","Reaper"],"picked":"Armaments","floor":8},{"not_picked":["Rage","Body Slam","Fire Breathing"],"picked":"SKIP","floor":10},{"not_picked":["Intimidate","Havoc","Iron Wave"],"picked":"SKIP","floor":11},{"not_picked":["Burning Pact","Battle Trance"],"picked":"Flame Barrier","floor":13}],"player_experience":146763,"relics_obtained":[{"floor":6,"key":"Unceasing Top"},{"floor":8,"key":"Dream Catcher"},{"floor":11,"key":"Red Skull"}],"event_choices":[{"damage_healed":0,"gold_gain":75,"player_choice":"Gather Gold","damage_taken":11,"max_hp_gain":0,"max_hp_loss":0,"event_name":"World of Goop","floor":3,"gold_loss":0},{"damage_healed":0,"gold_gain":175,"player_choice":"AGREE","damage_taken":0,"max_hp_gain":0,"max_hp_loss":0,"event_name":"Liars Game","floor":4,"gold_loss":0,"cards_obtained":["Doubt"]},{"damage_healed":0,"gold_gain":0,"player_choice":"Take Wound","damage_taken":0,"relics_obtained":["Golden Idol"],"max_hp_gain":0,"max_hp_loss":0,"event_name":"Golden Idol","floor":5,"gold_loss":0,"cards_obtained":["Injury"]},{"damage_healed":0,"gold_gain":30,"player_choice":"Searched \u00273\u0027 times","damage_taken":0,"relics_obtained":["Ancient Tea Set"],"max_hp_gain":0,"max_hp_loss":0,"event_name":"Dead Adventurer","floor":14,"gold_loss":0}],"is_beta":false,"boss_relics":[],"items_purged_floors":[2],"is_endless":false,"potions_floor_spawned":[1],"killed_by":"Slime Boss","ascension_level":1}