{"gold_per_floor":[115,115,131,56,72,72,82,107,107,107,132,16,16,51,51,128,128,145,6,6,18,18],"floor_reached":22,"playtime":1035,"items_purged":["Defend_B","Parasite"],"score":386,"play_id":"7defda7e-aa5b-4b9a-8006-570b1a6a3d6d","local_time":"20190306151137","is_ascension_mode":true,"campfire_choices":[{"data":"Chill","floor":6,"key":"SMITH"},{"data":"Chill","floor":15,"key":"SMITH"}],"neow_cost":"NONE","seed_source_timestamp":1625697520417210,"circlet_count":0,"master_deck":["AscendersBane","Strike_B","Strike_B","Defend_B","Defend_B","Defend_B","Zap","Dualcast","Cold Snap","Chill+1","Chill+1","Gash","Sweeping Beam","Rebound","Auto Shields","Rip and Tear","Self Repair","Streamline","Sweeping Beam","Core Surge","Steam","Loop","Chill+1","Tempest"],"relics":["Cracked Core","Pen Nib","PreservedInsect","Kunai","Question Card","Shovel","Eternal Feather"],"potions_floor_usage":[8,18,18,21],"damage_taken":[{"damage":0,"enemies":"2 Louse","floor":1,"turns":2},{"damage":0,"enemies":"Cultist","floor":3,"turns":4},{"damage":5,"enemies":"Jaw Worm","floor":5,"turns":3},{"damage":0,"enemies":"Gremlin Gang","floor":7,"turns":5},{"damage":22,"enemies":"Lagavulin","floor":8,"turns":7},{"damage":0,"enemies":"3 Sentries","floor":11,"turns":6},{"damage":14,"enemies":"Gremlin Nob","floor":14,"turns":4},{"damage":43,"enemies":"The Guardian","floor":16,"turns":14},{"damage":13,"enemies":"2 Thieves","floor":18,"turns":4},{"damage":14,"enemies":"3 Byrds","floor":21,"turns":5},{"damage":38,"enemies":"3 Cultists","floor":22,"turns":4}],"seed_played":"98353298567717499","potions_obtained":[{"floor":7,"key":"Weak Potion"},{"floor":14,"key":"Strength Potion"},{"floor":16,"key":"Explosive Potion"},{"floor":18,"key":"Explosive Potion"}],"is_trial":false,"path_per_floor":["M","?","M","$","M","R","M","E","T","?","E","$","?","E","R","B",null,"M","$","?","M","M"],"character_chosen":"DEFECT","items_purchased":["Self Repair","Streamline","Loop"],"campfire_rested":0,"item_purchase_floors":[12,12,19],"current_hp_per_floor":[64,64,64,64,59,59,59,37,37,34,34,34,51,44,44,8,55,49,49,49,35,0],"gold":18,"neow_bonus":"TRANSFORM_CARD","is_prod":false,"is_daily":false,"chose_seed":false,"campfire_upgraded":2,"win_rate":0,"timestamp":1551863497,"path_taken":["M","?","?","?","M","R","M","E","T","?","E","$","?","E","R","BOSS","M","$","?","?","?"],"build_version":"2019-01-23","purchased_purges":2,"victory":false,"max_hp_per_floor":[71,71,71,71,71,71,71,71,71,71,71,71,71,71,71,71,71,71,68,68,68,68],"card_choices":[{"not_picked":["Leap","Hologram"],"picked":"Chill","floor":1},{"not_picked":["Scrape","Steam"],"picked":"Gash","floor":3},{"not_picked":["Cold Snap","Ball Lightning"],"picked":"Sweeping Beam","floor":5},{"not_picked":["Heatsinks","Steam Power"],"picked":"Rebound","floor":7},{"not_picked":["Turbo","Reinforced Body"],"picked":"Auto Shields","floor":8},{"not_picked":["Storm","Fusion"],"picked":"Rip and Tear","floor":11},{"not_picked":["Compile Driver","Turbo","Hologram"],"picked":"Sweeping Beam","floor":14},{"not_picked":["Biased Cognition","Amplify","Electrodynamics"],"picked":"Core Surge","floor":16},{"not_picked":["Leap","Heatsinks","Reinforced Body"],"picked":"Steam","floor":18},{"not_picked":["Steam","Conserve Battery","Skim"],"picked":"Tempest","floor":21}],"player_experience":953559,"relics_obtained":[{"floor":8,"key":"Pen Nib"},{"floor":9,"key":"PreservedInsect"},{"floor":11,"key":"Question Card"},{"floor":14,"key":"Shovel"}],"event_choices":[{"damage_healed":0,"gold_gain":0,"cards_transformed":["Strike_B"],"player_choice":"Transformed","damage_taken":0,"max_hp_gain":0,"max_hp_loss":0,"event_name":"Transmorgrifier","floor":2,"gold_loss":0,"cards_obtained":["Chill"]},{"damage_healed":0,"gold_gain":0,"player_choice":"Success","damage_taken":3,"relics_obtained":["Kunai"],"max_hp_gain":0,"max_hp_loss":0,"event_name":"Scrap Ooze","floor":10,"gold_loss":0},{"damage_healed":17,"gold_gain":0,"player_choice":"Healed and dodged fight","damage_taken":0,"max_hp_gain":0,"max_hp_loss":0,"event_name":"Mushrooms","floor":13,"gold_loss":0,"cards_obtained":["Parasite"]},{"damage_healed":0,"gold_gain":0,"player_choice":"Copied","damage_taken":0,"max_hp_gain":0,"max_hp_loss":0,"event_name":"Duplicator","floor":20,"gold_loss":0,"cards_obtained":["Chill"]}],"is_beta":false,"boss_relics":[{"not_picked":["Coffee Dripper","Fusion Hammer"],"picked":"Eternal Feather"}],"items_purged_floors":[4,19],"is_endless":false,"potions_floor_spawned":[7,14,16,18],"killed_by":"3 Cultists","ascension_level":14}