{"gold_per_floor":[112,132,148,223,238,267,279,317,329,356,379,402,414,454,466,578,590,585,597,620,648,344,344,377,377,404,415,428,428,428,438,438,540,540,558,572,586,606,111,138,138,148,148,148,164,122,157,157,157,157,157,157,13,41,41],"floor_reached":55,"playtime":2432,"items_purged":[],"score":1247,"play_id":"9656e794-2178-4726-8291-a1b847a57374","local_time":"20190219144451","is_ascension_mode":true,"campfire_choices":[{"floor":7,"key":"REST"},{"floor":15,"key":"RECALL"},{"floor":23,"key":"REST"},{"floor":25,"key":"REST"},{"floor":30,"key":"REST"},{"floor":32,"key":"REST"},{"floor":41,"key":"REST"},{"floor":49,"key":"REST"},{"floor":52,"key":"REST"}],"neow_cost":"NONE","seed_source_timestamp":18597888502799,"circlet_count":0,"master_deck":["AscendersBane","Strike_R","Strike_R","Strike_R","Strike_R","Strike_R","Defend_R","Defend_R","Defend_R","Defend_R","Bash","Shockwave","Heavy Blade","Anger","Shockwave","Spot Weakness","Heavy Blade","Limit Break+1","Whirlwind","Dropkick","Headbutt+1","Armaments+1","Reaper","Double Tap","Flex","Demon Form","Intimidate+1","Dark Shackles","Dual Wield"],"relics":["Burning Blood","MawBank","Meat on the Bone","The Courier","Pen Nib","Runic Pyramid","Regal Pillow","Pantograph","Strawberry","Red Skull","Lizard Tail","Bag of Preparation","Potion Belt","Gambling Chip","Anchor","Gremlin Horn","Pocketwatch"],"potions_floor_usage":[5,8,14,16,24,24,40,40,50,50,54,55,55,55],"damage_taken":[{"damage":6,"enemies":"2 Louse","floor":1,"turns":3},{"damage":7,"enemies":"Jaw Worm","floor":2,"turns":4},{"damage":4,"enemies":"Cultist","floor":3,"turns":3},{"damage":9,"enemies":"3 Louse","floor":5,"turns":4},{"damage":50,"enemies":"Lagavulin","floor":6,"turns":6},{"damage":24,"enemies":"Gremlin Nob","floor":8,"turns":4},{"damage":23,"enemies":"Large Slime","floor":10,"turns":6},{"damage":10,"enemies":"Red Slaver","floor":11,"turns":4},{"damage":11,"enemies":"Looter","floor":12,"turns":3},{"damage":21,"enemies":"Lagavulin","floor":14,"turns":5},{"damage":38,"enemies":"Slime Boss","floor":16,"turns":5},{"damage":22,"enemies":"2 Thieves","floor":18,"turns":4},{"damage":17,"enemies":"Shell Parasite","floor":20,"turns":4},{"damage":49,"enemies":"3 Cultists","floor":21,"turns":5},{"damage":56,"enemies":"Gremlin Leader","floor":24,"turns":8},{"damage":61,"enemies":"Snake Plant","floor":27,"turns":5},{"damage":12,"enemies":"Cultist and Chosen","floor":28,"turns":4},{"damage":27,"enemies":"Shelled Parasite and Fungi","floor":31,"turns":4},{"damage":42,"enemies":"Champ","floor":33,"turns":7},{"damage":50,"enemies":"3 Darklings","floor":35,"turns":6},{"damage":19,"enemies":"3 Shapes","floor":36,"turns":7},{"damage":41,"enemies":"3 Darklings","floor":37,"turns":4},{"damage":49,"enemies":"4 Shapes","floor":38,"turns":7},{"damage":53,"enemies":"Reptomancer","floor":40,"turns":4},{"damage":57,"enemies":"Maw","floor":42,"turns":6},{"damage":16,"enemies":"Jaw Worm Horde","floor":45,"turns":3},{"damage":21,"enemies":"Giant Head","floor":47,"turns":6},{"damage":160,"enemies":"Donu and Deca","floor":50,"turns":7},{"damage":74,"enemies":"Shield and Spear","floor":54,"turns":6},{"damage":79,"enemies":"The Heart","floor":55,"turns":3}],"seed_played":"-2811963420157205180","potions_obtained":[{"floor":1,"key":"FearPotion"},{"floor":2,"key":"SkillPotion"},{"floor":5,"key":"Energy Potion"},{"floor":10,"key":"Dexterity Potion"},{"floor":18,"key":"Dexterity Potion"},{"floor":21,"key":"Fire Potion"},{"floor":27,"key":"Energy Potion"},{"floor":33,"key":"FearPotion"},{"floor":40,"key":"Swift Potion"},{"floor":45,"key":"PowerPotion"},{"floor":47,"key":"Swift Potion"}],"is_trial":false,"path_per_floor":["M","M","M","?","M","E","R","E","T","M","M","M","?","E","R","B",null,"M","?","M","M","$","R","E","R","T","M","M","?","R","M","R","B",null,"M","M","M","M","$","E","R","M","T","$","M","$","E","?","R","B",null,"R","$","E","B"],"character_chosen":"IRONCLAD","items_purchased":["Regal Pillow","Pantograph","Bag of Preparation","Potion Belt","Gambling Chip","SteroidPotion","Dual Wield","Strength Potion","Strength Potion"],"campfire_rested":8,"item_purchase_floors":[22,22,39,39,39,46,53,53,53],"current_hp_per_floor":[80,79,81,70,67,23,49,31,31,26,34,41,70,55,55,35,75,59,59,60,29,29,70,39,82,82,39,45,45,88,67,95,59,86,95,82,95,95,95,60,95,77,77,77,95,95,80,80,95,65,88,95,95,54,0],"gold":41,"neow_bonus":"TEN_PERCENT_HP_BONUS","is_prod":false,"is_daily":false,"chose_seed":false,"campfire_upgraded":0,"win_rate":0,"timestamp":1550623491,"path_taken":["M","M","M","?","M","E","R","E","T","M","M","M","?","E","R","BOSS","M","?","M","M","$","R","E","R","T","M","M","?","R","M","R","BOSS","M","M","M","M","$","E","R","M","T","$","M","?","E","?","R","BOSS","R","$","E","BOSS"],"build_version":"2019-01-23","purchased_purges":0,"victory":false,"max_hp_per_floor":[88,88,88,88,88,88,88,88,88,88,88,88,88,88,88,88,88,88,88,88,88,88,88,95,95,95,95,95,95,95,95,95,95,95,95,95,95,95,95,95,95,95,95,95,95,95,95,95,95,95,95,95,95,95,95],"card_choices":[{"not_picked":["Heavy Blade","Anger"],"picked":"Shockwave","floor":1},{"not_picked":["Metallicize","True Grit"],"picked":"Heavy Blade","floor":2},{"not_picked":["Combust","Thunderclap"],"picked":"Anger","floor":3},{"not_picked":["Perfected Strike","Havoc","Iron Wave"],"picked":"SKIP","floor":5},{"not_picked":["Anger","Carnage"],"picked":"Shockwave","floor":6},{"not_picked":["Power Through","True Grit","Flex"],"picked":"SKIP","floor":8},{"not_picked":["Corruption","Headbutt"],"picked":"Spot Weakness","floor":10},{"not_picked":["Havoc","Pommel Strike","Immolate"],"picked":"SKIP","floor":11},{"not_picked":["Clothesline","Pommel Strike"],"picked":"Heavy Blade","floor":12},{"not_picked":["Bludgeon","Corruption","Twin Strike"],"picked":"SKIP","floor":14},{"not_picked":["Barricade","Offering"],"picked":"Limit Break","floor":16},{"not_picked":["Dual Wield","Second Wind","Clash"],"picked":"SKIP","floor":18},{"not_picked":["Corruption","Shrug It Off+1"],"picked":"Dropkick","floor":20},{"not_picked":["Wild Strike","Whirlwind","Thunderclap"],"picked":"SKIP","floor":21},{"not_picked":["Searing Blow","Sword Boomerang"],"picked":"Headbutt+1","floor":24},{"not_picked":["Clash","Reckless Charge","Heavy Blade"],"picked":"SKIP","floor":27},{"not_picked":["Perfected Strike","Pummel+1"],"picked":"Armaments+1","floor":28},{"not_picked":["Heavy Blade","Thunderclap","Evolve"],"picked":"SKIP","floor":31},{"not_picked":["Impervious","Offering"],"picked":"Reaper","floor":33},{"not_picked":["Iron Wave","Thunderclap+1","Pommel Strike"],"picked":"SKIP","floor":35},{"not_picked":["Clash","Fire Breathing+1"],"picked":"Double Tap","floor":36},{"not_picked":["Burning Pact","Metallicize+1"],"picked":"Flex","floor":37},{"not_picked":["Armaments","Twin Strike","Inflame"],"picked":"SKIP","floor":38},{"not_picked":["Sword Boomerang","Blood for Blood","Sever Soul"],"picked":"SKIP","floor":40},{"not_picked":["Anger","Havoc","Inflame"],"picked":"SKIP","floor":42},{"not_picked":["Flex","Perfected Strike+1"],"picked":"Demon Form","floor":45},{"not_picked":["Sever Soul+1","Havoc"],"picked":"Intimidate+1","floor":47},{"not_picked":["Bandage Up","Deep Breath"],"picked":"Dark Shackles","floor":48},{"not_picked":["Heavy Blade","Pommel Strike+1","Flex+1"],"picked":"SKIP","floor":54}],"player_experience":448162,"relics_obtained":[{"floor":6,"key":"MawBank"},{"floor":8,"key":"Meat on the Bone"},{"floor":9,"key":"The Courier"},{"floor":14,"key":"Pen Nib"},{"floor":24,"key":"Strawberry"},{"floor":26,"key":"Red Skull"},{"floor":40,"key":"Anchor"},{"floor":47,"key":"Gremlin Horn"},{"floor":54,"key":"Pocketwatch"}],"event_choices":[{"damage_healed":0,"gold_gain":75,"player_choice":"Gather Gold","damage_taken":11,"max_hp_gain":0,"max_hp_loss":0,"event_name":"World of Goop","floor":4,"gold_loss":0},{"damage_healed":29,"gold_gain":0,"player_choice":"Banana","damage_taken":0,"max_hp_gain":0,"max_hp_loss":0,"event_name":"Big Fish","floor":13,"gold_loss":0},{"damage_healed":0,"gold_gain":0,"player_choice":"Read","damage_taken":0,"max_hp_gain":0,"max_hp_loss":0,"event_name":"The Library","floor":19,"gold_loss":0,"cards_obtained":["Whirlwind"]},{"damage_healed":0,"gold_gain":0,"player_choice":"Upgraded","damage_taken":0,"max_hp_gain":0,"max_hp_loss":0,"event_name":"Upgrade Shrine","floor":29,"gold_loss":0,"cards_upgraded":["Limit Break"]},{"damage_healed":0,"gold_gain":0,"player_choice":"Memory 1","damage_taken":0,"max_hp_gain":0,"max_hp_loss":0,"event_name":"SensoryStone","floor":48,"gold_loss":0}],"is_beta":false,"boss_relics":[{"not_picked":["Fusion Hammer","Runic Cube"],"picked":"Runic Pyramid"},{"not_picked":["Orrery","Black Blood"],"picked":"Lizard Tail"}],"items_purged_floors":[],"is_endless":false,"potions_floor_spawned":[1,2,5,10,18,21,27,33,38,40,45,47],"killed_by":"The Heart","ascension_level":12}