{"gold_per_floor":[117,117,117,135,155,182,182,197,197,224,194,210,127,141,141,141],"floor_reached":16,"playtime":367,"items_purged":[],"score":112,"play_id":"8968075d-6194-4a9b-a396-337736c4a94d","local_time":"20181227191703","is_ascension_mode":false,"campfire_choices":[{"floor":15,"key":"REST"}],"neow_cost":"NONE","seed_source_timestamp":11265977419505,"circlet_count":0,"master_deck":["Defend_G","Defend_G","Defend_G","Defend_G","Strike_G","Strike_G","Strike_G","Strike_G","Strike_G","Survivor","Neutralize","Bouncing Flask","Dagger Spray","Dodge and Roll","Backstab","Storm of Steel+1","Setup+1","Noxious Fumes","Impatience+1"],"relics":["Velvet Choker","Gambling Chip","Toxic Egg 2","Bottled Flame","Dodecahedron"],"potions_floor_usage":[8,10,10],"damage_taken":[{"damage":0,"enemies":"Small Slimes","floor":1,"turns":3},{"damage":1,"enemies":"2 Louse","floor":4,"turns":3},{"damage":0,"enemies":"Cultist","floor":5,"turns":3},{"damage":18,"enemies":"Gremlin Nob","floor":6,"turns":4},{"damage":0,"enemies":"Blue Slaver","floor":8,"turns":3},{"damage":28,"enemies":"Lagavulin","floor":10,"turns":6},{"damage":0,"enemies":"Looter","floor":12,"turns":3},{"damage":4,"enemies":"Gremlin Gang","floor":14,"turns":2},{"damage":0,"enemies":"Hexaghost","floor":16,"turns":1}],"seed_played":"-5847777959000776951","potions_obtained":[{"floor":5,"key":"Regen Potion"},{"floor":6,"key":"Block Potion"},{"floor":8,"key":"Energy Potion"}],"is_trial":false,"path_per_floor":["M","?","?","M","M","E","?","M","T","E","?","M","$","M","R","B"],"character_chosen":"THE_SILENT","items_purchased":["Impatience+1"],"campfire_rested":1,"item_purchase_floors":[13],"current_hp_per_floor":[70,63,63,62,62,44,37,37,37,24,24,24,24,20,41,41],"gold":141,"neow_bonus":"BOSS_RELIC","is_prod":false,"is_daily":false,"chose_seed":false,"campfire_upgraded":0,"win_rate":0,"timestamp":1545945423,"path_taken":["M","?","?","M","M","E","?","M","T","E","?","M","?","?","R","BOSS"],"build_version":"2018-12-20","purchased_purges":0,"victory":false,"max_hp_per_floor":[70,70,70,70,70,70,70,70,70,70,70,70,70,70,70,70],"card_choices":[{"not_picked":["Acrobatics","Prepared"],"picked":"Bouncing Flask","floor":1},{"not_picked":["Poisoned Stab","PiercingWail"],"picked":"Dagger Spray","floor":4},{"not_picked":["Bane","Blade Dance"],"picked":"Dodge and Roll","floor":5},{"not_picked":["Quick Slash","Crippling Poison"],"picked":"Backstab","floor":6},{"not_picked":["Calculated Gamble+1","Backflip+1"],"picked":"Storm of Steel+1","floor":8},{"not_picked":["Prepared+1","Flying Knee"],"picked":"Setup+1","floor":10},{"not_picked":["Bane","Sucker Punch"],"picked":"Noxious Fumes","floor":12},{"not_picked":["Blade Dance+1","Expertise+1","Underhanded Strike"],"picked":"SKIP","floor":14}],"player_experience":645970,"relics_obtained":[{"floor":6,"key":"Gambling Chip"},{"floor":9,"key":"Bottled Flame"},{"floor":10,"key":"Dodecahedron"}],"event_choices":[{"cards_removed":["Defend_G"],"damage_healed":0,"gold_gain":0,"player_choice":"Card Removal","damage_taken":7,"max_hp_gain":0,"max_hp_loss":0,"event_name":"Golden Wing","floor":2,"gold_loss":0},{"damage_healed":0,"gold_gain":0,"player_choice":"Ignored","damage_taken":0,"max_hp_gain":0,"max_hp_loss":0,"event_name":"Liars Game","floor":3,"gold_loss":0},{"damage_healed":0,"gold_gain":0,"player_choice":"Success","damage_taken":7,"relics_obtained":["Toxic Egg 2"],"max_hp_gain":0,"max_hp_loss":0,"event_name":"Scrap Ooze","floor":7,"gold_loss":0},{"damage_healed":0,"gold_gain":0,"player_choice":"Left Gold","damage_taken":0,"max_hp_gain":0,"max_hp_loss":0,"event_name":"World of Goop","floor":11,"gold_loss":30}],"is_beta":false,"boss_relics":[],"items_purged_floors":[],"is_endless":false,"potions_floor_spawned":[5,6,8],"killed_by":"Hexaghost","ascension_level":0}