{"gold_per_floor":[112,112,112,130,82,110,110,129,155,155,155,230,292,322,322,417,417,434,359,49,65,65,65],"floor_reached":23,"playtime":1334,"items_purged":[],"score":220,"play_id":"2004c1a9-1788-4fb5-b13d-e663cce47bc9","local_time":"20180719010655","is_ascension_mode":false,"campfire_choices":[{"data":"Neutralize","floor":7,"key":"SMITH"},{"data":"Deadly Poison","floor":10,"key":"SMITH"},{"floor":15,"key":"REST"}],"neow_cost":"NONE","seed_source_timestamp":7969650909745,"circlet_count":0,"master_deck":["Defend_G","Defend_G","Strike_G","Strike_G","Strike_G","Survivor","Neutralize+1","Deadly Poison","Deadly Poison+1","Dagger Spray","Finisher","Dagger Throw","Dagger Spray","Burst","Terror+1","All Out Attack+1","Underhanded Strike+1","Deflect","Noxious Fumes+1"],"relics":["Ring of the Snake","NeowsBlessing","Lantern","Juzu Bracelet","GremlinMask","Strawberry","Potion Belt","Astrolabe","The Specimen"],"potions_floor_usage":[14,16],"damage_taken":[{"damage":0,"enemies":"Jaw Worm","floor":1,"turns":1},{"damage":0,"enemies":"2 Louse","floor":4,"turns":1},{"damage":0,"enemies":"3 Sentries","floor":6,"turns":1},{"damage":0,"enemies":"Cultist","floor":8,"turns":3},{"damage":13,"enemies":"Lagavulin Event","floor":13,"turns":5},{"damage":13,"enemies":"Lagavulin","floor":14,"turns":6},{"damage":27,"enemies":"The Guardian","floor":16,"turns":8},{"damage":20,"enemies":"2 Thieves","floor":18,"turns":3},{"damage":10,"enemies":"Spheric Guardian","floor":21,"turns":3},{"damage":52,"enemies":"Book of Stabbing","floor":23,"turns":5}],"seed_played":"-629993822675245271","potions_obtained":[{"floor":4,"key":"Dexterity Potion"},{"floor":13,"key":"GhostInAJar"},{"floor":14,"key":"Strength Potion"}],"is_trial":false,"path_per_floor":["M","?","?","M","$","E","R","M","T","R","?","?","?","E","R","B",null,"M","?","$","M","$"],"character_chosen":"THE_SILENT","items_purchased":["Dagger Spray","The Specimen"],"campfire_rested":1,"item_purchase_floors":[5,20],"current_hp_per_floor":[70,70,70,70,70,70,70,70,70,70,70,59,53,40,63,36,77,57,57,57,47,47,0],"gold":65,"neow_bonus":"THREE_ENEMY_KILL","is_prod":false,"is_daily":false,"chose_seed":false,"campfire_upgraded":2,"win_rate":0.0,"timestamp":1531980415,"path_taken":["M","?","?","M","$","E","R","M","T","R","?","?","?","E","R","BOSS","M","?","$","M","$","E"],"build_version":"2018-07-12","purchased_purges":0,"victory":false,"max_hp_per_floor":[70,70,70,70,70,70,70,70,70,70,70,70,77,77,77,77,77,77,77,77,77,77,77],"card_choices":[{"not_picked":["PiercingWail","Masterful Stab"],"picked":"Deadly Poison","floor":1},{"not_picked":["Malaise","Dagger Throw"],"picked":"Deadly Poison","floor":4},{"not_picked":["Doppelganger","Slice"],"picked":"Finisher","floor":6},{"not_picked":["Well Laid Plans","PiercingWail","Masterful Stab"],"picked":"SKIP","floor":8},{"not_picked":["Reflex","Prepared"],"picked":"Dagger Throw","floor":13},{"not_picked":["Predator","Backflip"],"picked":"Dagger Spray","floor":14},{"not_picked":["After Image","Phantasmal Killer"],"picked":"Burst","floor":16},{"not_picked":["Dodge and Roll","Malaise+1"],"picked":"Deflect","floor":18},{"not_picked":["Deflect","Leg Sweep"],"picked":"Noxious Fumes+1","floor":21}],"player_experience":27414,"relics_obtained":[{"floor":6,"key":"Lantern"},{"floor":9,"key":"Juzu Bracelet"},{"floor":13,"key":"Strawberry"},{"floor":14,"key":"Potion Belt"}],"event_choices":[{"event_name":"The Cleric","player_choice":"Leave","floor":2,"damage_taken":0},{"event_name":"Purifier","player_choice":"One Purge","floor":3,"damage_taken":0},{"event_name":"FaceTrader","player_choice":"Trade","floor":11,"damage_taken":0},{"event_name":"World of Goop","player_choice":"Gather Gold","floor":12,"damage_taken":0},{"event_name":"Dead Adventurer","player_choice":"Searched \u00271\u0027 times","floor":13,"damage_taken":0},{"event_name":"Beggar","player_choice":"Gave Gold","floor":19,"damage_taken":0}],"boss_relics":[{"not_picked":["Busted Crown","Snecko Eye"],"picked":"Astrolabe"}],"items_purged_floors":[],"is_endless":false,"potions_floor_spawned":[4,13,14],"killed_by":"Book of Stabbing","ascension_level":0}