{"gold_per_floor":[18,36,49,49,49,49,79,79,129,147,182,182,205,238,238,334,384,396,409,97,97,97,97,97,97,146,158,158],"floor_reached":28,"playtime":1009,"items_purged":["Strike_G"],"score":235,"play_id":"dfd00515-743b-4cd5-b9e6-7f0ca4b642c2","local_time":"20190310011329","is_ascension_mode":true,"campfire_choices":[{"data":"Dagger Throw","floor":6,"key":"SMITH"},{"data":"Cloak And Dagger","floor":8,"key":"SMITH"},{"data":"Noxious Fumes","floor":12,"key":"SMITH"},{"floor":15,"key":"REST"},{"data":"A Thousand Cuts","floor":23,"key":"SMITH"},{"data":"Well Laid Plans","floor":25,"key":"SMITH"}],"neow_cost":"NO_GOLD","seed_source_timestamp":25287289090373,"circlet_count":0,"master_deck":["Defend_G","Defend_G","Defend_G","Defend_G","Strike_G","Strike_G+1","Survivor","Neutralize+1","Cloak And Dagger+1","Dagger Throw+1","Dagger Spray","Noxious Fumes+1","Dodge and Roll","Prepared","Slice+1","Well Laid Plans+1","A Thousand Cuts+1","Decay","Accuracy"],"relics":["Ring of the Snake","Tiny Chest","PreservedInsect","Juzu Bracelet","Orichalcum","WingedGreaves","Tiny House","Membership Card","Pen Nib"],"potions_floor_usage":[16,28],"damage_taken":[{"damage":1,"enemies":"Cultist","floor":1,"turns":4},{"damage":0,"enemies":"2 Louse","floor":2,"turns":4},{"damage":5,"enemies":"Jaw Worm","floor":3,"turns":4},{"damage":0,"enemies":"3 Louse","floor":10,"turns":4},{"damage":4,"enemies":"3 Sentries","floor":11,"turns":4},{"damage":24,"enemies":"Lagavulin","floor":14,"turns":7},{"damage":16,"enemies":"Slime Boss","floor":16,"turns":10},{"damage":19,"enemies":"2 Thieves","floor":18,"turns":5},{"damage":23,"enemies":"Spheric Guardian","floor":19,"turns":5},{"damage":21,"enemies":"Centurion and Healer","floor":27,"turns":5},{"damage":21,"enemies":"Shelled Parasite and Fungi","floor":28,"turns":4}],"seed_played":"-5555575437462875667","potions_obtained":[{"floor":3,"key":"Weak Potion"},{"floor":10,"key":"SpeedPotion"},{"floor":11,"key":"Weak Potion"},{"floor":17,"key":"EntropicBrew"},{"floor":24,"key":"FairyPotion"},{"floor":24,"key":"Ancient Potion"},{"floor":27,"key":"Poison Potion"}],"is_trial":false,"path_per_floor":["M","M","M","?","?","R","?","R","T","M","E","R","T","E","R","B",null,"M","M","$","?","T","R","?","R","T","M","M"],"character_chosen":"THE_SILENT","items_purchased":["Membership Card","A Thousand Cuts"],"campfire_rested":1,"item_purchase_floors":[20,20],"current_hp_per_floor":[69,69,64,57,57,57,39,39,39,39,35,35,35,11,32,16,75,56,33,33,33,33,33,33,33,33,12,0],"gold":158,"neow_bonus":"REMOVE_TWO","is_prod":false,"is_daily":false,"chose_seed":false,"campfire_upgraded":5,"win_rate":0,"timestamp":1552176809,"path_taken":["M","?","M","?","?","R","?","R","T","M","E","R","?","E","R","BOSS","M","M","$","?","?","R","?","R","T","M","M"],"build_version":"2019-01-23","purchased_purges":1,"victory":false,"max_hp_per_floor":[70,70,70,70,70,70,70,70,70,70,70,70,70,70,70,70,75,75,75,75,75,75,75,75,75,75,75,75],"card_choices":[{"not_picked":["Outmaneuver","Endless Agony","Infinite Blades"],"picked":"SKIP","floor":1},{"not_picked":["Dash","Predator"],"picked":"Cloak And Dagger","floor":2},{"not_picked":["Slice","Endless Agony"],"picked":"Dagger Throw","floor":3},{"not_picked":["Acrobatics","Outmaneuver"],"picked":"Dagger Spray","floor":10},{"not_picked":["Dodge and Roll","Prepared"],"picked":"Noxious Fumes","floor":11},{"not_picked":["Deadly Poison","Outmaneuver"],"picked":"Dodge and Roll","floor":14},{"not_picked":["Dodge and Roll","Infinite Blades"],"picked":"Prepared","floor":17},{"not_picked":["Blade Dance","Accuracy"],"picked":"Slice+1","floor":18},{"not_picked":["Acrobatics","Poisoned Stab"],"picked":"Well Laid Plans","floor":19},{"not_picked":["Bane+1","Poisoned Stab"],"picked":"Accuracy","floor":27}],"player_experience":143391,"relics_obtained":[{"floor":9,"key":"PreservedInsect"},{"floor":11,"key":"Juzu Bracelet"},{"floor":13,"key":"Orichalcum"},{"floor":14,"key":"WingedGreaves"},{"floor":26,"key":"Pen Nib"}],"event_choices":[{"cards_removed":["Strike_G"],"damage_healed":0,"gold_gain":0,"player_choice":"Card Removal","damage_taken":7,"max_hp_gain":0,"max_hp_loss":0,"event_name":"Golden Wing","floor":4,"gold_loss":0},{"damage_healed":0,"gold_gain":0,"player_choice":"Grow","damage_taken":0,"max_hp_gain":0,"max_hp_loss":0,"event_name":"Living Wall","floor":5,"gold_loss":0,"cards_upgraded":["Neutralize"]},{"damage_healed":0,"gold_gain":0,"player_choice":"Success","damage_taken":18,"relics_obtained":["Tiny Chest"],"max_hp_gain":0,"max_hp_loss":0,"event_name":"Scrap Ooze","floor":7,"gold_loss":0},{"damage_healed":0,"gold_gain":0,"player_choice":"Smashed Altar","damage_taken":0,"max_hp_gain":0,"max_hp_loss":0,"event_name":"Forgotten Altar","floor":21,"gold_loss":0,"cards_obtained":["Decay"]},{"damage_healed":0,"gold_gain":0,"player_choice":"Got Potions","damage_taken":0,"max_hp_gain":0,"max_hp_loss":0,"event_name":"Lab","floor":24,"gold_loss":0}],"is_beta":false,"boss_relics":[{"not_picked":["Philosopher\u0027s Stone","Runic Dome"],"picked":"Tiny House"}],"items_purged_floors":[20],"is_endless":false,"potions_floor_spawned":[3,10,11,14,27],"killed_by":"Shelled Parasite and Fungi","ascension_level":1}