{"gold_per_floor":[117,128,146,0,19,19,54,81,81,92,92,92,108,108,108,187,187,204,204,216,98,23,23,23,23,93,126,138,138],"floor_reached":29,"playtime":779,"items_purged":["Clash"],"score":437,"play_id":"8fafc04e-01a3-44e4-92eb-5625849cf37c","local_time":"20190228125054","is_ascension_mode":true,"campfire_choices":[{"floor":6,"key":"REST"},{"data":"Bash","floor":12,"key":"SMITH"},{"data":"Dropkick","floor":15,"key":"SMITH"},{"floor":23,"key":"REST"},{"data":"Demon Form","floor":25,"key":"SMITH"}],"neow_cost":"NONE","seed_source_timestamp":213320241169000,"circlet_count":0,"master_deck":["AscendersBane","Strike_R+1","Strike_R+1","Strike_R+1","Strike_R+1","Defend_R+1","Defend_R+1","Defend_R+1","Defend_R+1","Bash+1","Wild Strike","Heavy Blade","Dropkick+1","Flex","Power Through","Rage","Cleave","Demon Form+1","Sever Soul","Writhe","Evolve","Decay"],"relics":["Busted Crown","Oddly Smooth Stone","Odd Mushroom","Happy Flower","Cursed Key","Mercury Hourglass","Self Forming Clay","Meat on the Bone"],"potions_floor_usage":[16,18,29],"damage_taken":[{"damage":10,"enemies":"Small Slimes","floor":1,"turns":3},{"damage":0,"enemies":"2 Louse","floor":2,"turns":3},{"damage":7,"enemies":"Jaw Worm","floor":3,"turns":2},{"damage":10,"enemies":"2 Fungi Beasts","floor":5,"turns":3},{"damage":24,"enemies":"Gremlin Nob","floor":7,"turns":4},{"damage":12,"enemies":"The Mushroom Lair","floor":8,"turns":5},{"damage":0,"enemies":"Exordium Wildlife","floor":10,"turns":3},{"damage":9,"enemies":"3 Louse","floor":13,"turns":3},{"damage":16,"enemies":"Hexaghost","floor":16,"turns":8},{"damage":5,"enemies":"2 Thieves","floor":18,"turns":3},{"damage":21,"enemies":"3 Byrds","floor":20,"turns":5},{"damage":33,"enemies":"Gremlin Leader","floor":27,"turns":5},{"damage":8,"enemies":"Centurion and Healer","floor":28,"turns":5},{"damage":32,"enemies":"Book of Stabbing","floor":29,"turns":4}],"seed_played":"-7913261691089497497","potions_obtained":[{"floor":7,"key":"PowerPotion"},{"floor":8,"key":"AttackPotion"},{"floor":20,"key":"Fire Potion"},{"floor":27,"key":"SteroidPotion"}],"is_trial":false,"path_per_floor":["M","M","M","$","M","R","E","?","T","M","?","R","M","$","R","B",null,"M","?","M","$","?","R","?","R","T","E","M","E"],"character_chosen":"IRONCLAD","items_purchased":["Dropkick","Clash","Evolve"],"campfire_rested":2,"item_purchase_floors":[4,4,21],"current_hp_per_floor":[58,58,51,51,41,63,39,27,27,27,52,52,43,43,43,27,63,58,58,37,37,37,59,59,59,59,26,30,0],"gold":138,"neow_bonus":"BOSS_RELIC","is_prod":false,"is_daily":false,"chose_seed":false,"campfire_upgraded":3,"win_rate":0,"timestamp":1551376254,"path_taken":["M","M","M","$","M","R","E","?","T","M","?","R","M","$","R","BOSS","M","?","M","$","?","R","?","R","T","E","M","E"],"build_version":"2019-02-06","purchased_purges":1,"victory":false,"max_hp_per_floor":[75,75,75,75,75,75,75,75,75,75,75,75,75,75,75,75,75,75,75,75,75,75,75,75,75,75,75,75,75],"card_choices":[{"not_picked":["Havoc"],"picked":"SKIP","floor":1},{"not_picked":[],"picked":"Wild Strike","floor":2},{"not_picked":[],"picked":"Heavy Blade","floor":3},{"not_picked":[],"picked":"Flex","floor":5},{"not_picked":[],"picked":"Power Through","floor":7},{"not_picked":[],"picked":"Rage","floor":10},{"not_picked":[],"picked":"Cleave","floor":13},{"not_picked":[],"picked":"Demon Form","floor":16},{"not_picked":[],"picked":"Sever Soul","floor":18},{"not_picked":["Clash"],"picked":"SKIP","floor":20},{"not_picked":["Corruption"],"picked":"SKIP","floor":27},{"not_picked":["Flex"],"picked":"SKIP","floor":28}],"player_experience":621728,"relics_obtained":[{"floor":7,"key":"Oddly Smooth Stone"},{"floor":8,"key":"Odd Mushroom"},{"floor":9,"key":"Happy Flower"},{"floor":26,"key":"Self Forming Clay"},{"floor":27,"key":"Meat on the Bone"}],"event_choices":[{"damage_healed":0,"gold_gain":0,"player_choice":"Fought Mushrooms","damage_taken":0,"max_hp_gain":0,"max_hp_loss":0,"event_name":"Mushrooms","floor":8,"gold_loss":0},{"damage_healed":25,"gold_gain":0,"player_choice":"Banana","damage_taken":0,"max_hp_gain":0,"max_hp_loss":0,"event_name":"Big Fish","floor":11,"gold_loss":0},{"damage_healed":0,"gold_gain":0,"player_choice":"Opened","damage_taken":0,"relics_obtained":["Mercury Hourglass"],"max_hp_gain":0,"max_hp_loss":0,"event_name":"The Mausoleum","floor":19,"gold_loss":0,"cards_obtained":["Writhe"]},{"cards_removed":["Strike_R"],"damage_healed":0,"gold_gain":0,"player_choice":"Gave Gold","damage_taken":0,"max_hp_gain":0,"max_hp_loss":0,"event_name":"Beggar","floor":22,"gold_loss":75},{"damage_healed":0,"gold_gain":0,"player_choice":"Simplicity","damage_taken":0,"max_hp_gain":0,"max_hp_loss":0,"event_name":"Back to Basics","floor":24,"gold_loss":0,"cards_upgraded":["Strike_R","Strike_R","Strike_R","Strike_R","Defend_R","Defend_R","Defend_R","Defend_R"]}],"is_beta":true,"boss_relics":[{"not_picked":["Philosopher\u0027s Stone","Black Star"],"picked":"Cursed Key"}],"items_purged_floors":[21],"is_endless":false,"potions_floor_spawned":[7,8,10,13,20,27],"killed_by":"Book of Stabbing","ascension_level":16}