{"gold_per_floor":[116,66,141,141,328,340,366,396,490,502,534,546,568,580,592,604],"floor_reached":16,"playtime":489,"items_purged":[],"score":90,"play_id":"588ed78b-a459-4919-a597-b3278d665943","local_time":"20190104003815","is_ascension_mode":false,"campfire_choices":[{"data":"Neutralize","floor":6,"key":"SMITH"},{"data":"Footwork","floor":10,"key":"SMITH"},{"data":"Endless Agony","floor":12,"key":"SMITH"},{"floor":15,"key":"REST"}],"neow_cost":"NONE","seed_source_timestamp":27197998201015,"circlet_count":0,"master_deck":["Defend_G","Defend_G+1","Defend_G","Defend_G","Strike_G","Strike_G","Strike_G","Strike_G+1","Strike_G","Survivor","Neutralize+1","Endless Agony+1","Doubt","Footwork+1"],"relics":["Black Star","MawBank","Singing Bowl"],"potions_floor_usage":[],"damage_taken":[{"damage":1,"enemies":"Jaw Worm","floor":1,"turns":5},{"damage":0,"enemies":"Small Slimes","floor":7,"turns":3},{"damage":0,"enemies":"2 Louse","floor":8,"turns":3},{"damage":9,"enemies":"2 Fungi Beasts","floor":11,"turns":4},{"damage":4,"enemies":"Large Slime","floor":13,"turns":12},{"damage":0,"enemies":"Slime Boss","floor":16,"turns":1}],"seed_played":"4283498530135082953","potions_obtained":[{"floor":7,"key":"Weak Potion"},{"floor":8,"key":"Weak Potion"},{"floor":13,"key":"FearPotion"}],"is_trial":false,"path_per_floor":["M","?","?","?","?","R","M","M","T","R","M","R","M","?","R","B"],"character_chosen":"THE_SILENT","items_purchased":[],"campfire_rested":1,"item_purchase_floors":[],"current_hp_per_floor":[69,69,58,55,55,55,55,55,55,55,48,48,46,31,53,53],"gold":604,"neow_bonus":"BOSS_RELIC","is_prod":false,"is_daily":false,"chose_seed":false,"campfire_upgraded":3,"win_rate":0,"timestamp":1546569495,"path_taken":["M","?","?","?","?","R","M","M","T","R","M","R","M","?","R","BOSS"],"build_version":"2019-01-03","purchased_purges":0,"victory":false,"max_hp_per_floor":[70,70,70,70,70,70,70,70,70,70,72,72,74,74,74,74],"card_choices":[{"not_picked":["Blade Dance","Deflect"],"picked":"Endless Agony","floor":1},{"not_picked":["Deadly Poison","Calculated Gamble","Choke"],"picked":"SKIP","floor":7},{"not_picked":["Outmaneuver","Noxious Fumes"],"picked":"Footwork","floor":8},{"not_picked":["Leg Sweep","Bane","Terror"],"picked":"Singing Bowl","floor":11},{"not_picked":["Deflect","Blade Dance","Dodge and Roll"],"picked":"Singing Bowl","floor":13}],"player_experience":668448,"relics_obtained":[{"floor":9,"key":"Singing Bowl"}],"event_choices":[{"cards_removed":["Defend_G"],"damage_healed":0,"gold_gain":0,"player_choice":"Card Removal","damage_taken":0,"max_hp_gain":0,"max_hp_loss":0,"event_name":"The Cleric","floor":2,"gold_loss":50},{"damage_healed":0,"gold_gain":75,"player_choice":"Gather Gold","damage_taken":11,"max_hp_gain":0,"max_hp_loss":0,"event_name":"World of Goop","floor":3,"gold_loss":0},{"damage_healed":0,"gold_gain":0,"player_choice":"Success","damage_taken":3,"relics_obtained":["MawBank"],"max_hp_gain":0,"max_hp_loss":0,"event_name":"Scrap Ooze","floor":4,"gold_loss":0},{"damage_healed":0,"gold_gain":175,"player_choice":"AGREE","damage_taken":0,"max_hp_gain":0,"max_hp_loss":0,"event_name":"Liars Game","floor":5,"gold_loss":0,"cards_obtained":["Doubt"]},{"damage_healed":0,"gold_gain":0,"player_choice":"Entered Light","damage_taken":15,"max_hp_gain":0,"max_hp_loss":0,"event_name":"Shining Light","floor":14,"gold_loss":0,"cards_upgraded":["Defend_G","Strike_G"]}],"is_beta":false,"boss_relics":[],"items_purged_floors":[],"is_endless":false,"potions_floor_spawned":[7,8,13],"killed_by":"Slime Boss","ascension_level":0}