{"gold_per_floor":[111,34,34,34,47,78,78,97,97,129,129,129,155,165,165,266,266,283,293,393,38,58,58,71,90,116,136,136,162,172,172],"floor_reached":31,"playtime":1962,"items_purged":["Defend_G"],"score":338,"play_id":"93d72664-a2cb-4acf-89eb-4593b7a4472a","local_time":"20190311184029","is_ascension_mode":true,"campfire_choices":[{"data":"Neutralize","floor":7.0,"key":"SMITH"},{"data":"Skewer","floor":11.0,"key":"SMITH"},{"floor":15.0,"key":"REST"},{"data":"Burst","floor":23,"key":"SMITH"},{"floor":28,"key":"REST"}],"neow_cost":"NONE","seed_source_timestamp":172670867382935,"circlet_count":0,"master_deck":["Defend_G","Defend_G+1","Defend_G","Defend_G","Strike_G","Strike_G","Strike_G","Strike_G","Strike_G","Survivor","Neutralize+1","Endless Agony","Skewer+1","Cloak And Dagger","PiercingWail+1","Backflip","PiercingWail","Regret","Burst+1","Dodge and Roll","Slice","Good Instincts","Backflip+1","Acrobatics","Cloak And Dagger","Bouncing Flask"],"special_seed":0,"relics":["Ring of the Snake","NeowsBlessing","Sundial","Thread and Needle","Pocketwatch","Calipers","Bottled Flame","HoveringKite","Bronze Scales","Happy Flower","War Paint"],"potions_floor_usage":[22],"damage_taken":[{"damage":0.0,"enemies":"Cultist","floor":1.0,"turns":1.0},{"damage":0.0,"enemies":"2 Louse","floor":5.0,"turns":1.0},{"damage":0.0,"enemies":"Gremlin Nob","floor":6.0,"turns":1.0},{"damage":0.0,"enemies":"Small Slimes","floor":8.0,"turns":3.0},{"damage":0.0,"enemies":"3 Sentries","floor":10.0,"turns":6.0},{"damage":24.0,"enemies":"Lagavulin","floor":13.0,"turns":5.0},{"damage":0.0,"enemies":"3 Louse","floor":14.0,"turns":3.0},{"damage":52.0,"enemies":"The Guardian","floor":16.0,"turns":19.0},{"damage":7,"enemies":"2 Thieves","floor":18,"turns":4},{"damage":4,"enemies":"Shell Parasite","floor":19,"turns":11},{"damage":26,"enemies":"Shelled Parasite and Fungi","floor":22,"turns":9},{"damage":20,"enemies":"Snake Plant","floor":24,"turns":6},{"damage":1,"enemies":"Centurion and Healer","floor":25,"turns":12},{"damage":0,"enemies":"Snecko","floor":27,"turns":6},{"damage":4,"enemies":"Chosen and Byrds","floor":30,"turns":5},{"damage":31,"enemies":"Slavers","floor":31,"turns":3}],"seed_played":"-8256800941503080507","potions_obtained":[{"floor":1.0,"key":"Explosive Potion"},{"floor":4.0,"key":"Fire Potion"},{"floor":4.0,"key":"EssenceOfSteel"},{"floor":14.0,"key":"Poison Potion"},{"floor":19,"key":"SkillPotion"},{"floor":25,"key":"Ancient Potion"}],"is_trial":false,"path_per_floor":["M","$","?","?","M","E","R","M","T","E","R","?","E","M","R","B",null,"M","M","?","$","M","R","M","M","T","M","R","T","M","E"],"character_chosen":"THE_SILENT","items_purchased":["Skewer","Bronze Scales","Slice","Good Instincts"],"campfire_rested":2,"item_purchase_floors":[2,21,21,21],"current_hp_per_floor":[70,70,70,70,70,70,70,70,70,70,70,70,46,46,67,15,70,63,59,59,59,33,33,13,12,12,12,33,33,29,0],"gold":172,"neow_bonus":"THREE_ENEMY_KILL","is_prod":false,"is_daily":false,"chose_seed":false,"campfire_upgraded":3,"win_rate":0,"timestamp":1552326029,"path_taken":["M","$","?","?","M","E","R","?","T","E","R","?","E","M","R","BOSS","M","M","?","$","?","R","M","M","T","M","R","?","M","E"],"build_version":"2019-01-23","purchased_purges":1,"victory":false,"max_hp_per_floor":[70,70,70,70,70,70,70,70,70,70,70,70,70,70,70,70,70,70,70,70,70,70,70,70,70,70,70,70,70,70,70],"card_choices":[{"not_picked":["Tactician","Deflect"],"picked":"Endless Agony","floor":1.0},{"not_picked":["Distraction","Leg Sweep"],"picked":"Cloak And Dagger","floor":5.0},{"not_picked":["Predator","Terror"],"picked":"PiercingWail","floor":6.0},{"not_picked":["Catalyst","Acrobatics"],"picked":"Backflip","floor":8.0},{"not_picked":["Deflect","Underhanded Strike"],"picked":"PiercingWail","floor":10.0},{"not_picked":["Deflect","Backflip","Deadly Poison"],"picked":"SKIP","floor":13.0},{"not_picked":["Blade Dance","Bane","Expertise"],"picked":"SKIP","floor":14.0},{"not_picked":["Envenom","Unload"],"picked":"Burst","floor":16.0},{"not_picked":["Dodge and Roll","Flechettes+1","Deflect"],"picked":"SKIP","floor":18},{"not_picked":["Setup","Dagger Spray"],"picked":"Dodge and Roll","floor":19},{"not_picked":["Eviscerate","Calculated Gamble"],"picked":"Backflip+1","floor":22},{"not_picked":["Quick Slash","Infinite Blades"],"picked":"Acrobatics","floor":24},{"not_picked":["Escape Plan","Bane+1","Setup"],"picked":"SKIP","floor":25},{"not_picked":["Calculated Gamble+1","Backflip"],"picked":"Cloak And Dagger","floor":27},{"not_picked":["Concentrate","All Out Attack"],"picked":"Bouncing Flask","floor":30}],"player_experience":177852,"relics_obtained":[{"floor":6.0,"key":"Sundial"},{"floor":9.0,"key":"Thread and Needle"},{"floor":10.0,"key":"Pocketwatch"},{"floor":13.0,"key":"Bottled Flame"},{"floor":26,"key":"Happy Flower"},{"floor":29,"key":"War Paint"}],"event_choices":[{"damage_healed":0.0,"max_hp_gain":0.0,"max_hp_loss":0.0,"gold_gain":0.0,"event_name":"The Cleric","player_choice":"Leave","floor":3.0,"gold_loss":0.0,"damage_taken":0.0},{"damage_healed":0.0,"max_hp_gain":0.0,"max_hp_loss":0.0,"gold_gain":0.0,"event_name":"Lab","player_choice":"Got Potions","floor":4.0,"gold_loss":0.0,"damage_taken":0.0},{"damage_healed":0.0,"max_hp_gain":0.0,"max_hp_loss":0.0,"gold_gain":0.0,"event_name":"Big Fish","player_choice":"Box","floor":12.0,"gold_loss":0.0,"damage_taken":0.0,"relics_obtained":["Calipers"],"cards_obtained":["Regret"]},{"damage_healed":0,"gold_gain":100,"player_choice":"Pray","damage_taken":0,"max_hp_gain":0,"max_hp_loss":0,"event_name":"Golden Shrine","floor":20,"gold_loss":0}],"is_beta":false,"boss_relics":[{"not_picked":["Runic Pyramid","Ectoplasm"],"picked":"HoveringKite"}],"items_purged_floors":[21],"is_endless":false,"potions_floor_spawned":[1,5,8,13,14,19,25],"killed_by":"Slavers","ascension_level":2}