{"gold_per_floor":[109,259,22,22,97,97,62,97,124,124,163,6,6,46,46,46],"floor_reached":16,"playtime":275,"items_purged":["Doubt","Strike_G"],"score":308,"play_id":"ac93fc67-5aa3-4bc9-9f21-00d15426bc44","local_time":"20190306120233","is_ascension_mode":true,"campfire_choices":[{"data":"Footwork","floor":6,"key":"SMITH"},{"data":"Neutralize","floor":10,"key":"SMITH"},{"data":"Survivor","floor":13,"key":"SMITH"},{"data":"Defend_G","floor":15,"key":"SMITH"}],"neow_cost":"NONE","seed_source_timestamp":381270853851111,"circlet_count":0,"master_deck":["AscendersBane","Defend_G","Defend_G","Defend_G","Defend_G","Defend_G+1","Strike_G","Strike_G","Strike_G","Strike_G+1","Survivor+1","Neutralize+1","Footwork+1","Dagger Spray+1","Deadly Poison+1","PiercingWail+1","Backflip+1"],"relics":["Ring of the Snake","NeowsBlessing","PreservedInsect","Golden Idol","Toxic Egg 2","Potion Belt","Whetstone","Centennial Puzzle"],"potions_floor_usage":[14,14,16],"damage_taken":[{"damage":0,"enemies":"2 Louse","floor":1,"turns":1},{"damage":0,"enemies":"Gremlin Nob","floor":8,"turns":1},{"damage":0,"enemies":"Lagavulin","floor":11,"turns":1},{"damage":6,"enemies":"Gremlin Nob","floor":14,"turns":3},{"damage":55,"enemies":"Slime Boss","floor":16,"turns":10}],"seed_played":"-6508308466814238630","potions_obtained":[{"floor":1,"key":"FearPotion"},{"floor":8,"key":"Ancient Potion"},{"floor":14,"key":"Dexterity Potion"}],"is_trial":false,"path_per_floor":["M","?","$","?","?","R","?","E","T","R","E","$","R","E","R","B"],"character_chosen":"THE_SILENT","items_purchased":["PreservedInsect","PiercingWail+1"],"campfire_rested":0,"item_purchase_floors":[3,12],"current_hp_per_floor":[59,59,59,59,48,48,60,60,60,60,60,60,60,54,54,0],"gold":46,"neow_bonus":"THREE_ENEMY_KILL","is_prod":false,"is_daily":false,"chose_seed":false,"campfire_upgraded":4,"win_rate":0,"timestamp":1551870153,"path_taken":["M","?","$","?","?","R","?","E","T","R","E","$","R","E","R","BOSS"],"build_version":"2019-01-23","purchased_purges":2,"victory":false,"max_hp_per_floor":[66,66,66,60,60,60,60,60,60,60,60,60,60,60,60,60],"card_choices":[{"not_picked":["Tactician","Poisoned Stab"],"picked":"Footwork","floor":1},{"not_picked":["Outmaneuver","Expertise"],"picked":"Dagger Spray","floor":8},{"not_picked":["Riddle With Holes","Eviscerate"],"picked":"Deadly Poison+1","floor":11},{"not_picked":["Dagger Throw","Dagger Spray"],"picked":"Backflip+1","floor":14}],"player_experience":907765,"relics_obtained":[{"floor":8,"key":"Toxic Egg 2"},{"floor":9,"key":"Potion Belt"},{"floor":11,"key":"Whetstone"},{"floor":14,"key":"Centennial Puzzle"}],"event_choices":[{"damage_healed":0,"gold_gain":150,"player_choice":"AGREE","damage_taken":0,"max_hp_gain":0,"max_hp_loss":0,"event_name":"Liars Game","floor":2,"gold_loss":0,"cards_obtained":["Doubt"]},{"damage_healed":0,"gold_gain":0,"player_choice":"Lose Max HP","damage_taken":0,"relics_obtained":["Golden Idol"],"max_hp_gain":0,"max_hp_loss":6,"event_name":"Golden Idol","floor":4,"gold_loss":0},{"damage_healed":0,"gold_gain":75,"player_choice":"Gather Gold","damage_taken":11,"max_hp_gain":0,"max_hp_loss":0,"event_name":"World of Goop","floor":5,"gold_loss":0},{"damage_healed":15,"gold_gain":0,"player_choice":"Healed","damage_taken":0,"max_hp_gain":0,"max_hp_loss":0,"event_name":"The Cleric","floor":7,"gold_loss":35}],"is_beta":false,"boss_relics":[],"items_purged_floors":[3,12],"is_endless":false,"potions_floor_spawned":[1,8,14],"killed_by":"Slime Boss","ascension_level":18}