{"gold_per_floor":[111,36,36,136,156,186,186,214,244,263,171,121,121,131,131,206,206,220,233,284,334,386,411,429,443,443,406,426,426,426,441,441,512,512,530,530,4,15,30,30,41,41,68,81,81,81,95,14,14,14],"floor_reached":51,"playtime":1937,"items_purged":[],"score":1294,"play_id":"00beff6c-92d3-4097-a070-ac15584e36e3","local_time":"20190311201617","is_ascension_mode":true,"campfire_choices":[{"data":"Perfected Strike","floor":7,"key":"SMITH"},{"data":"True Grit","floor":13,"key":"SMITH"},{"data":"Body Slam","floor":15,"key":"SMITH"},{"data":"Discovery","floor":29,"key":"SMITH"},{"floor":32,"key":"REST"},{"floor":40,"key":"REST"},{"data":"Heavy Blade","floor":45,"key":"SMITH"},{"floor":49,"key":"REST"}],"neow_cost":"NONE","seed_source_timestamp":351732670513800,"circlet_count":0,"master_deck":["AscendersBane","Strike_R+1","Strike_R","Strike_R","Strike_R+1","Defend_R","Defend_R","Defend_R","Bash","Perfected Strike+1","Dropkick","Body Slam+1","Pommel Strike","Spot Weakness+1","Discovery+1","True Grit+1","Pommel Strike","Barricade","Heavy Blade+1","Shrug It Off","Demon Form","Pommel Strike","Twin Strike+1","Pummel","Necronomicurse","Armaments+1","Limit Break+1","Iron Wave+1","Mayhem+1","Heavy Blade","Pummel","Shrug It Off","Perfected Strike","Sword Boomerang","Entrench"],"relics":["Burning Blood","NeowsBlessing","Meat on the Bone","Blood Vial","PreservedInsect","Tiny Chest","Snecko Eye","Regal Pillow","Whetstone","Shuriken","Frozen Egg 2","Necronomicon","White Beast Statue","Mummified Hand","Torii","War Paint","Ornamental Fan"],"potions_floor_usage":[16,16,24,33,41,50],"damage_taken":[{"damage":0,"enemies":"Cultist","floor":1,"turns":1},{"damage":0,"enemies":"Jaw Worm","floor":5,"turns":1},{"damage":0,"enemies":"3 Sentries","floor":6,"turns":1},{"damage":32,"enemies":"Gremlin Nob","floor":8,"turns":4},{"damage":10,"enemies":"Small Slimes","floor":10,"turns":3},{"damage":18,"enemies":"Red Slaver","floor":14,"turns":4},{"damage":50,"enemies":"Hexaghost","floor":16,"turns":8},{"damage":0,"enemies":"Spheric Guardian","floor":18,"turns":3},{"damage":27,"enemies":"3 Byrds","floor":19,"turns":5},{"damage":47,"enemies":"Slavers","floor":23,"turns":5},{"damage":10,"enemies":"Centurion and Healer","floor":24,"turns":4},{"damage":0,"enemies":"Snecko","floor":25,"turns":2},{"damage":12,"enemies":"Chosen and Byrds","floor":28,"turns":4},{"damage":22,"enemies":"3 Cultists","floor":31,"turns":4},{"damage":37,"enemies":"Automaton","floor":33,"turns":7},{"damage":32,"enemies":"3 Darklings","floor":35,"turns":5},{"damage":0,"enemies":"Orb Walker","floor":38,"turns":2},{"damage":39,"enemies":"4 Shapes","floor":39,"turns":6},{"damage":25,"enemies":"Maw","floor":41,"turns":7},{"damage":21,"enemies":"3 Darklings","floor":44,"turns":4},{"damage":0,"enemies":"Sphere and 2 Shapes","floor":47,"turns":3},{"damage":64,"enemies":"Awakened One","floor":50,"turns":7}],"seed_played":"-4453351584422657173","potions_obtained":[{"floor":6,"key":"Dexterity Potion"},{"floor":8,"key":"Weak Potion"},{"floor":14,"key":"AttackPotion"},{"floor":23,"key":"Weak Potion"},{"floor":24,"key":"EssenceOfSteel"},{"floor":25,"key":"FearPotion"},{"floor":35,"key":"BloodPotion"},{"floor":41,"key":"SteroidPotion"},{"floor":47,"key":"Regen Potion"}],"is_trial":false,"path_per_floor":["M","?","T","?","M","E","R","E","T","M","$","$","R","M","R","B",null,"M","M","T","?","T","E","M","M","T","$","M","R","?","M","R","B",null,"M","?","$","M","M","R","M","T","T","M","R","T","M","$","R","B",null],"character_chosen":"IRONCLAD","items_purchased":["Discovery","True Grit","Pummel","Mayhem+1","Heavy Blade","Mummified Hand","Entrench"],"campfire_rested":3,"item_purchase_floors":[11,12,27,37,37,37,48],"current_hp_per_floor":[74,74,74,74,75,75,75,49,49,47,47,47,47,49,49,19,61,69,50,50,50,50,23,33,53,53,53,49,49,28,26,63,46,68,44,44,44,52,33,70,60,60,60,47,47,47,55,55,75,43],"gold":14,"neow_bonus":"THREE_ENEMY_KILL","is_prod":false,"is_daily":false,"chose_seed":false,"campfire_upgraded":5,"win_rate":0,"timestamp":1552349777,"path_taken":["M","?","?","?","?","E","R","E","T","M","?","$","R","M","R","BOSS","M","M","?","?","?","E","?","M","T","$","M","R","?","M","R","BOSS","M","?","$","M","M","R","M","?","T","M","R","?","M","$","R","BOSS"],"build_version":"2019-02-06","purchased_purges":0,"victory":true,"max_hp_per_floor":[75,75,75,75,75,75,75,75,75,75,75,75,75,75,75,75,75,75,75,75,75,75,75,75,75,75,75,75,75,75,75,75,75,75,75,75,75,75,75,75,75,75,75,75,75,75,75,75,75,75],"card_choices":[{"not_picked":["Anger","Clash"],"picked":"Perfected Strike","floor":1},{"not_picked":["Second Wind","Hemokinesis"],"picked":"Dropkick","floor":5},{"not_picked":["Combust","Flex"],"picked":"Body Slam","floor":6},{"not_picked":["Wild Strike","Rupture"],"picked":"Pommel Strike","floor":8},{"not_picked":["Anger","Wild Strike"],"picked":"Spot Weakness","floor":10},{"not_picked":["Havoc","Sentinel"],"picked":"Pommel Strike","floor":14},{"not_picked":["Bludgeon","Dark Embrace"],"picked":"Barricade","floor":16},{"not_picked":["Wild Strike+1","Armaments"],"picked":"Heavy Blade","floor":18},{"not_picked":["Anger","True Grit"],"picked":"Shrug It Off","floor":19},{"not_picked":["Wild Strike","True Grit"],"picked":"Demon Form","floor":23},{"not_picked":["Clash","Wild Strike"],"picked":"Pommel Strike","floor":24},{"not_picked":["Pummel","Cleave"],"picked":"Twin Strike+1","floor":25},{"not_picked":["Clash","Cleave","Anger"],"picked":"SKIP","floor":28},{"not_picked":["Headbutt+1","Thunderclap"],"picked":"Armaments+1","floor":31},{"not_picked":["Bludgeon","Exhume"],"picked":"Limit Break","floor":33},{"not_picked":["Clash+1","Dual Wield"],"picked":"Iron Wave+1","floor":35},{"not_picked":["Havoc+1","Reckless Charge"],"picked":"Pummel","floor":38},{"not_picked":["Wild Strike+1","Perfected Strike"],"picked":"Shrug It Off","floor":39},{"not_picked":["Heavy Blade","Shrug It Off"],"picked":"Perfected Strike","floor":41},{"not_picked":["Twin Strike","Berserk+1","Perfected Strike"],"picked":"SKIP","floor":44},{"not_picked":["Rampage+1","Iron Wave"],"picked":"Sword Boomerang","floor":47}],"player_experience":637457,"relics_obtained":[{"floor":3,"key":"Meat on the Bone"},{"floor":6,"key":"Blood Vial"},{"floor":8,"key":"PreservedInsect"},{"floor":9,"key":"Tiny Chest"},{"floor":20,"key":"Regal Pillow"},{"floor":22,"key":"Whetstone"},{"floor":23,"key":"Shuriken"},{"floor":26,"key":"Frozen Egg 2"},{"floor":30,"key":"Necronomicon"},{"floor":42,"key":"Torii"},{"floor":43,"key":"War Paint"},{"floor":46,"key":"Ornamental Fan"}],"event_choices":[{"cards_removed":["Defend_R"],"damage_healed":0,"gold_gain":0,"player_choice":"Card Removal","damage_taken":0,"max_hp_gain":0,"max_hp_loss":0,"event_name":"The Cleric","floor":2,"gold_loss":75},{"damage_healed":0,"gold_gain":100,"player_choice":"Gold","damage_taken":0,"max_hp_gain":0,"max_hp_loss":0,"event_name":"Wheel of Change","floor":4,"gold_loss":0},{"damage_healed":0,"gold_gain":50,"player_choice":"Stole From Cult","damage_taken":0,"max_hp_gain":0,"max_hp_loss":0,"event_name":"Nest","floor":21,"gold_loss":0},{"damage_healed":0,"gold_gain":0,"player_choice":"Obtained Book","damage_taken":21,"max_hp_gain":0,"max_hp_loss":0,"event_name":"Cursed Tome","floor":30,"gold_loss":0},{"cards_removed":["Strike_R"],"damage_healed":0,"gold_gain":0,"player_choice":"Removed Attack","damage_taken":0,"max_hp_gain":0,"max_hp_loss":0,"event_name":"Falling","floor":36,"gold_loss":0}],"is_beta":true,"boss_relics":[{"not_picked":["Astrolabe","Pandora\u0027s Box"],"picked":"Snecko Eye"},{"not_picked":["Eternal Feather","Empty Cage"],"picked":"White Beast Statue"}],"items_purged_floors":[],"is_endless":false,"potions_floor_spawned":[6,8,10,14,23,24,25,35,38,39,41,44,47],"ascension_level":16}