{"gold_per_floor":[109,109,109,109,57,57,90,90,90,120,131,131,30,40,40,40],"floor_reached":16,"playtime":637,"items_purged":[],"score":156,"play_id":"37a505a8-0877-4a7b-93ee-fadd3f3b462b","local_time":"20190308235917","is_ascension_mode":false,"campfire_choices":[{"data":"Coolheaded","floor":6,"key":"SMITH"},{"data":"Coolheaded","floor":8,"key":"SMITH"},{"floor":12,"key":"RECALL"},{"data":"Cold Snap","floor":15,"key":"SMITH"}],"neow_cost":"NONE","seed_source_timestamp":675392439032064,"circlet_count":0,"master_deck":["Strike_B","Strike_B","Strike_B","Defend_B","Defend_B","Defend_B","Defend_B","Zap","Dualcast","Coolheaded+1","Coolheaded+1","Amplify","Conserve Battery+1","Cold Snap+1","Hologram+1","Glacier+1"],"relics":["Cracked Core","NeowsBlessing","Symbiotic Virus","Orichalcum","Toxic Egg 2","PreservedInsect"],"potions_floor_usage":[16],"damage_taken":[{"damage":0,"enemies":"2 Louse","floor":1,"turns":1},{"damage":0,"enemies":"3 Sentries","floor":7,"turns":1},{"damage":0,"enemies":"Lagavulin","floor":10,"turns":1},{"damage":3,"enemies":"Small Slimes","floor":11,"turns":3},{"damage":0,"enemies":"Cultist","floor":14,"turns":3},{"damage":61,"enemies":"Hexaghost","floor":16,"turns":21}],"seed_played":"-8885334482481143164","potions_obtained":[{"floor":7,"key":"Energy Potion"},{"floor":14,"key":"EssenceOfSteel"}],"is_trial":false,"path_per_floor":["M","?","?","?","$","R","E","R","T","E","M","R","$","M","R","B"],"character_chosen":"DEFECT","items_purchased":["Coolheaded","Cold Snap","Hologram+1"],"campfire_rested":0,"item_purchase_floors":[5,13,13],"current_hp_per_floor":[75,68,73,61,61,61,61,61,61,61,58,58,58,58,58,0],"gold":40,"neow_bonus":"THREE_ENEMY_KILL","is_prod":false,"is_daily":false,"chose_seed":false,"campfire_upgraded":3,"win_rate":0,"timestamp":1552107557,"path_taken":["M","?","?","?","$","R","E","R","T","E","M","R","$","M","R","BOSS"],"build_version":"2019-01-23","purchased_purges":0,"victory":false,"max_hp_per_floor":[75,75,80,80,80,80,80,80,80,80,80,80,80,80,80,80],"card_choices":[{"not_picked":["Gash","Stack"],"picked":"Coolheaded","floor":1},{"not_picked":["Rainbow","Go for the Eyes"],"picked":"Amplify","floor":7},{"not_picked":["Stack+1","FTL"],"picked":"Conserve Battery+1","floor":10},{"not_picked":["Gash","Sweeping Beam","Rip and Tear"],"picked":"SKIP","floor":11},{"not_picked":["Coolheaded+1","Gash"],"picked":"Glacier+1","floor":14}],"player_experience":1158554,"relics_obtained":[{"floor":7,"key":"Orichalcum"},{"floor":9,"key":"Toxic Egg 2"},{"floor":10,"key":"PreservedInsect"}],"event_choices":[{"cards_removed":["Strike_B"],"damage_healed":0,"gold_gain":0,"player_choice":"Card Removal","damage_taken":7,"max_hp_gain":0,"max_hp_loss":0,"event_name":"Golden Wing","floor":2,"gold_loss":0},{"damage_healed":0,"gold_gain":0,"player_choice":"Donut","damage_taken":0,"max_hp_gain":5,"max_hp_loss":0,"event_name":"Big Fish","floor":3,"gold_loss":0},{"damage_healed":0,"gold_gain":0,"player_choice":"Success","damage_taken":12,"relics_obtained":["Symbiotic Virus"],"max_hp_gain":0,"max_hp_loss":0,"event_name":"Scrap Ooze","floor":4,"gold_loss":0}],"is_beta":false,"boss_relics":[],"items_purged_floors":[],"is_endless":false,"potions_floor_spawned":[7,14],"killed_by":"Hexaghost","ascension_level":0}