{"gold_per_floor":[110,110,110,130,144,144,174,174,197,197,217,217,217,233,233,331,331,344,444,22,22,33,33,53,53,76,90,105,105],"floor_reached":29,"playtime":1136,"items_purged":["Regret"],"score":236,"play_id":"cf00cfe4-f14b-467c-9004-0330606477c1","local_time":"20190310032339","is_ascension_mode":true,"campfire_choices":[{"data":"Bash","floor":6,"key":"SMITH"},{"data":"Rampage","floor":8,"key":"SMITH"},{"data":"Carnage","floor":10,"key":"SMITH"},{"data":"Ghostly Armor","floor":13,"key":"SMITH"},{"data":"Defend_R","floor":15,"key":"SMITH"},{"data":"Demon Form","floor":23,"key":"SMITH"}],"neow_cost":"NONE","seed_source_timestamp":32970592442894,"circlet_count":0,"master_deck":["Strike_R","Strike_R","Strike_R","Strike_R","Defend_R+1","Defend_R+1","Defend_R","Defend_R+1","Bash+1","Ghostly Armor+1","Carnage+1","Rampage+1","Demon Form+1","True Grit","Headbutt","Shrug It Off+1"],"relics":["Black Blood","Orichalcum","GremlinMask","Red Skull","War Paint","Torii","Meat on the Bone","Oddly Smooth Stone","Sling","Unceasing Top","MutagenicStrength"],"potions_floor_usage":[16,16,16,19,29],"damage_taken":[{"damage":12,"enemies":"2 Louse","floor":1,"turns":3},{"damage":5,"enemies":"Jaw Worm","floor":4,"turns":4},{"damage":5,"enemies":"Cultist","floor":5,"turns":4},{"damage":45,"enemies":"Lagavulin","floor":7,"turns":8},{"damage":9,"enemies":"3 Louse","floor":11,"turns":5},{"damage":0,"enemies":"Red Slaver","floor":14,"turns":2},{"damage":18,"enemies":"Hexaghost","floor":16,"turns":9},{"damage":38,"enemies":"Shell Parasite","floor":18,"turns":9},{"damage":14,"enemies":"Colosseum Slavers","floor":19,"turns":4},{"damage":46,"enemies":"Colosseum Nobs","floor":19,"turns":7},{"damage":11,"enemies":"2 Thieves","floor":22,"turns":5},{"damage":14,"enemies":"Snake Plant","floor":24,"turns":4},{"damage":1,"enemies":"Snecko","floor":27,"turns":4},{"damage":10,"enemies":"Centurion and Healer","floor":28,"turns":11},{"damage":67,"enemies":"Book of Stabbing","floor":29,"turns":7}],"seed_played":"8115672385952761066","potions_obtained":[{"floor":1,"key":"SpeedPotion"},{"floor":5,"key":"Swift Potion"},{"floor":7,"key":"Dexterity Potion"},{"floor":11,"key":"Block Potion"},{"floor":18,"key":"Fire Potion"},{"floor":19,"key":"SteroidPotion"},{"floor":24,"key":"EssenceOfSteel"}],"is_trial":false,"path_per_floor":["M","?","?","M","M","R","E","R","T","R","M","?","R","M","R","B",null,"M","?","$","?","M","R","M","?","T","M","M","E"],"character_chosen":"IRONCLAD","items_purchased":["Oddly Smooth Stone","Sling"],"campfire_rested":0,"item_purchase_floors":[20,20],"current_hp_per_floor":[82,82,82,83,84,84,45,45,45,45,42,42,42,48,48,36,88,60,20,20,20,31,31,39,39,39,60,60,0],"gold":105,"neow_bonus":"TEN_PERCENT_HP_BONUS","is_prod":false,"is_daily":false,"chose_seed":false,"campfire_upgraded":6,"win_rate":0,"timestamp":1552184619,"path_taken":["M","?","?","M","?","R","E","R","T","R","M","?","R","M","R","BOSS","M","?","$","?","?","R","M","?","T","M","M","E"],"build_version":"2019-01-23","purchased_purges":1,"victory":false,"max_hp_per_floor":[88,88,88,88,88,88,88,88,88,88,88,88,88,88,88,88,88,88,88,88,88,88,88,88,88,88,88,88,88],"card_choices":[{"not_picked":["Rampage","Dropkick"],"picked":"Ghostly Armor","floor":1},{"not_picked":["Perfected Strike","Reckless Charge"],"picked":"Carnage","floor":4},{"not_picked":["Ghostly Armor","Sever Soul"],"picked":"Rampage","floor":5},{"not_picked":["Metallicize","Ghostly Armor","Flex"],"picked":"SKIP","floor":7},{"not_picked":["Sword Boomerang","Clash","Heavy Blade"],"picked":"SKIP","floor":11},{"not_picked":["Pummel","Burning Pact","Rage"],"picked":"SKIP","floor":14},{"not_picked":["Fiend Fire","Brutality"],"picked":"Demon Form","floor":16},{"not_picked":["Perfected Strike","Wild Strike"],"picked":"True Grit","floor":18},{"not_picked":["Pummel","Impervious"],"picked":"Headbutt","floor":22},{"not_picked":["Seeing Red","Perfected Strike"],"picked":"Shrug It Off+1","floor":24},{"not_picked":["Clash","Twin Strike","Havoc"],"picked":"SKIP","floor":27},{"not_picked":["Pommel Strike","Sword Boomerang","Corruption"],"picked":"SKIP","floor":28}],"player_experience":147835,"relics_obtained":[{"floor":7,"key":"Red Skull"},{"floor":9,"key":"War Paint"},{"floor":19,"key":"Torii"},{"floor":19,"key":"Meat on the Bone"}],"event_choices":[{"damage_healed":0,"gold_gain":0,"player_choice":"Box","damage_taken":0,"relics_obtained":["Orichalcum"],"max_hp_gain":0,"max_hp_loss":0,"event_name":"Big Fish","floor":2,"gold_loss":0,"cards_obtained":["Regret"]},{"damage_healed":0,"gold_gain":0,"player_choice":"Trade","damage_taken":0,"relics_obtained":["GremlinMask"],"max_hp_gain":0,"max_hp_loss":0,"event_name":"FaceTrader","floor":3,"gold_loss":0},{"cards_removed":["Strike_R"],"damage_healed":0,"gold_gain":0,"player_choice":"Offered Basic","damage_taken":0,"max_hp_gain":0,"max_hp_loss":0,"event_name":"Bonfire Elementals","floor":12,"gold_loss":0},{"damage_healed":0,"gold_gain":0,"player_choice":"Fight","damage_taken":0,"max_hp_gain":0,"max_hp_loss":0,"event_name":"Colosseum","floor":19,"gold_loss":0},{"damage_healed":0,"gold_gain":0,"player_choice":"Fought Nobs","damage_taken":0,"max_hp_gain":0,"max_hp_loss":0,"event_name":"Colosseum","floor":19,"gold_loss":0},{"damage_healed":0,"gold_gain":0,"player_choice":"Gave Potion","damage_taken":0,"relics_obtained":["Unceasing Top"],"max_hp_gain":0,"max_hp_loss":0,"event_name":"WeMeetAgain","floor":21,"gold_loss":0},{"damage_healed":0,"gold_gain":0,"player_choice":"Inject Mutagens","damage_taken":0,"relics_obtained":["MutagenicStrength"],"max_hp_gain":0,"max_hp_loss":0,"event_name":"Drug Dealer","floor":25,"gold_loss":0}],"is_beta":false,"boss_relics":[{"not_picked":["Astrolabe","Busted Crown"],"picked":"Black Blood"}],"items_purged_floors":[20],"is_endless":false,"potions_floor_spawned":[1,5,7,11,18,19,24],"killed_by":"Book of Stabbing","ascension_level":1}