{"gold_per_floor":[364,58,77,87,97,97,127,127,152,171,197,197,372,392,392,493,493,506,506,31,45,64,64,64,81,81,94,105,105],"floor_reached":29,"playtime":1160,"items_purged":["Warcry"],"score":459,"play_id":"cee47952-93bd-4449-9282-fe5ea93ad248","local_time":"20190306144139","is_ascension_mode":true,"campfire_choices":[{"data":"True Grit","floor":6,"key":"SMITH"},{"data":"Whirlwind","floor":8,"key":"SMITH"},{"data":"Bash","floor":15,"key":"SMITH"},{"floor":23,"key":"REST"}],"neow_cost":"CURSE","seed_source_timestamp":2166139091883,"circlet_count":0,"master_deck":["AscendersBane","Strike_R","Strike_R","Strike_R","Strike_R","Strike_R","Defend_R","Defend_R","Defend_R","Defend_R","Bash+1","Injury","Seeing Red+1","True Grit+1","Headbutt","Pommel Strike","Whirlwind+1","Regret","Doubt","Offering","Doubt","Injury","Injury","Clothesline","Feed","Shrug It Off","Headbutt","Second Wind","Ghostly Armor","Disarm"],"relics":["Burning Blood","Du-Vu Doll","Regal Pillow","Vajra","Kunai","Calling Bell","Strawberry","Matryoshka","Charon\u0027s Ashes","Sling","Happy Flower","Red Skull"],"potions_floor_usage":[7,11,16,21,22,27,29],"damage_taken":[{"damage":14,"enemies":"Small Slimes","floor":1,"turns":4},{"damage":7,"enemies":"2 Louse","floor":3,"turns":2},{"damage":1,"enemies":"Cultist","floor":4,"turns":3},{"damage":9,"enemies":"Large Slime","floor":5,"turns":7},{"damage":18,"enemies":"Gremlin Nob","floor":7,"turns":3},{"damage":0,"enemies":"Blue Slaver","floor":10,"turns":3},{"damage":1,"enemies":"3 Sentries","floor":11,"turns":2},{"damage":0,"enemies":"3 Louse","floor":14,"turns":1},{"damage":58,"enemies":"The Guardian","floor":16,"turns":8},{"damage":8,"enemies":"Chosen","floor":18,"turns":3},{"damage":30,"enemies":"2 Thieves","floor":21,"turns":3},{"damage":32,"enemies":"Snake Plant","floor":22,"turns":3},{"damage":37,"enemies":"Shelled Parasite and Fungi","floor":25,"turns":4},{"damage":19,"enemies":"Sentry and Sphere","floor":27,"turns":4},{"damage":20,"enemies":"Snake Plant","floor":28,"turns":3},{"damage":0,"enemies":"Colosseum Slavers","floor":29,"turns":1}],"seed_played":"6756060007593278019","potions_obtained":[{"floor":1,"key":"SpeedPotion"},{"floor":5,"key":"Energy Potion"},{"floor":7,"key":"Energy Potion"},{"floor":14,"key":"LiquidBronze"},{"floor":22,"key":"Fire Potion"},{"floor":28,"key":"SteroidPotion"}],"is_trial":false,"path_per_floor":["M","$","M","M","M","R","E","R","T","M","E","?","?","M","R","B",null,"M","?","$","M","M","R","?","M","T","M","M","?"],"character_chosen":"IRONCLAD","items_purchased":["Du-Vu Doll","Sling","Feed","PowerPotion"],"campfire_rested":1,"item_purchase_floors":[2,20,20,20],"current_hp_per_floor":[64,64,63,68,65,65,53,53,53,59,64,64,64,70,70,18,72,70,70,70,49,26,68,68,37,37,24,10,10],"gold":105,"neow_bonus":"TWO_FIFTY_GOLD","is_prod":false,"is_daily":false,"chose_seed":false,"campfire_upgraded":3,"win_rate":0,"timestamp":1551894099,"path_taken":["M","$","M","M","M","R","E","R","T","M","E","?","?","M","R","BOSS","M","?","$","M","?","R","?","M","T","M","M","?"],"build_version":"2019-01-23","purchased_purges":1,"victory":false,"max_hp_per_floor":[80,80,80,80,80,80,80,80,80,80,80,80,80,80,80,80,87,87,87,87,90,93,93,93,93,93,93,93,93],"card_choices":[{"not_picked":["Heavy Blade","Shockwave"],"picked":"Seeing Red","floor":1},{"not_picked":["Shockwave","Sword Boomerang"],"picked":"True Grit","floor":3},{"not_picked":["Twin Strike","Sentinel"],"picked":"Headbutt","floor":4},{"not_picked":["Entrench","Havoc"],"picked":"Pommel Strike","floor":5},{"not_picked":["Body Slam","Fiend Fire"],"picked":"Whirlwind","floor":7},{"not_picked":["Searing Blow","Shockwave","Flex"],"picked":"SKIP","floor":10},{"not_picked":["Infernal Blade","Battle Trance"],"picked":"Warcry","floor":11},{"not_picked":["Clash","Flex","Wild Strike"],"picked":"SKIP","floor":14},{"not_picked":["Dark Embrace","Berserk"],"picked":"Offering","floor":16},{"not_picked":["Flex","Clash+1"],"picked":"Clothesline","floor":18},{"not_picked":["Bloodletting","Sword Boomerang+1"],"picked":"Shrug It Off","floor":21},{"not_picked":["Reckless Charge","Body Slam+1"],"picked":"Headbutt","floor":22},{"not_picked":["Pommel Strike","Havoc"],"picked":"Second Wind","floor":25},{"not_picked":["Twin Strike","Wild Strike"],"picked":"Ghostly Armor","floor":27},{"not_picked":["Wild Strike+1","Body Slam"],"picked":"Disarm","floor":28}],"player_experience":700388,"relics_obtained":[{"floor":7,"key":"Regal Pillow"},{"floor":11,"key":"Vajra"},{"floor":17,"key":"Strawberry"},{"floor":17,"key":"Matryoshka"},{"floor":17,"key":"Charon\u0027s Ashes"},{"floor":26,"key":"Happy Flower"},{"floor":26,"key":"Red Skull"}],"event_choices":[{"damage_healed":0,"gold_gain":0,"player_choice":"Box","damage_taken":0,"relics_obtained":["Kunai"],"max_hp_gain":0,"max_hp_loss":0,"event_name":"Big Fish","floor":12,"gold_loss":0,"cards_obtained":["Regret"]},{"damage_healed":0,"gold_gain":175,"player_choice":"AGREE","damage_taken":0,"max_hp_gain":0,"max_hp_loss":0,"event_name":"Liars Game","floor":13,"gold_loss":0,"cards_obtained":["Doubt"]},{"damage_healed":0,"gold_gain":0,"player_choice":"Upgraded","damage_taken":0,"max_hp_gain":0,"max_hp_loss":0,"event_name":"Upgrade Shrine","floor":19,"gold_loss":0,"cards_upgraded":["Seeing Red"]},{"damage_healed":0,"gold_gain":0,"player_choice":"Ignored","damage_taken":0,"max_hp_gain":0,"max_hp_loss":0,"event_name":"Ghosts","floor":24,"gold_loss":0},{"damage_healed":0,"gold_gain":0,"player_choice":"Fight","damage_taken":0,"max_hp_gain":0,"max_hp_loss":0,"event_name":"Colosseum","floor":29,"gold_loss":0}],"is_beta":false,"boss_relics":[{"not_picked":["Velvet Choker","Sozu"],"picked":"Calling Bell"}],"items_purged_floors":[20],"is_endless":false,"potions_floor_spawned":[1,5,7,14,22,28],"killed_by":"Colosseum Slavers","ascension_level":10}