{"gold_per_floor":[114,127,302,8,8,8,36,36,36,36],"floor_reached":10,"playtime":962,"items_purged":["Doubt"],"score":64,"play_id":"8fae8292-f2cf-47ec-a441-4e756ae5b35b","local_time":"20190305143708","is_ascension_mode":false,"campfire_choices":[{"data":"Well Laid Plans","floor":6,"key":"SMITH"},{"data":"Night Terror","floor":8,"key":"SMITH"}],"neow_cost":"NONE","seed_source_timestamp":2284484360093,"circlet_count":0,"master_deck":["Defend_G+1","Defend_G","Defend_G","Defend_G","Defend_G","Strike_G","Strike_G","Strike_G","Strike_G","Strike_G","Survivor+1","Neutralize","Prepared","Night Terror+1","Well Laid Plans+1","PiercingWail"],"relics":["Ring of the Snake","Bag of Preparation","Pantograph","Darkstone Periapt"],"potions_floor_usage":[],"damage_taken":[{"damage":0,"enemies":"Jaw Worm","floor":1,"turns":4},{"damage":0,"enemies":"2 Louse","floor":2,"turns":2},{"damage":17,"enemies":"3 Sentries","floor":7,"turns":17},{"damage":43,"enemies":"The Mushroom Lair","floor":10,"turns":6}],"seed_played":"-2728746582619267087","potions_obtained":[{"floor":7,"key":"Strength Potion"}],"is_trial":false,"path_per_floor":["M","M","?","$","?","R","E","R","T","?"],"character_chosen":"THE_SILENT","items_purchased":["Night Terror","Well Laid Plans"],"campfire_rested":0,"item_purchase_floors":[4,4],"current_hp_per_floor":[70,70,70,70,56,56,39,39,39,0],"gold":36,"neow_bonus":"RANDOM_COMMON_RELIC","is_prod":false,"is_daily":false,"chose_seed":false,"campfire_upgraded":2,"win_rate":0.0,"timestamp":1551793028,"path_taken":["M","M","?","$","?","R","E","R","T","?"],"build_version":"2019-01-23","purchased_purges":1,"victory":false,"max_hp_per_floor":[70,70,70,70,70,70,70,70,70,70],"card_choices":[{"not_picked":["PiercingWail","Blade Dance"],"picked":"Prepared","floor":1},{"not_picked":["Underhanded Strike","Choke","Finisher"],"picked":"SKIP","floor":2},{"not_picked":["Dash","Dagger Spray"],"picked":"PiercingWail","floor":7}],"player_experience":46705,"relics_obtained":[{"floor":7,"key":"Pantograph"},{"floor":9,"key":"Darkstone Periapt"}],"event_choices":[{"damage_healed":0,"gold_gain":175,"player_choice":"AGREE","damage_taken":0,"max_hp_gain":0,"max_hp_loss":0,"event_name":"Liars Game","floor":3,"gold_loss":0,"cards_obtained":["Doubt"]},{"damage_healed":0,"gold_gain":0,"player_choice":"Entered Light","damage_taken":14,"max_hp_gain":0,"max_hp_loss":0,"event_name":"Shining Light","floor":5,"gold_loss":0,"cards_upgraded":["Survivor","Defend_G"]},{"damage_healed":0,"gold_gain":0,"player_choice":"Fought Mushrooms","damage_taken":0,"max_hp_gain":0,"max_hp_loss":0,"event_name":"Mushrooms","floor":10,"gold_loss":0}],"is_beta":false,"boss_relics":[],"items_purged_floors":[4],"is_endless":false,"potions_floor_spawned":[7],"killed_by":"The Mushroom Lair","ascension_level":0}