{"gold_per_floor":[118,130,54,65,75,75,94,94,121,121,140,140,171,189,189,261,261,280,303,303,150,65,65,75,25,25,25],"floor_reached":27,"playtime":758,"items_purged":["Regret","Injury"],"score":394,"play_id":"489d3ed8-0109-4aa5-9828-89f8e9b0b002","local_time":"20190311074224","is_ascension_mode":true,"campfire_choices":[{"data":"Demon Form","floor":6,"key":"SMITH"},{"data":"Uppercut","floor":8,"key":"SMITH"},{"floor":12,"key":"REST"},{"floor":15,"key":"REST"},{"floor":23,"key":"REST"}],"neow_cost":"NONE","seed_source_timestamp":860643178371828,"circlet_count":0,"master_deck":["AscendersBane","Strike_R","Strike_R","Strike_R","Strike_R","Defend_R","Defend_R","Defend_R","Defend_R","Bash","Panacea","Entrench","Shockwave","Demon Form+1","Uppercut+1","Shrug It Off","Infernal Blade","Parasite","Panacea"],"relics":["Burning Blood","Ancient Tea Set","Smiling Mask","Calling Bell","Orichalcum","Mercury Hourglass","Calipers","Juzu Bracelet","Vajra","Pear"],"potions_floor_usage":[7,13,16,18,27],"damage_taken":[{"damage":6,"enemies":"Cultist","floor":1,"turns":3},{"damage":2,"enemies":"2 Louse","floor":2,"turns":3},{"damage":3,"enemies":"Small Slimes","floor":4,"turns":3},{"damage":16,"enemies":"Exordium Wildlife","floor":5,"turns":5},{"damage":24,"enemies":"Large Slime","floor":7,"turns":4},{"damage":13,"enemies":"3 Louse","floor":11,"turns":4},{"damage":30,"enemies":"Lagavulin","floor":13,"turns":6},{"damage":22,"enemies":"Looter","floor":14,"turns":4},{"damage":16,"enemies":"Slime Boss","floor":16,"turns":6},{"damage":41,"enemies":"Chosen","floor":18,"turns":7},{"damage":21,"enemies":"Shell Parasite","floor":24,"turns":6},{"damage":62,"enemies":"3 Cultists","floor":27,"turns":5}],"seed_played":"195349031835848038","potions_obtained":[{"floor":1,"key":"BloodPotion"},{"floor":5,"key":"PowerPotion"},{"floor":11,"key":"GamblersBrew"},{"floor":14,"key":"EssenceOfSteel"},{"floor":18,"key":"EssenceOfSteel"}],"is_trial":false,"path_per_floor":["M","M","$","M","M","R","M","R","T","?","M","R","E","M","R","B",null,"M","T","?","$","?","R","M","$","T","M"],"character_chosen":"IRONCLAD","items_purchased":["Shockwave","Panacea"],"campfire_rested":3,"item_purchase_floors":[3,21],"current_hp_per_floor":[68,72,72,75,65,65,54,54,54,54,47,69,45,29,51,41,67,32,32,32,32,32,54,39,39,49,0],"gold":25,"neow_bonus":"RANDOM_COLORLESS","is_prod":false,"is_daily":false,"chose_seed":false,"campfire_upgraded":2,"win_rate":0,"timestamp":1552326144,"path_taken":["M","M","$","M","?","R","M","R","T","?","M","R","E","M","R","BOSS","M","?","?","?","?","R","M","$","T","M"],"build_version":"2019-01-23","purchased_purges":2,"victory":false,"max_hp_per_floor":[75,75,75,75,75,75,75,75,75,75,75,75,75,75,75,75,75,75,75,75,75,75,75,75,75,85,85],"card_choices":[{"not_picked":["Body Slam","Cleave","Sentinel"],"picked":"SKIP","floor":1},{"not_picked":["Seeing Red","Havoc"],"picked":"Entrench","floor":2},{"not_picked":["Cleave","Pummel","Clothesline"],"picked":"SKIP","floor":4},{"not_picked":["Clothesline","Anger"],"picked":"Demon Form","floor":5},{"not_picked":["Pommel Strike","Reckless Charge"],"picked":"Uppercut","floor":7},{"not_picked":["Pommel Strike","True Grit"],"picked":"Shrug It Off","floor":11},{"not_picked":["Flex","Blood for Blood","Warcry"],"picked":"SKIP","floor":13},{"not_picked":["Twin Strike","Body Slam"],"picked":"Infernal Blade","floor":14},{"not_picked":["Perfected Strike","Pommel Strike","Twin Strike"],"picked":"SKIP","floor":18},{"not_picked":["Twin Strike","Sword Boomerang","Headbutt"],"picked":"SKIP","floor":24}],"player_experience":492382,"relics_obtained":[{"floor":9,"key":"Ancient Tea Set"},{"floor":13,"key":"Smiling Mask"},{"floor":17,"key":"Orichalcum"},{"floor":17,"key":"Mercury Hourglass"},{"floor":17,"key":"Calipers"},{"floor":19,"key":"Juzu Bracelet"},{"floor":26,"key":"Pear"}],"event_choices":[{"cards_removed":["Strike_R"],"damage_healed":0,"gold_gain":0,"player_choice":"Purged","damage_taken":0,"max_hp_gain":0,"max_hp_loss":0,"event_name":"Purifier","floor":10,"gold_loss":0},{"damage_healed":0,"gold_gain":0,"player_choice":"Ignored","damage_taken":0,"max_hp_gain":0,"max_hp_loss":0,"event_name":"Beggar","floor":20,"gold_loss":0},{"damage_healed":0,"gold_gain":0,"player_choice":"Obtained Relic","damage_taken":0,"relics_obtained":["Vajra"],"max_hp_gain":0,"max_hp_loss":0,"event_name":"Addict","floor":22,"gold_loss":85}],"is_beta":false,"boss_relics":[{"not_picked":["Runic Pyramid","Empty Cage"],"picked":"Calling Bell"}],"items_purged_floors":[21,25],"is_endless":false,"potions_floor_spawned":[1,5,11,14,18],"killed_by":"3 Cultists","ascension_level":17}