{"gold_per_floor":[119,119,119,4,22,22,55,55,55,55,4,32,46,59,59,138,138,154,154,141,141,41,67,79,102,102,122,122,154,154,167,167,244,244,261,261,261,261,57,57,85,85,85,85,103,203,235,45,45,45],"floor_reached":51,"playtime":4240,"items_purged":["Strike_B","Pain","Writhe","Lockon+1"],"score":1435,"play_id":"1ba99cc1-34aa-4af6-9511-a9d346047c74","local_time":"20190311151755","is_ascension_mode":true,"campfire_choices":[{"data":"Hologram","floor":6,"key":"SMITH"},{"floor":8,"key":"REST"},{"floor":10,"key":"REST"},{"data":"Reprogram","floor":15,"key":"SMITH"},{"floor":28,"key":"REST"},{"floor":30,"key":"REST"},{"data":"Glacier","floor":32,"key":"SMITH"},{"floor":40,"key":"REST"},{"floor":42,"key":"REST"},{"floor":44,"key":"RECALL"},{"floor":49,"key":"REST"}],"neow_cost":"NONE","seed_source_timestamp":2054872709367013,"circlet_count":0,"master_deck":["AscendersBane","Defend_B","Defend_B","Defend_B","Zap","Dualcast","Doom and Gloom+1","FTL+1","Hologram+1","Chill","Defragment","Steam","Glacier+1","Gash","Reprogram+1","Machine Learning+1","Self Repair+1","BootSequence","Gash+1","Gash+1","Chill+1","Creative AI+1","Violence","Recycle","Capacitor+1","Streamline+1","Storm+1","Storm+1"],"relics":["Astrolabe","Dodecahedron","Singing Bowl","Letter Opener","Frozen Egg 2","Nuclear Battery","DataDisk","WarpedTongs","Molten Egg 2","Anchor","Cables","Ancient Tea Set","Fusion Hammer","Calipers","Question Card","Pocketwatch","Happy Flower"],"potions_floor_usage":[7,12,16,29,45],"damage_taken":[{"damage":7,"enemies":"Jaw Worm","floor":1,"turns":3},{"damage":0,"enemies":"2 Louse","floor":5,"turns":2},{"damage":11,"enemies":"3 Sentries","floor":7,"turns":4},{"damage":0,"enemies":"Lagavulin","floor":12,"turns":6},{"damage":0,"enemies":"Cultist","floor":13,"turns":3},{"damage":6,"enemies":"Exordium Thugs","floor":14,"turns":4},{"damage":46,"enemies":"Hexaghost","floor":16,"turns":10},{"damage":14,"enemies":"Spheric Guardian","floor":18,"turns":5},{"damage":17,"enemies":"2 Thieves","floor":20,"turns":4},{"damage":24,"enemies":"Slavers","floor":23,"turns":7},{"damage":14,"enemies":"Sentry and Sphere","floor":24,"turns":8},{"damage":0,"enemies":"Chosen and Byrds","floor":27,"turns":7},{"damage":0,"enemies":"Gremlin Leader","floor":29,"turns":6},{"damage":11,"enemies":"Snecko","floor":31,"turns":7},{"damage":64,"enemies":"Champ","floor":33,"turns":10},{"damage":3,"enemies":"3 Darklings","floor":35,"turns":7},{"damage":28,"enemies":"Giant Head","floor":41,"turns":11},{"damage":0,"enemies":"3 Shapes","floor":45,"turns":4},{"damage":29,"enemies":"Mind Bloom Boss Battle","floor":46,"turns":8},{"damage":0,"enemies":"Reptomancer","floor":47,"turns":8},{"damage":53,"enemies":"Time Eater","floor":50,"turns":10}],"seed_played":"-8339498693386195346","potions_obtained":[{"floor":5,"key":"PowerPotion"},{"floor":7,"key":"FocusPotion"},{"floor":12,"key":"Poison Potion"},{"floor":16,"key":"Dexterity Potion"},{"floor":24,"key":"Fire Potion"},{"floor":31,"key":"Explosive Potion"},{"floor":45,"key":"Explosive Potion"}],"is_trial":false,"path_per_floor":["M","?","?","$","M","R","E","R","T","R","$","E","M","M","R","B",null,"M","?","M","?","$","E","M","T","T","M","R","E","R","M","R","B",null,"M","?","?","?","$","R","E","R","T","R","M","?","E","$","R","B",null],"character_chosen":"DEFECT","items_purchased":["Chill","Steam","Recycle","Storm+1"],"campfire_rested":7,"item_purchase_floors":[4,11,39,48],"current_hp_per_floor":[57,57,57,57,57,57,48,69,69,73,73,73,73,67,67,21,60,48,48,31,31,31,17,13,13,13,25,48,58,77,66,66,12,61,70,70,70,64,64,79,61,79,79,79,81,62,72,72,81,38],"gold":45,"neow_bonus":"BOSS_RELIC","is_prod":false,"is_daily":false,"chose_seed":false,"campfire_upgraded":3,"win_rate":0,"timestamp":1552295875,"path_taken":["M","?","?","?","M","R","E","R","T","R","$","E","M","?","R","BOSS","M","?","M","?","$","E","?","?","T","M","R","E","R","M","R","BOSS","M","?","?","?","$","R","E","R","T","R","?","?","E","?","R","BOSS"],"build_version":"2019-01-23","purchased_purges":4,"victory":true,"max_hp_per_floor":[71,71,71,71,71,71,73,73,73,73,73,73,73,73,73,73,73,75,75,75,75,75,75,75,75,75,77,77,77,77,77,77,77,77,79,79,75,79,79,79,79,79,79,79,81,81,81,81,81,81],"card_choices":[{"not_picked":["Steam","Rebound"],"picked":"Hologram","floor":1},{"not_picked":["Static Discharge","Stack"],"picked":"Defragment","floor":5},{"not_picked":["Double Energy","Barrage","Rip and Tear"],"picked":"Singing Bowl","floor":7},{"not_picked":["Fusion","Reinforced Body"],"picked":"Glacier","floor":12},{"not_picked":["Thunder Strike","Beam Cell"],"picked":"Gash","floor":13},{"not_picked":["Compile Driver","Turbo"],"picked":"Reprogram","floor":14},{"not_picked":["Core Surge","Multi-Cast"],"picked":"Machine Learning+1","floor":16},{"not_picked":["Hologram","Static Discharge+1","Capacitor+1"],"picked":"Singing Bowl","floor":18},{"not_picked":["Coolheaded","Leap"],"picked":"Self Repair+1","floor":20},{"not_picked":["Steam Power","Turbo"],"picked":"BootSequence","floor":23},{"not_picked":["Double Energy","Redo"],"picked":"Gash+1","floor":24},{"not_picked":["Ball Lightning+1","Go for the Eyes+1","Conserve Battery"],"picked":"Singing Bowl","floor":27},{"not_picked":["Redo","Beam Cell+1"],"picked":"Gash+1","floor":29},{"not_picked":["Rebound+1","Buffer+1"],"picked":"Chill+1","floor":31},{"not_picked":["Thunder Strike+1","Biased Cognition+1"],"picked":"Creative AI+1","floor":33},{"not_picked":["Doom and Gloom+1","Cold Snap+1","Blizzard+1"],"picked":"Singing Bowl","floor":35},{"not_picked":["Master of Strategy","Panacea"],"picked":"Violence","floor":38},{"not_picked":["Mayhem+1","Madness","Jack Of All Trades"],"picked":"Singing Bowl","floor":38},{"not_picked":["Thinking Ahead","Chrysalis","PanicButton"],"picked":"Singing Bowl","floor":38},{"not_picked":["Cold Snap+1","Go for the Eyes+1"],"picked":"Capacitor+1","floor":41},{"not_picked":["Ball Lightning+1","Compile Driver+1","Reprogram","Hologram"],"picked":"Singing Bowl","floor":45},{"not_picked":["Conserve Battery","Cold Snap+1","Stack+1"],"picked":"Streamline+1","floor":46},{"not_picked":["Go for the Eyes+1","Reprogram","Barrage+1"],"picked":"Storm+1","floor":47}],"player_experience":972843,"relics_obtained":[{"floor":7,"key":"Singing Bowl"},{"floor":9,"key":"Letter Opener"},{"floor":12,"key":"Frozen Egg 2"},{"floor":23,"key":"Molten Egg 2"},{"floor":25,"key":"Anchor"},{"floor":26,"key":"Cables"},{"floor":29,"key":"Ancient Tea Set"},{"floor":41,"key":"Calipers"},{"floor":43,"key":"Question Card"},{"floor":46,"key":"Pocketwatch"},{"floor":47,"key":"Happy Flower"}],"event_choices":[{"damage_healed":0,"gold_gain":0,"player_choice":"Box","damage_taken":0,"relics_obtained":["Dodecahedron"],"max_hp_gain":0,"max_hp_loss":0,"event_name":"Big Fish","floor":2,"gold_loss":0,"cards_obtained":["Regret"]},{"cards_removed":["Regret"],"damage_healed":0,"gold_gain":0,"player_choice":"Forget","damage_taken":0,"max_hp_gain":0,"max_hp_loss":0,"event_name":"Living Wall","floor":3,"gold_loss":0},{"damage_healed":0,"gold_gain":0,"player_choice":"Opened","damage_taken":0,"relics_obtained":["DataDisk"],"max_hp_gain":0,"max_hp_loss":0,"event_name":"The Mausoleum","floor":19,"gold_loss":0,"cards_obtained":["Writhe"]},{"damage_healed":0,"gold_gain":0,"player_choice":"Rummage","damage_taken":0,"relics_obtained":["WarpedTongs"],"max_hp_gain":0,"max_hp_loss":0,"event_name":"Accursed Blacksmith","floor":21,"gold_loss":0,"cards_obtained":["Pain"]},{"cards_removed":["Defend_B"],"damage_healed":0,"gold_gain":0,"player_choice":"Removed Skill","damage_taken":0,"max_hp_gain":0,"max_hp_loss":0,"event_name":"Falling","floor":36,"gold_loss":0},{"damage_healed":0,"gold_gain":0,"player_choice":"Max HP","damage_taken":0,"max_hp_gain":0,"max_hp_loss":4,"event_name":"Winding Halls","floor":37,"gold_loss":0},{"damage_healed":0,"gold_gain":0,"player_choice":"Memory 3","damage_taken":10,"max_hp_gain":0,"max_hp_loss":0,"event_name":"SensoryStone","floor":38,"gold_loss":0},{"damage_healed":0,"gold_gain":0,"player_choice":"Fight","damage_taken":0,"max_hp_gain":0,"max_hp_loss":0,"event_name":"MindBloom","floor":46,"gold_loss":0}],"is_beta":false,"boss_relics":[{"not_picked":["Sozu","Snecko Eye"],"picked":"Nuclear Battery"},{"not_picked":["Black Star","Philosopher\u0027s Stone"],"picked":"Fusion Hammer"}],"items_purged_floors":[4,22,39,48],"is_endless":false,"potions_floor_spawned":[5,7,12,16,24,27,31,35,45],"ascension_level":16}