{"gold_per_floor":[109,137,165,165,176,222,222,28,83,83,98,98,158,158,158,268,268,335,335,347,383,395],"floor_reached":22,"playtime":1081,"items_purged":[],"score":195,"play_id":"101ab4c9-d4ff-413b-8ba4-9d47f4fcdbb9","local_time":"20190108220355","is_ascension_mode":true,"campfire_choices":[{"floor":7,"key":"REST"},{"data":"Apotheosis","floor":12,"key":"SMITH"},{"floor":15,"key":"REST"}],"neow_cost":"TEN_PERCENT_HP_LOSS","seed_source_timestamp":24624085736880,"circlet_count":0,"master_deck":["Strike_MRS","Defend_MRS","Defend_MRS","Defend_MRS","Defend_MRS","MasterSpark","UpSweep","BlazingStar","PropBag","WitchOfGreed","NonDirectionalLaser","MeteoricShower","6A","NonDirectionalLaser","Apotheosis+1","Robbery","GalacticHalo","SuperNova","MysteriousBeam","Looming Evil","WitchLeyline"],"relics":["MiniHakkero","Divine Protection","Blood Vial","CultistMask","Philosopher\u0027s Stone","MawBank","AmplifyWand"],"potions_floor_usage":[6,16,18],"damage_taken":[{"damage":0,"enemies":"Cultist","floor":1,"turns":3},{"damage":6,"enemies":"Small Slimes","floor":2,"turns":5},{"damage":0,"enemies":"2 Louse","floor":3,"turns":3},{"damage":14,"enemies":"Exordium Thugs","floor":5,"turns":4},{"damage":31,"enemies":"3 Sentries","floor":6,"turns":9},{"damage":0,"enemies":"2 Fungi Beasts","floor":11,"turns":2},{"damage":0,"enemies":"Exordium Wildlife","floor":13,"turns":3},{"damage":11,"enemies":"Slime Boss","floor":16,"turns":5},{"damage":0,"enemies":"Shell Parasite","floor":18,"turns":4},{"damage":8,"enemies":"2 Thieves","floor":21,"turns":4},{"damage":5,"enemies":"3 Cultists","floor":22,"turns":3}],"seed_played":"-2340881019712541873","potions_obtained":[{"floor":2,"key":"Regen Potion"},{"floor":3,"key":"Fire Potion"},{"floor":5,"key":"LifebloodPotion"},{"floor":6,"key":"Elixir"},{"floor":16,"key":"Elixir"},{"floor":18,"key":"LiquidBronze"}],"is_trial":false,"path_per_floor":["M","M","M","?","M","E","R","$","T","?","M","R","M","?","R","B",null,"M","?","?","M","M"],"character_chosen":"MARISA","items_purchased":["Apotheosis"],"campfire_rested":2,"item_purchase_floors":[8],"current_hp_per_floor":[68,62,62,55,41,25,45,45,45,45,47,47,49,49,68,57,68,68,68,68,60,57],"gold":395,"neow_bonus":"TRANSFORM_TWO_CARDS","is_prod":false,"is_daily":false,"chose_seed":false,"campfire_upgraded":1,"win_rate":0,"timestamp":1546992235,"path_taken":["M","M","M","?","M","E","R","$","T","?","?","R","M","?","R","BOSS","M","?","?","M","M"],"build_version":"2019-01-03v4","purchased_purges":0,"victory":false,"max_hp_per_floor":[68,68,68,68,68,68,68,68,68,68,68,68,68,68,68,68,68,68,68,68,68,68],"card_choices":[{"not_picked":["MoraleDepletion","LuminesStrike"],"picked":"WitchOfGreed","floor":1},{"not_picked":["WitchOfGreed","UnstableBomb"],"picked":"NonDirectionalLaser","floor":2},{"not_picked":["LuminesStrike","GrandCross"],"picked":"MeteoricShower","floor":3},{"not_picked":["ShootingEcho","NonDirectionalLaser"],"picked":"6A","floor":5},{"not_picked":["Singularity","DoubleSpark"],"picked":"NonDirectionalLaser","floor":6},{"not_picked":["GrandCross","SporeBomb"],"picked":"Robbery","floor":11},{"not_picked":["CollectingQuirk","PowerUp"],"picked":"GalacticHalo","floor":13},{"not_picked":["PolarisUnique","CollectingQuirk"],"picked":"SuperNova","floor":16},{"not_picked":["6A","WitchOfGreed"],"picked":"MysteriousBeam","floor":18},{"not_picked":["Occultation","GrandCross"],"picked":"WitchLeyline","floor":21}],"player_experience":722630,"relics_obtained":[{"floor":6,"key":"Divine Protection"},{"floor":9,"key":"Blood Vial"}],"event_choices":[{"cards_removed":["Strike_MRS"],"damage_healed":0,"gold_gain":0,"player_choice":"Card Removal","damage_taken":7,"max_hp_gain":0,"max_hp_loss":0,"event_name":"Golden Wing","floor":4,"gold_loss":0},{"damage_healed":0,"gold_gain":0,"player_choice":"Trade","damage_taken":0,"relics_obtained":["CultistMask"],"max_hp_gain":0,"max_hp_loss":0,"event_name":"FaceTrader","floor":10,"gold_loss":0},{"damage_healed":0,"gold_gain":0,"player_choice":"Bought 0 Potions","damage_taken":0,"max_hp_gain":0,"max_hp_loss":0,"event_name":"The Woman in Blue","floor":14,"gold_loss":0},{"damage_healed":0,"gold_gain":0,"player_choice":"Ignored","damage_taken":0,"max_hp_gain":0,"max_hp_loss":0,"event_name":"Vampires","floor":20,"gold_loss":0}],"is_beta":false,"boss_relics":[{"not_picked":["Abe\u0027s Treasure","Sozu"],"picked":"Philosopher\u0027s Stone"}],"items_purged_floors":[],"is_endless":false,"potions_floor_spawned":[5,6,13,16],"killed_by":"3 Cultists","ascension_level":1}