{"gold_per_floor":[112,112,125,84,103,103,76,92,147,165,196,145,157,172,172,275,275,290,300,225,239,239,239,259,259,284,304,304,304,9,20,20,125,125,143,56,73,83,83,83,83,83,106,126,137,137],"floor_reached":46,"playtime":2633,"items_purged":[],"score":451,"play_id":"377dc72e-b986-4d98-87a9-66b44e92ed3d","local_time":"20190308014609","is_ascension_mode":false,"campfire_choices":[{"data":"Zap","floor":6,"key":"SMITH"},{"floor":15,"key":"REST"},{"floor":23,"key":"REST"},{"floor":25,"key":"REST"},{"floor":29,"key":"REST"},{"floor":32,"key":"REST"},{"floor":40,"key":"REST"},{"floor":42,"key":"REST"}],"neow_cost":"NONE","seed_source_timestamp":947424175459386,"circlet_count":0,"master_deck":["Strike_B","Strike_B","Defend_B","Defend_B","Zap+1","Dualcast","Self Repair","Capacitor","Ball Lightning","Leap","Defragment","Leap","Static Discharge","Ball Lightning","Redo","Creative AI","Capacitor","Turbo","White Noise+1","Hyperbeam","Ball Lightning","Ball Lightning","Doom and Gloom","Turbo+1","Core Surge","Ball Lightning+1","Bandage Up","Storm+1","Steam+1","Chill+1"],"special_seed":0,"relics":["Cracked Core","PreservedInsect","Regal Pillow","Empty Cage","Anchor","StoneCalendar","Inserter","Blood Vial","Lantern"],"potions_floor_usage":[11,13,14,16,19,31,31,33,45],"damage_taken":[{"damage":0,"enemies":"Small Slimes","floor":1,"turns":3},{"damage":1,"enemies":"Cultist","floor":3,"turns":3},{"damage":5,"enemies":"Jaw Worm","floor":5,"turns":4},{"damage":13,"enemies":"2 Fungi Beasts","floor":8,"turns":3},{"damage":53,"enemies":"Exordium Thugs","floor":10,"turns":5},{"damage":12,"enemies":"3 Sentries","floor":11,"turns":6},{"damage":17,"enemies":"Gremlin Gang","floor":13,"turns":5},{"damage":0,"enemies":"3 Louse","floor":14,"turns":3},{"damage":19,"enemies":"The Guardian","floor":16,"turns":8},{"damage":21,"enemies":"Shell Parasite","floor":18,"turns":7},{"damage":23,"enemies":"3 Byrds","floor":19,"turns":4},{"damage":41,"enemies":"Snecko","floor":21,"turns":6},{"damage":47,"enemies":"Shelled Parasite and Fungi","floor":24,"turns":4},{"damage":36,"enemies":"Cultist and Chosen","floor":27,"turns":7},{"damage":14,"enemies":"Snecko","floor":31,"turns":5},{"damage":60,"enemies":"Automaton","floor":33,"turns":8},{"damage":22,"enemies":"Orb Walker","floor":35,"turns":4},{"damage":30,"enemies":"3 Shapes","floor":37,"turns":4},{"damage":27,"enemies":"Transient","floor":38,"turns":5},{"damage":30,"enemies":"4 Shapes","floor":44,"turns":4},{"damage":48,"enemies":"Jaw Worm Horde","floor":45,"turns":4},{"damage":16,"enemies":"Maw","floor":46,"turns":2}],"seed_played":"5568824852633453967","potions_obtained":[{"floor":1,"key":"SpeedPotion"},{"floor":5,"key":"Energy Potion"},{"floor":10,"key":"Poison Potion"},{"floor":14,"key":"FocusPotion"},{"floor":16,"key":"Fire Potion"},{"floor":18,"key":"Ancient Potion"},{"floor":27,"key":"SkillPotion"},{"floor":31,"key":"FearPotion"},{"floor":38,"key":"Energy Potion"},{"floor":45,"key":"GamblersBrew"}],"is_trial":false,"path_per_floor":["M","?","M","$","M","R","$","M","T","M","E","$","M","M","R","B",null,"M","M","?","M","?","R","M","R","T","M","?","R","$","M","R","B",null,"M","$","M","M","T","R","?","R","T","M","M","M"],"character_chosen":"DEFECT","items_purchased":["Capacitor","Leap","Leap","StoneCalendar","Bandage Up"],"campfire_rested":7,"item_purchase_floors":[4,7,12,30,36],"current_hp_per_floor":[82,82,81,81,82,82,82,69,69,23,18,18,1,1,40,21,82,68,52,52,11,11,50,10,49,49,20,20,59,59,52,82,22,82,60,60,41,18,18,57,57,82,82,56,14,0],"gold":137,"neow_bonus":"TEN_PERCENT_HP_BONUS","is_prod":false,"is_daily":false,"chose_seed":false,"campfire_upgraded":1,"win_rate":0,"timestamp":1552020369,"path_taken":["M","?","M","?","M","R","$","M","T","M","E","?","M","M","R","BOSS","M","M","?","M","?","R","M","R","T","?","?","R","?","M","R","BOSS","M","$","?","M","?","R","?","R","T","M","M","M"],"build_version":"2019-01-23","purchased_purges":0,"victory":false,"max_hp_per_floor":[82,82,82,82,82,82,82,82,82,82,82,82,82,82,82,82,82,82,82,82,82,82,82,82,82,82,82,82,82,82,82,82,82,82,82,82,82,82,82,82,82,82,82,82,82,82],"card_choices":[{"not_picked":["Beam Cell","Rebound"],"picked":"Coolheaded","floor":1},{"not_picked":["Streamline","Leap"],"picked":"Self Repair","floor":3},{"not_picked":["Streamline","Glacier"],"picked":"Ball Lightning","floor":5},{"not_picked":["Storm","BootSequence"],"picked":"Defragment","floor":8},{"not_picked":["Ball Lightning","Reinforced Body"],"picked":"Leap","floor":10},{"not_picked":["Beam Cell","Barrage"],"picked":"Static Discharge","floor":11},{"not_picked":["Gash","Seek"],"picked":"Ball Lightning","floor":13},{"not_picked":["Scrape","Lockon"],"picked":"Redo","floor":14},{"not_picked":["Multi-Cast","Reboot"],"picked":"Creative AI","floor":16},{"not_picked":["Redo","Steam+1"],"picked":"Capacitor","floor":18},{"not_picked":["Leap","Fusion"],"picked":"Turbo","floor":19},{"not_picked":["Aggregate","Sunder"],"picked":"White Noise+1","floor":21},{"not_picked":["Coolheaded","Genetic Algorithm"],"picked":"Ball Lightning","floor":24},{"not_picked":["Streamline","Coolheaded"],"picked":"Ball Lightning","floor":27},{"not_picked":["Scrape","Capacitor+1"],"picked":"Turbo+1","floor":31},{"not_picked":["All For One","Fission"],"picked":"Core Surge","floor":33},{"not_picked":["FTL+1","BootSequence"],"picked":"Ball Lightning+1","floor":35},{"not_picked":["Tempest+1","Barrage+1"],"picked":"Storm+1","floor":37},{"not_picked":["Loop+1","Fusion+1"],"picked":"Steam+1","floor":38},{"not_picked":["Chaos","Go for the Eyes","Cold Snap+1"],"picked":"SKIP","floor":44},{"not_picked":["Chaos+1","Coolheaded"],"picked":"Chill+1","floor":45}],"player_experience":41044,"relics_obtained":[{"floor":9,"key":"PreservedInsect"},{"floor":11,"key":"Regal Pillow"},{"floor":26,"key":"Anchor"},{"floor":39,"key":"Blood Vial"},{"floor":43,"key":"Lantern"}],"event_choices":[{"cards_removed":["Coolheaded"],"damage_healed":0,"gold_gain":0,"player_choice":"Purged","damage_taken":0,"max_hp_gain":0,"max_hp_loss":0,"event_name":"Purifier","floor":2,"gold_loss":0},{"cards_removed":["Strike_B"],"damage_healed":0,"gold_gain":0,"player_choice":"Gave Gold","damage_taken":0,"max_hp_gain":0,"max_hp_loss":0,"event_name":"Beggar","floor":20,"gold_loss":75},{"damage_healed":0,"gold_gain":0,"player_choice":"1 cards matched","damage_taken":0,"max_hp_gain":0,"max_hp_loss":0,"event_name":"Match and Keep!","floor":22,"gold_loss":0,"cards_obtained":["Hyperbeam"]},{"damage_healed":0,"gold_gain":0,"cards_transformed":["Strike_B"],"player_choice":"Transformed","damage_taken":0,"max_hp_gain":0,"max_hp_loss":0,"event_name":"Transmorgrifier","floor":28,"gold_loss":0,"cards_obtained":["Doom and Gloom"]},{"cards_removed":["Leap"],"damage_healed":0,"gold_gain":0,"player_choice":"Removed Skill","damage_taken":0,"max_hp_gain":0,"max_hp_loss":0,"event_name":"Falling","floor":41,"gold_loss":0}],"is_beta":false,"boss_relics":[{"not_picked":["Fusion Hammer","Runic Dome"],"picked":"Empty Cage"},{"not_picked":["Eternal Feather","Black Star"],"picked":"Inserter"}],"items_purged_floors":[],"is_endless":false,"potions_floor_spawned":[1,5,10,14,16,18,27,31,38,45],"killed_by":"Maw","ascension_level":0}