{"gold_per_floor":[109,122,47,64,164,189,208,208,208,208,37,57,7,18,18,114,114,129,129,129,4,4,4,24,24,51,51,51,51,51,63,63,63],"floor_reached":33,"playtime":1325,"items_purged":["Strike_R","Strike_R","Blood for Blood"],"score":255,"play_id":"c66272e1-675e-43de-8f4f-7940a7fc475d","local_time":"20190309215711","is_ascension_mode":true,"campfire_choices":[{"data":"Spot Weakness","floor":8,"key":"SMITH"},{"data":"Strike_R","floor":15,"key":"SMITH"},{"data":"RitualDagger","floor":23,"key":"SMITH"},{"data":"Uppercut","floor":25,"key":"SMITH"},{"data":"Metallicize","floor":28,"key":"SMITH"},{"data":"Intimidate","floor":30,"key":"SMITH"},{"floor":32,"key":"REST"}],"neow_cost":"NONE","seed_source_timestamp":13192776779939,"circlet_count":0,"master_deck":["Defend_R","Defend_R","Bash","Thunderclap","Carnage","Juggernaut","Spot Weakness+1","Battle Trance","Metallicize+1","Intimidate+1","Double Tap","Whirlwind","Feed","RitualDagger+1","Uppercut+1"],"relics":["Burning Blood","Juzu Bracelet","Shuriken","Philosopher\u0027s Stone","Potion Belt","Frozen Egg 2"],"potions_floor_usage":[6,16,33],"damage_taken":[{"damage":4,"enemies":"Cultist","floor":1,"turns":4},{"damage":5,"enemies":"Small Slimes","floor":2,"turns":3},{"damage":6,"enemies":"Jaw Worm","floor":4,"turns":2},{"damage":24,"enemies":"Gremlin Nob","floor":6,"turns":5},{"damage":10,"enemies":"Looter","floor":7,"turns":2},{"damage":18,"enemies":"Gremlin Gang","floor":12,"turns":5},{"damage":2,"enemies":"2 Fungi Beasts","floor":14,"turns":3},{"damage":42,"enemies":"Hexaghost","floor":16,"turns":10},{"damage":30,"enemies":"3 Byrds","floor":18,"turns":6},{"damage":20,"enemies":"Chosen","floor":24,"turns":4},{"damage":24,"enemies":"Centurion and Healer","floor":31,"turns":6},{"damage":55,"enemies":"Collector","floor":33,"turns":5}],"seed_played":"3558796793641230855","potions_obtained":[{"floor":2,"key":"LiquidBronze"},{"floor":4,"key":"Weak Potion"},{"floor":14,"key":"Dexterity Potion"},{"floor":18,"key":"SkillPotion"}],"is_trial":false,"path_per_floor":["M","M","$","M","?","E","M","R","T","?","$","M","?","M","R","B",null,"M","?","?","$","?","R","M","R","T","?","R","?","R","M","R","B"],"character_chosen":"IRONCLAD","items_purchased":["Metallicize"],"campfire_rested":1,"item_purchase_floors":[11],"current_hp_per_floor":[80,80,80,80,80,62,58,58,58,58,58,46,46,50,50,14,80,56,56,56,56,50,50,39,39,39,39,39,39,39,24,49,0],"gold":63,"neow_bonus":"REMOVE_CARD","is_prod":false,"is_daily":false,"chose_seed":false,"campfire_upgraded":6,"win_rate":0,"timestamp":1552165031,"path_taken":["M","?","$","M","?","E","M","R","T","?","?","M","?","M","R","BOSS","M","?","?","$","?","R","M","R","T","?","R","?","R","M","R","BOSS"],"build_version":"2019-01-23","purchased_purges":3,"victory":false,"max_hp_per_floor":[80,80,80,80,80,80,80,80,80,80,80,80,80,80,80,80,80,80,80,80,80,80,80,83,83,83,83,83,83,83,86,86,86],"card_choices":[{"not_picked":["Perfected Strike","Wild Strike"],"picked":"Thunderclap","floor":1},{"not_picked":["Wild Strike","Headbutt"],"picked":"Carnage","floor":2},{"not_picked":["Clothesline","Entrench"],"picked":"Juggernaut","floor":4},{"not_picked":["Feed","Combust"],"picked":"Spot Weakness","floor":6},{"not_picked":["Metallicize","Reckless Charge"],"picked":"Battle Trance","floor":7},{"not_picked":["Thunderclap","Metallicize","Anger"],"picked":"SKIP","floor":12},{"not_picked":["Thunderclap","Body Slam"],"picked":"Intimidate","floor":14},{"not_picked":["Dark Embrace","Brutality"],"picked":"Double Tap","floor":16},{"not_picked":["Carnage","Perfected Strike+1","Pommel Strike+1"],"picked":"SKIP","floor":18},{"not_picked":["Hemokinesis","Iron Wave+1"],"picked":"Uppercut","floor":24},{"not_picked":["Clash+1","Spot Weakness+1","Feed"],"picked":"SKIP","floor":31}],"player_experience":133781,"relics_obtained":[{"floor":6,"key":"Juzu Bracelet"},{"floor":26,"key":"Potion Belt"}],"event_choices":[{"damage_healed":0,"gold_gain":100,"player_choice":"Pray","damage_taken":0,"max_hp_gain":0,"max_hp_loss":0,"event_name":"Golden Shrine","floor":5,"gold_loss":0},{"damage_healed":0,"gold_gain":0,"player_choice":"Gave Potion","damage_taken":0,"relics_obtained":["Shuriken"],"max_hp_gain":0,"max_hp_loss":0,"event_name":"WeMeetAgain","floor":10,"gold_loss":0},{"cards_removed":["Strike_R"],"damage_healed":0,"gold_gain":0,"player_choice":"Card Removal","damage_taken":0,"max_hp_gain":0,"max_hp_loss":0,"event_name":"The Cleric","floor":13,"gold_loss":50},{"damage_healed":0,"gold_gain":0,"cards_transformed":["Strike_R","Defend_R"],"player_choice":"Became Test Subject","damage_taken":0,"max_hp_gain":0,"max_hp_loss":0,"event_name":"Drug Dealer","floor":19,"gold_loss":0,"cards_obtained":["Blood for Blood","Whirlwind"]},{"damage_healed":0,"gold_gain":0,"cards_transformed":["Defend_R"],"player_choice":"Transformed","damage_taken":0,"max_hp_gain":0,"max_hp_loss":0,"event_name":"Transmorgrifier","floor":20,"gold_loss":0,"cards_obtained":["Feed"]},{"damage_healed":0,"gold_gain":0,"player_choice":"Joined the Cult","damage_taken":6,"max_hp_gain":0,"max_hp_loss":0,"event_name":"Nest","floor":22,"gold_loss":0,"cards_obtained":["RitualDagger"]},{"damage_healed":0,"gold_gain":0,"player_choice":"Ignored","damage_taken":0,"max_hp_gain":0,"max_hp_loss":0,"event_name":"Vampires","floor":27,"gold_loss":0},{"damage_healed":0,"gold_gain":0,"player_choice":"Opened","damage_taken":0,"relics_obtained":["Frozen Egg 2"],"max_hp_gain":0,"max_hp_loss":0,"event_name":"The Mausoleum","floor":29,"gold_loss":0}],"is_beta":false,"boss_relics":[{"not_picked":["Orrery","Runic Pyramid"],"picked":"Philosopher\u0027s Stone"}],"items_purged_floors":[3,11,21],"is_endless":false,"potions_floor_spawned":[2,4,14,18],"killed_by":"Collector","ascension_level":1}