{"gold_per_floor":[109,125,136,211,229,229,264,264,290,319,329,329,357,376,376,475,475,400,419,419,144,144,160,160,82,82,113,113,113,147,164,164,259,259,279,279,294,345,355,355,384,384,384,384,384],"floor_reached":45,"playtime":3288,"items_purged":["Strike_B"],"score":524,"play_id":"7e4697b7-f2f5-4d5a-ae25-5887de684edf","local_time":"20190307184950","is_ascension_mode":false,"campfire_choices":[{"floor":6,"key":"REST"},{"floor":8,"key":"REST"},{"data":"Static Discharge","floor":15,"key":"SMITH"},{"floor":24,"key":"REST"},{"data":"Sunder","floor":28,"key":"SMITH"},{"data":"Capacitor","floor":32,"key":"SMITH"},{"floor":40,"key":"REST"},{"floor":44,"key":"REST"}],"neow_cost":"NONE","seed_source_timestamp":921838547525676,"circlet_count":0,"master_deck":["Strike_B","Strike_B","Strike_B","Defend_B","Defend_B","Defend_B","Defend_B","Zap","Dualcast","Defragment","Static Discharge+1","Self Repair","Go for the Eyes","Streamline","Leap","Loop","Force Field","Turbo","Meteor Strike","Ball Lightning","Defragment","Capacitor+1","Tempest","Go for the Eyes","Sunder+1","Defragment","Stack","Barrage","Storm","Amplify","Skim+1","Consume+1","Gash","Parasite","Redo","Turbo+1","PanicButton"],"relics":["FrozenCore","Blood Vial","PreservedInsect","Strawberry","Juzu Bracelet","MutagenicStrength","Gremlin Horn","Bronze Scales","Meat on the Bone","Pantograph","Nuclear Battery","Peace Pipe","Lantern","Bottled Flame"],"potions_floor_usage":[7,16,27,33,33,33,38,39,41,45],"damage_taken":[{"damage":0,"enemies":"2 Louse","floor":1,"turns":2},{"damage":6,"enemies":"Jaw Worm","floor":2,"turns":3},{"damage":0,"enemies":"Small Slimes","floor":3,"turns":3},{"damage":20,"enemies":"Exordium Wildlife","floor":5,"turns":4},{"damage":24,"enemies":"Gremlin Nob","floor":7,"turns":4},{"damage":26,"enemies":"3 Sentries","floor":10,"turns":5},{"damage":7,"enemies":"Blue Slaver","floor":11,"turns":5},{"damage":4,"enemies":"Lagavulin","floor":13,"turns":5},{"damage":15,"enemies":"Exordium Thugs","floor":14,"turns":5},{"damage":39,"enemies":"Hexaghost","floor":16,"turns":8},{"damage":18,"enemies":"2 Thieves","floor":18,"turns":5},{"damage":8,"enemies":"Chosen","floor":19,"turns":6},{"damage":24,"enemies":"3 Cultists","floor":23,"turns":5},{"damage":9,"enemies":"Gremlin Leader","floor":27,"turns":5},{"damage":27,"enemies":"Book of Stabbing","floor":30,"turns":3},{"damage":0,"enemies":"Centurion and Healer","floor":31,"turns":10},{"damage":60,"enemies":"Collector","floor":33,"turns":9},{"damage":15,"enemies":"3 Darklings","floor":35,"turns":8},{"damage":15,"enemies":"Orb Walker","floor":37,"turns":5},{"damage":66,"enemies":"2 Orb Walkers","floor":38,"turns":3},{"damage":22,"enemies":"Writhing Mass","floor":39,"turns":7},{"damage":40,"enemies":"Reptomancer","floor":41,"turns":4},{"damage":60,"enemies":"Transient","floor":45,"turns":4}],"seed_played":"3608046592545378120","potions_obtained":[{"floor":2,"key":"Strength Potion"},{"floor":5,"key":"Fire Potion"},{"floor":10,"key":"SpeedPotion"},{"floor":13,"key":"Ancient Potion"},{"floor":19,"key":"Explosive Potion"},{"floor":27,"key":"Poison Potion"},{"floor":33,"key":"SpeedPotion"},{"floor":36,"key":"EssenceOfSteel"},{"floor":36,"key":"Regen Potion"},{"floor":36,"key":"FocusPotion"},{"floor":41,"key":"EssenceOfSteel"}],"is_trial":false,"path_per_floor":["M","M","M","?","M","R","E","R","T","E","M","?","E","M","R","B",null,"M","M","?","$","?","M","R","$","T","E","R","?","E","M","R","B",null,"M","?","M","?","M","R","E","?","T","R","M"],"character_chosen":"DEFECT","items_purchased":["Capacitor","Tempest","Go for the Eyes","Defragment"],"campfire_rested":5,"item_purchase_floors":[21,21,21,25],"current_hp_per_floor":[75,69,69,58,45,67,50,72,72,62,64,82,78,72,72,42,82,71,72,72,72,72,57,81,81,81,80,80,80,62,71,71,41,82,74,74,68,28,27,51,32,32,32,56,0],"gold":384,"neow_bonus":"THREE_CARDS","is_prod":false,"is_daily":false,"chose_seed":false,"campfire_upgraded":3,"win_rate":0,"timestamp":1551995390,"path_taken":["M","M","M","?","M","R","E","R","T","E","M","?","E","M","R","BOSS","M","M","?","$","?","M","R","$","T","E","R","?","E","M","R","BOSS","M","?","M","?","M","R","E","?","T","R","M"],"build_version":"2019-01-23","purchased_purges":1,"victory":false,"max_hp_per_floor":[75,75,75,75,75,75,75,75,75,82,82,82,82,82,82,82,82,82,82,82,82,82,82,82,82,82,82,82,82,82,82,82,82,82,82,82,82,82,82,82,82,82,82,82,82],"card_choices":[{"not_picked":["Beam Cell","Go for the Eyes"],"picked":"Defragment","floor":1},{"not_picked":["Stack","Scrape"],"picked":"Static Discharge","floor":2},{"not_picked":["Hologram","Aggregate"],"picked":"Self Repair","floor":3},{"not_picked":["Turbo","Beam Cell"],"picked":"Go for the Eyes","floor":5},{"not_picked":["FTL","All For One"],"picked":"Streamline","floor":7},{"not_picked":["Beam Cell","Melter"],"picked":"Leap","floor":10},{"not_picked":["Coolheaded","Conserve Battery"],"picked":"Loop","floor":11},{"not_picked":["Machine Learning","Turbo"],"picked":"Force Field","floor":13},{"not_picked":["Skim","Blizzard"],"picked":"Turbo","floor":14},{"not_picked":["Buffer","Hyperbeam"],"picked":"Meteor Strike","floor":16},{"not_picked":["Melter","Streamline"],"picked":"Ball Lightning","floor":18},{"not_picked":["Turbo","Meteor Strike"],"picked":"Defragment","floor":19},{"not_picked":["Heatsinks","Double Energy"],"picked":"Sunder","floor":23},{"not_picked":["Doom and Gloom","Sweeping Beam"],"picked":"Stack","floor":27},{"not_picked":["Gash","Machine Learning"],"picked":"Barrage","floor":30},{"not_picked":["Genetic Algorithm","Gash"],"picked":"Storm","floor":31},{"not_picked":["All For One","Creative AI"],"picked":"Amplify","floor":33},{"not_picked":["Cold Snap","Stack"],"picked":"Skim+1","floor":35},{"not_picked":["Conserve Battery+1","Stack+1"],"picked":"Consume+1","floor":37},{"not_picked":["Compile Driver","Streamline"],"picked":"Gash","floor":38},{"not_picked":["Gash","Reinforced Body+1"],"picked":"Redo","floor":39},{"not_picked":["Echo Form","Stack+1"],"picked":"Turbo+1","floor":41},{"not_picked":["Thinking Ahead","Finesse"],"picked":"PanicButton","floor":42}],"player_experience":17138,"relics_obtained":[{"floor":7,"key":"Blood Vial"},{"floor":9,"key":"PreservedInsect"},{"floor":10,"key":"Strawberry"},{"floor":13,"key":"Juzu Bracelet"},{"floor":26,"key":"Gremlin Horn"},{"floor":27,"key":"Bronze Scales"},{"floor":30,"key":"Pantograph"},{"floor":38,"key":"Peace Pipe"},{"floor":41,"key":"Lantern"},{"floor":43,"key":"Bottled Flame"}],"event_choices":[{"damage_healed":0,"gold_gain":75,"player_choice":"Gather Gold","damage_taken":11,"max_hp_gain":0,"max_hp_loss":0,"event_name":"World of Goop","floor":4,"gold_loss":0},{"damage_healed":27,"gold_gain":0,"player_choice":"Banana","damage_taken":0,"max_hp_gain":0,"max_hp_loss":0,"event_name":"Big Fish","floor":12,"gold_loss":0},{"damage_healed":0,"gold_gain":0,"player_choice":"Inject Mutagens","damage_taken":0,"relics_obtained":["MutagenicStrength"],"max_hp_gain":0,"max_hp_loss":0,"event_name":"Drug Dealer","floor":20,"gold_loss":0},{"damage_healed":0,"gold_gain":0,"player_choice":"Ignored","damage_taken":0,"max_hp_gain":0,"max_hp_loss":0,"event_name":"Ghosts","floor":22,"gold_loss":0},{"damage_healed":0,"gold_gain":0,"player_choice":"Opened","damage_taken":0,"relics_obtained":["Meat on the Bone"],"max_hp_gain":0,"max_hp_loss":0,"event_name":"The Mausoleum","floor":29,"gold_loss":0},{"damage_healed":0,"gold_gain":0,"player_choice":"Got Potions","damage_taken":0,"max_hp_gain":0,"max_hp_loss":0,"event_name":"Lab","floor":36,"gold_loss":0},{"damage_healed":0,"gold_gain":0,"player_choice":"Fight","damage_taken":0,"max_hp_gain":0,"max_hp_loss":0,"event_name":"Mysterious Sphere","floor":38,"gold_loss":0},{"damage_healed":0,"gold_gain":0,"player_choice":"Memory 1","damage_taken":0,"max_hp_gain":0,"max_hp_loss":0,"event_name":"SensoryStone","floor":42,"gold_loss":0}],"is_beta":false,"boss_relics":[{"not_picked":["Calling Bell","Snecko Eye"],"picked":"FrozenCore"},{"not_picked":["Inserter","Cursed Key"],"picked":"Nuclear Battery"}],"items_purged_floors":[21],"is_endless":false,"potions_floor_spawned":[2,5,10,13,14,19,27,31,33,37,41],"killed_by":"Transient","ascension_level":0}