{"gold_per_floor":[119,44,54,54,66,66,85,85,111,129,129,160,179,179,179,179],"floor_reached":16,"playtime":724,"items_purged":["Pain"],"score":107,"play_id":"627f117c-bd1c-47d5-a82d-ce7b830fe943","local_time":"20190310223032","is_ascension_mode":true,"campfire_choices":[{"data":"Neutralize","floor":6,"key":"SMITH"},{"data":"Backflip","floor":8,"key":"SMITH"},{"data":"Prepared","floor":11,"key":"SMITH"},{"floor":15,"key":"REST"}],"neow_cost":"CURSE","seed_source_timestamp":102196945242900,"circlet_count":0,"master_deck":["Defend_G","Defend_G","Defend_G","Defend_G","Defend_G","Strike_G","Strike_G","Strike_G","Strike_G","Survivor","Neutralize+1","Backflip+1","Dodge and Roll","PiercingWail","Masterful Stab","Prepared+1","Dagger Spray"],"relics":["Ring of the Snake","Nunchaku","Bag of Preparation","Omamori"],"potions_floor_usage":[],"damage_taken":[{"damage":6,"enemies":"2 Louse","floor":1,"turns":3},{"damage":3,"enemies":"Jaw Worm","floor":3,"turns":4},{"damage":0,"enemies":"Small Slimes","floor":5,"turns":4},{"damage":10,"enemies":"Exordium Thugs","floor":7,"turns":8},{"damage":0,"enemies":"Blue Slaver","floor":10,"turns":4},{"damage":36,"enemies":"Gremlin Nob","floor":12,"turns":6},{"damage":0,"enemies":"3 Louse","floor":13,"turns":3},{"damage":31,"enemies":"Hexaghost","floor":16,"turns":16}],"seed_played":"-2313653641467013562","potions_obtained":[{"floor":1,"key":"Regen Potion"},{"floor":3,"key":"Fire Potion"},{"floor":7,"key":"Energy Potion"}],"is_trial":false,"path_per_floor":["M","$","M","?","M","R","M","R","T","M","R","E","M","?","R","B"],"character_chosen":"THE_SILENT","items_purchased":[],"campfire_rested":1,"item_purchase_floors":[],"current_hp_per_floor":[64,64,61,61,61,61,51,51,51,51,51,15,15,8,29,0],"gold":179,"neow_bonus":"ONE_RARE_RELIC","is_prod":false,"is_daily":false,"chose_seed":false,"campfire_upgraded":3,"win_rate":0,"timestamp":1552253432,"path_taken":["M","$","M","?","M","R","M","R","T","M","R","E","M","?","R","BOSS"],"build_version":"2019-01-23","purchased_purges":1,"victory":false,"max_hp_per_floor":[70,70,70,70,70,70,70,70,70,70,70,70,70,70,70,70],"card_choices":[{"not_picked":["Cloak And Dagger","Caltrops"],"picked":"Backflip","floor":1},{"not_picked":["Slice","Calculated Gamble"],"picked":"Dodge and Roll","floor":3},{"not_picked":["Flying Knee","Outmaneuver"],"picked":"PiercingWail","floor":5},{"not_picked":["Terror","PiercingWail"],"picked":"Masterful Stab","floor":7},{"not_picked":["Slice","Dodge and Roll"],"picked":"Prepared","floor":10},{"not_picked":["Acrobatics","Masterful Stab"],"picked":"Dagger Spray","floor":12},{"not_picked":["Underhanded Strike","Bane","Expertise"],"picked":"SKIP","floor":13}],"player_experience":154833,"relics_obtained":[{"floor":9,"key":"Bag of Preparation"},{"floor":12,"key":"Omamori"}],"event_choices":[{"damage_healed":0,"gold_gain":0,"player_choice":"Ignored","damage_taken":0,"max_hp_gain":0,"max_hp_loss":0,"event_name":"Liars Game","floor":4,"gold_loss":0},{"cards_removed":["Strike_G"],"damage_healed":0,"gold_gain":0,"player_choice":"Card Removal","damage_taken":7,"max_hp_gain":0,"max_hp_loss":0,"event_name":"Golden Wing","floor":14,"gold_loss":0}],"is_beta":false,"boss_relics":[],"items_purged_floors":[2],"is_endless":false,"potions_floor_spawned":[1,3,7],"killed_by":"Hexaghost","ascension_level":1}