{"gold_per_floor":[114,189,207,226,239,265,265,293,293,293,304,304,63,73,73,168,168,168,145,130,130,130,130,130,130,130,130,130,130,130,130,130,130,130,130,130,130,130,130,130,130,76,76,76,76,76,76,76,76,76],"floor_reached":51,"playtime":4014,"items_purged":[],"score":888,"play_id":"6287e5fd-328c-4b11-95ff-40ea3e91387c","local_time":"20190129120310","is_ascension_mode":true,"campfire_choices":[{"data":"Flex","floor":7.0,"key":"SMITH"},{"data":"Perfected Strike","floor":10.0,"key":"SMITH"},{"data":"Pommel Strike","floor":15.0,"key":"SMITH"},{"data":"Armaments","floor":23.0,"key":"SMITH"},{"data":"Perfected Strike","floor":29.0,"key":"SMITH"},{"floor":32.0,"key":"REST"},{"floor":40.0,"key":"DIG"},{"floor":44.0,"key":"REST"},{"floor":46.0,"key":"DIG"},{"floor":49.0,"key":"REST"}],"neow_cost":"NONE","seed_source_timestamp":433930760858787,"circlet_count":0,"master_deck":["Strike_R","Strike_R","Strike_R","Defend_R","Defend_R","Defend_R","Defend_R","Bash","Perfected Strike+1","Flex+1","Cleave","Twin Strike","Sword Boomerang","Twin Strike+1","Perfected Strike+1","Iron Wave","Pommel Strike+1","Body Slam+1","Armaments+1","Shrug It Off","Shrug It Off","RitualDagger","Flex","True Grit+1","Shrug It Off","Perfected Strike+1","Thunderclap","Twin Strike+1","Armaments+1","Perfected Strike","Perfected Strike","Pommel Strike+1"],"special_seed":0,"relics":["Burning Blood","Mercury Hourglass","Boot","Pear","Question Card","Ectoplasm","Bottled Lightning","StoneCalendar","Juzu Bracelet","Omamori","Cursed Key","Shovel","Vajra","Dodecahedron","Centennial Puzzle","Frozen Egg 2","Thread and Needle","Whetstone"],"potions_floor_usage":[50],"damage_taken":[{"damage":0.0,"enemies":"Small Slimes","floor":1.0,"turns":3.0},{"damage":0.0,"enemies":"2 Louse","floor":3.0,"turns":3.0},{"damage":6.0,"enemies":"Cultist","floor":4.0,"turns":3.0},{"damage":0.0,"enemies":"Large Slime","floor":5.0,"turns":5.0},{"damage":20.0,"enemies":"Gremlin Nob","floor":6.0,"turns":4.0},{"damage":22.0,"enemies":"3 Sentries","floor":8.0,"turns":5.0},{"damage":1.0,"enemies":"2 Fungi Beasts","floor":11.0,"turns":2.0},{"damage":7.0,"enemies":"3 Louse","floor":14.0,"turns":2.0},{"damage":60.0,"enemies":"Hexaghost","floor":16.0,"turns":8.0},{"damage":2.0,"enemies":"Shell Parasite","floor":18.0,"turns":3.0},{"damage":5.0,"enemies":"2 Thieves","floor":20.0,"turns":2.0},{"damage":3.0,"enemies":"Centurion and Healer","floor":21.0,"turns":4.0},{"damage":0.0,"enemies":"Gremlin Leader","floor":25.0,"turns":5.0},{"damage":29.0,"enemies":"Book of Stabbing","floor":27.0,"turns":4.0},{"damage":21.0,"enemies":"3 Cultists","floor":28.0,"turns":4.0},{"damage":14.0,"enemies":"Gremlin Leader","floor":30.0,"turns":6.0},{"damage":0.0,"enemies":"Snecko","floor":31.0,"turns":3.0},{"damage":47.0,"enemies":"Collector","floor":33.0,"turns":7.0},{"damage":7.0,"enemies":"3 Shapes","floor":35.0,"turns":4.0},{"damage":36.0,"enemies":"Mind Bloom Boss Battle","floor":37.0,"turns":5.0},{"damage":0.0,"enemies":"Orb Walker","floor":38.0,"turns":2.0},{"damage":13.0,"enemies":"Jaw Worm Horde","floor":39.0,"turns":2.0},{"damage":21.0,"enemies":"Giant Head","floor":41.0,"turns":6.0},{"damage":38.0,"enemies":"Reptomancer","floor":45.0,"turns":7.0},{"damage":0.0,"enemies":"4 Shapes","floor":47.0,"turns":4.0},{"damage":80,"enemies":"Donu and Deca","floor":50,"turns":8}],"seed_played":"5276452569415325827","potions_obtained":[{"floor":3.0,"key":"Regen Potion"},{"floor":4.0,"key":"GamblersBrew"},{"floor":5.0,"key":"PowerPotion"},{"floor":11.0,"key":"Swift Potion"},{"floor":18.0,"key":"Poison Potion"},{"floor":30.0,"key":"Strength Potion"},{"floor":31.0,"key":"AttackPotion"},{"floor":33.0,"key":"EssenceOfSteel"},{"floor":38.0,"key":"EssenceOfSteel"},{"floor":39.0,"key":"Strength Potion"},{"floor":45.0,"key":"PowerPotion"}],"is_trial":false,"path_per_floor":["M","?","M","M","M","E","R","E","T","R","M","?","$","M","R","B",null,"M","$","M","M","$","R","?","E","T","E","M","R","E","M","R","B",null,"M","?","?","M","M","R","E","$","T","R","E","R","M","T","R","B",null],"character_chosen":"IRONCLAD","items_purchased":["Question Card","Armaments","Perfected Strike"],"campfire_rested":3,"item_purchase_floors":[13,19,42],"current_hp_per_floor":[88,77,83,83,88,74,74,58,68,68,73,73,73,72,72,18,98,98,98,98,98,98,98,92,98,98,75,60,60,52,58,87,46,98,97,97,67,73,66,66,51,51,51,80,62,62,68,68,97,23],"gold":76,"neow_bonus":"TEN_PERCENT_HP_BONUS","is_prod":false,"is_daily":false,"chose_seed":false,"campfire_upgraded":5,"win_rate":0,"timestamp":1548784990,"path_taken":["M","?","M","M","M","E","R","E","T","R","M","?","$","M","R","BOSS","M","?","M","M","$","R","?","E","T","E","M","R","E","M","R","BOSS","M","?","?","M","M","R","E","$","T","R","E","R","M","?","R","BOSS"],"build_version":"2019-01-23","purchased_purges":0,"victory":true,"max_hp_per_floor":[88,88,88,88,88,88,88,88,98,98,98,98,98,98,98,98,98,98,98,98,98,98,98,98,98,98,98,98,98,98,98,98,98,98,98,98,98,98,98,98,98,98,98,98,98,98,98,98,98,98],"card_choices":[{"not_picked":["Sword Boomerang","Rampage"],"picked":"Perfected Strike","floor":1.0},{"not_picked":["Shrug It Off","Anger"],"picked":"Flex","floor":3.0},{"not_picked":["Ghostly Armor","Combust"],"picked":"Cleave","floor":4.0},{"not_picked":["Dual Wield","True Grit"],"picked":"Twin Strike","floor":5.0},{"not_picked":["Feed","Inflame"],"picked":"Sword Boomerang","floor":6.0},{"not_picked":["Thunderclap","Dropkick"],"picked":"Twin Strike","floor":8.0},{"not_picked":["Twin Strike","Searing Blow"],"picked":"Perfected Strike","floor":11.0},{"not_picked":["Cleave","Warcry","Intimidate"],"picked":"Pommel Strike","floor":14.0},{"not_picked":["Headbutt+1","Infernal Blade","Clash"],"picked":"Body Slam+1","floor":18.0},{"not_picked":["Cleave+1","Corruption","Rupture+1"],"picked":"Shrug It Off","floor":20.0},{"not_picked":["Flex","Body Slam","Rage+1"],"picked":"Shrug It Off","floor":21.0},{"not_picked":["Barricade","Body Slam","Dual Wield"],"picked":"Flex","floor":25.0},{"not_picked":["Power Through+1","Headbutt","Uppercut"],"picked":"True Grit+1","floor":27.0},{"not_picked":["Dual Wield+1","Disarm","Anger"],"picked":"Shrug It Off","floor":28.0},{"not_picked":["Searing Blow","Iron Wave","Inflame"],"picked":"Perfected Strike","floor":30.0},{"not_picked":["Rage+1","Cleave","Twin Strike"],"picked":"Thunderclap","floor":31.0},{"not_picked":["Seeing Red+1","Rupture","Clash","Havoc"],"picked":"SKIP","floor":35.0},{"not_picked":["Uppercut","Flex","Combust+1"],"picked":"Twin Strike+1","floor":38.0},{"not_picked":["Anger+1","Fire Breathing+1","Wild Strike+1"],"picked":"Armaments+1","floor":39.0},{"not_picked":["Thunderclap","Offering","Anger","True Grit+1"],"picked":"SKIP","floor":41.0},{"not_picked":["Rupture+1","Twin Strike","Rage"],"picked":"Perfected Strike","floor":45.0},{"not_picked":["Limit Break","Shrug It Off","Headbutt"],"picked":"Pommel Strike+1","floor":47.0}],"player_experience":223873,"relics_obtained":[{"floor":6.0,"key":"Mercury Hourglass"},{"floor":8.0,"key":"Boot"},{"floor":9.0,"key":"Pear"},{"floor":25.0,"key":"Bottled Lightning"},{"floor":26.0,"key":"StoneCalendar"},{"floor":27.0,"key":"Juzu Bracelet"},{"floor":30.0,"key":"Omamori"},{"floor":37.0,"key":"Shovel"},{"floor":40.0,"key":"Vajra"},{"floor":41.0,"key":"Dodecahedron"},{"floor":43.0,"key":"Centennial Puzzle"},{"floor":45.0,"key":"Frozen Egg 2"},{"floor":46.0,"key":"Thread and Needle"},{"floor":48.0,"key":"Whetstone"}],"event_choices":[{"damage_healed":0.0,"max_hp_gain":0.0,"max_hp_loss":0.0,"gold_gain":75.0,"event_name":"World of Goop","player_choice":"Gather Gold","floor":2.0,"gold_loss":0.0,"damage_taken":11.0},{"cards_removed":["Strike_R"],"damage_healed":0.0,"max_hp_gain":0.0,"max_hp_loss":0.0,"gold_gain":0.0,"event_name":"NoteForYourself","player_choice":"Took Card","floor":12.0,"gold_loss":0.0,"damage_taken":0.0,"cards_obtained":["Iron Wave"]},{"damage_healed":0.0,"max_hp_gain":0.0,"max_hp_loss":0.0,"gold_gain":0.0,"event_name":"Nest","player_choice":"Joined the Cult","floor":24.0,"gold_loss":0.0,"damage_taken":6.0,"cards_obtained":["RitualDagger"]},{"cards_removed":["Strike_R"],"damage_healed":0.0,"max_hp_gain":0.0,"max_hp_loss":0.0,"gold_gain":0.0,"event_name":"Falling","player_choice":"Removed Attack","floor":36.0,"gold_loss":0.0,"damage_taken":0.0},{"damage_healed":0.0,"max_hp_gain":0.0,"max_hp_loss":0.0,"gold_gain":0.0,"event_name":"MindBloom","player_choice":"Fight","floor":37.0,"gold_loss":0.0,"damage_taken":0.0}],"is_beta":false,"boss_relics":[{"not_picked":["Snecko Eye","Philosopher\u0027s Stone"],"picked":"Ectoplasm"},{"not_picked":["Pandora\u0027s Box","Empty Cage"],"picked":"Cursed Key"}],"items_purged_floors":[],"is_endless":false,"potions_floor_spawned":[3,4,5,11,18,30,31,33,38,39,45],"ascension_level":1}