{"gold_per_floor":[119,119,119,119,136,165,165,200,200,211,1,13,24,24,24,119,149,163,163,151,76,91,91],"floor_reached":23,"playtime":1900,"items_purged":[],"score":226,"play_id":"688286de-9e55-4379-9e73-1cc156985e17","local_time":"20180719013940","is_ascension_mode":false,"campfire_choices":[{"floor":7,"key":"REST"},{"floor":15,"key":"REST"}],"neow_cost":"NONE","seed_source_timestamp":9367969838550,"circlet_count":0,"master_deck":["Defend_G","Defend_G+1","Defend_G","Defend_G","Defend_G","Strike_G","Strike_G","Strike_G+1","Strike_G","Survivor+1","Neutralize+1","Dagger Spray+1","Dagger Throw","Finisher","Leg Sweep","Quick Slash","Poisoned Stab","Bouncing Flask","Phantasmal Killer","Poisoned Stab","Caltrops","Slice","Prepared"],"relics":["Ring of the Snake","Bag of Marbles","Pear","Paper Crane","Orichalcum","Tiny House"],"potions_floor_usage":[6,16,16,20,20,23],"damage_taken":[{"damage":0,"enemies":"2 Louse","floor":1,"turns":4},{"damage":0,"enemies":"Small Slimes","floor":5,"turns":2},{"damage":13,"enemies":"Lagavulin","floor":6,"turns":7},{"damage":9,"enemies":"3 Sentries","floor":8,"turns":5},{"damage":1,"enemies":"Jaw Worm","floor":10,"turns":4},{"damage":0,"enemies":"Large Slime","floor":12,"turns":5},{"damage":8,"enemies":"2 Fungi Beasts","floor":13,"turns":3},{"damage":36,"enemies":"Hexaghost","floor":16,"turns":7},{"damage":0,"enemies":"3 Byrds","floor":18,"turns":5},{"damage":29,"enemies":"2 Thieves","floor":20,"turns":4},{"damage":6,"enemies":"Snake Plant","floor":22,"turns":3},{"damage":60,"enemies":"Slavers","floor":23,"turns":4}],"seed_played":"-4918408403193996859","potions_obtained":[{"floor":5,"key":"AttackPotion"},{"floor":8,"key":"GamblersBrew"},{"floor":12,"key":"PowerPotion"},{"floor":13,"key":"Strength Potion"},{"floor":17,"key":"Swift Potion"},{"floor":18,"key":"SkillPotion"},{"floor":19,"key":"Ancient Potion"},{"floor":20,"key":"SkillPotion"}],"is_trial":false,"path_per_floor":["M","?","?","?","M","E","R","E","T","M","$","M","M","?","R","B",null,"M","?","M","?","M"],"character_chosen":"THE_SILENT","items_purchased":["Poisoned Stab","Orichalcum"],"campfire_rested":2,"item_purchase_floors":[11,11],"current_hp_per_floor":[70,63,49,49,49,36,57,58,58,57,57,57,49,49,73,37,85,85,85,56,56,50,0],"gold":91,"neow_bonus":"UPGRADE_CARD","is_prod":false,"is_daily":false,"chose_seed":false,"campfire_upgraded":0,"win_rate":0.0,"timestamp":1531982380,"path_taken":["M","?","?","?","M","E","R","E","T","M","$","M","M","?","R","BOSS","M","?","M","?","M","E"],"build_version":"2018-07-12","purchased_purges":0,"victory":false,"max_hp_per_floor":[70,70,70,70,70,70,70,80,80,80,80,80,80,80,80,80,85,85,85,85,85,85,85],"card_choices":[{"not_picked":["Outmaneuver","Prepared"],"picked":"Dagger Spray","floor":1},{"not_picked":["Slice","Prepared"],"picked":"Dagger Throw","floor":5},{"not_picked":["Slice","Reflex"],"picked":"Finisher","floor":6},{"not_picked":["Dodge and Roll","Sucker Punch"],"picked":"Leg Sweep","floor":8},{"not_picked":["Flying Knee","Die Die Die"],"picked":"Quick Slash","floor":10},{"not_picked":["PiercingWail","Reflex"],"picked":"Riddle With Holes","floor":12},{"not_picked":["Backflip","Dodge and Roll"],"picked":"Bouncing Flask","floor":13},{"not_picked":["Venomology","Glass Knife"],"picked":"Phantasmal Killer","floor":16},{"not_picked":["Riddle With Holes","Deflect"],"picked":"Poisoned Stab","floor":17},{"not_picked":["Dash+1","Dodge and Roll"],"picked":"Caltrops","floor":18},{"not_picked":["Finisher+1","Caltrops+1"],"picked":"Slice","floor":20},{"not_picked":["Flying Knee+1","Glass Knife"],"picked":"Prepared","floor":22}],"player_experience":28748,"relics_obtained":[{"floor":6,"key":"Bag of Marbles"},{"floor":8,"key":"Pear"},{"floor":9,"key":"Paper Crane"}],"event_choices":[{"event_name":"Golden Wing","player_choice":"Card Removal","floor":2,"damage_taken":0},{"event_name":"Shining Light","player_choice":"Entered Light","floor":3,"damage_taken":0},{"event_name":"Upgrade Shrine","player_choice":"Upgraded","floor":4,"damage_taken":0},{"event_name":"Liars Game","player_choice":"disagreed","floor":14,"damage_taken":0},{"event_name":"The Lab","player_choice":"Got Potions","floor":19,"damage_taken":0},{"event_name":"Beggar","player_choice":"Gave Gold","floor":21,"damage_taken":0}],"boss_relics":[{"not_picked":["Fusion Hammer","White Beast Statue"],"picked":"Tiny House"}],"items_purged_floors":[],"is_endless":false,"potions_floor_spawned":[5,8,12,13,18,20],"killed_by":"Slavers","ascension_level":0}