{"gold_per_floor":[211,211,225,238,86,86,98,173,255,255,255,275,275,288,288,389,389,409,324,337,354,364,364,384,397,397,397,397,407,407,426,426,426],"floor_reached":33,"playtime":2343,"items_purged":["Strike_G"],"score":243,"play_id":"7967623a-a418-4370-8722-2af77c439868","local_time":"20190306141942","is_ascension_mode":false,"campfire_choices":[{"data":"Noxious Fumes","floor":6,"key":"SMITH"},{"data":"Neutralize","floor":11,"key":"SMITH"},{"data":"Escape Plan","floor":13,"key":"SMITH"},{"data":"Crippling Poison","floor":15,"key":"SMITH"},{"floor":23,"key":"REST"},{"floor":27,"key":"REST"},{"floor":30,"key":"REST"},{"floor":32,"key":"REST"}],"neow_cost":"NONE","seed_source_timestamp":86257223232491,"circlet_count":0,"master_deck":["Survivor","Neutralize+1","Acrobatics","Acrobatics","Noxious Fumes+1","Pain","Escape Plan+1","Crippling Poison+1","Adrenaline","Burst","Choke","Bane","Backflip","Caltrops","Malaise","Tactician","Deadly Poison+1","Deadly Poison","Dagger Spray+1","Backflip+1","Leg Sweep","Quick Slash","Grand Finale","Well Laid Plans+1"],"relics":["Ring of the Snake","Tiny Chest","WarpedTongs","Pandora\u0027s Box","Bronze Scales","Gremlin Horn"],"potions_floor_usage":[16,16,33,33,33],"damage_taken":[{"damage":0,"enemies":"Small Slimes","floor":1,"turns":3},{"damage":0,"enemies":"Cultist","floor":3,"turns":5},{"damage":0,"enemies":"2 Louse","floor":4,"turns":3},{"damage":0,"enemies":"Large Slime","floor":7,"turns":6},{"damage":8,"enemies":"Red Slaver","floor":12,"turns":4},{"damage":14,"enemies":"2 Fungi Beasts","floor":14,"turns":5},{"damage":19,"enemies":"The Guardian","floor":16,"turns":12},{"damage":4,"enemies":"Chosen","floor":18,"turns":4},{"damage":14,"enemies":"3 Byrds","floor":20,"turns":3},{"damage":21,"enemies":"Sentry and Sphere","floor":21,"turns":7},{"damage":24,"enemies":"Snecko","floor":22,"turns":4},{"damage":19,"enemies":"Centurion and Healer","floor":24,"turns":5},{"damage":8,"enemies":"Cultist and Chosen","floor":25,"turns":6},{"damage":19,"enemies":"Snecko","floor":29,"turns":5},{"damage":5,"enemies":"3 Cultists","floor":31,"turns":5},{"damage":40,"enemies":"Collector","floor":33,"turns":6}],"seed_played":"-5406011259115446036","potions_obtained":[{"floor":3,"key":"LiquidBronze"},{"floor":7,"key":"Block Potion"},{"floor":12,"key":"SpeedPotion"},{"floor":24,"key":"FearPotion"},{"floor":25,"key":"Fire Potion"}],"is_trial":false,"path_per_floor":["M","?","M","M","$","R","M","?","T","?","R","M","R","M","R","B",null,"M","?","M","M","M","R","M","M","T","R","?","M","R","M","R","B"],"character_chosen":"THE_SILENT","items_purchased":["Noxious Fumes"],"campfire_rested":4,"item_purchase_floors":[5],"current_hp_per_floor":[70,70,70,70,70,70,70,59,59,59,59,51,51,37,37,18,70,66,66,52,31,7,28,9,1,1,22,22,3,24,19,40,0],"gold":426,"neow_bonus":"HUNDRED_GOLD","is_prod":false,"is_daily":false,"chose_seed":false,"campfire_upgraded":4,"win_rate":0.0,"timestamp":1551878382,"path_taken":["M","?","M","M","?","R","?","?","T","?","R","M","R","?","R","BOSS","M","?","M","M","M","R","M","M","T","R","?","M","R","M","R","BOSS"],"build_version":"2019-01-23","purchased_purges":1,"victory":false,"max_hp_per_floor":[70,70,70,70,70,70,70,70,70,70,70,70,70,70,70,70,70,70,70,70,70,70,70,70,70,70,70,70,70,70,70,70,70],"card_choices":[{"not_picked":["PiercingWail","Dodge and Roll"],"picked":"Acrobatics","floor":1},{"not_picked":["Tactician","Skewer","Concentrate"],"picked":"SKIP","floor":3},{"not_picked":["Terror","Blade Dance"],"picked":"Acrobatics","floor":4},{"not_picked":["Outmaneuver","Choke","Concentrate"],"picked":"SKIP","floor":7},{"not_picked":["Tactician","Cloak And Dagger"],"picked":"Escape Plan","floor":12},{"not_picked":["Choke","Outmaneuver"],"picked":"Crippling Poison","floor":14},{"not_picked":["Storm of Steel","Grand Finale"],"picked":"Adrenaline","floor":16},{"not_picked":["Dagger Throw","Sucker Punch"],"picked":"Deadly Poison+1","floor":18},{"not_picked":["Infinite Blades","Quick Slash","Poisoned Stab"],"picked":"SKIP","floor":20},{"not_picked":["Dagger Throw","Accuracy"],"picked":"Deadly Poison","floor":21},{"not_picked":["Cloak And Dagger","Bane"],"picked":"Dagger Spray+1","floor":22},{"not_picked":["Dash","Endless Agony+1","Deadly Poison"],"picked":"SKIP","floor":24},{"not_picked":["Distraction","Sucker Punch"],"picked":"Backflip+1","floor":25},{"not_picked":["Backflip","Underhanded Strike"],"picked":"Grand Finale","floor":29},{"not_picked":["Cloak And Dagger+1","PiercingWail"],"picked":"Well Laid Plans+1","floor":31}],"player_experience":79804,"relics_obtained":[{"floor":9,"key":"Tiny Chest"},{"floor":26,"key":"Gremlin Horn"}],"event_choices":[{"damage_healed":0,"gold_gain":0,"player_choice":"Ignored","damage_taken":0,"max_hp_gain":0,"max_hp_loss":0,"event_name":"NoteForYourself","floor":2,"gold_loss":0},{"damage_healed":0,"gold_gain":75,"player_choice":"Gather Gold","damage_taken":11,"max_hp_gain":0,"max_hp_loss":0,"event_name":"World of Goop","floor":8,"gold_loss":0},{"damage_healed":0,"gold_gain":0,"player_choice":"Rummage","damage_taken":0,"relics_obtained":["WarpedTongs"],"max_hp_gain":0,"max_hp_loss":0,"event_name":"Accursed Blacksmith","floor":10,"gold_loss":0,"cards_obtained":["Pain"]},{"damage_healed":0,"gold_gain":0,"player_choice":"Obtained Relic","damage_taken":0,"relics_obtained":["Bronze Scales"],"max_hp_gain":0,"max_hp_loss":0,"event_name":"Addict","floor":19,"gold_loss":85},{"damage_healed":0,"gold_gain":0,"cards_transformed":["Crippling Poison","Unload"],"player_choice":"Became Test Subject","damage_taken":0,"max_hp_gain":0,"max_hp_loss":0,"event_name":"Drug Dealer","floor":28,"gold_loss":0,"cards_obtained":["Leg Sweep","Quick Slash"]}],"is_beta":false,"boss_relics":[{"not_picked":["Sozu","White Beast Statue"],"picked":"Pandora\u0027s Box"}],"items_purged_floors":[5],"is_endless":false,"potions_floor_spawned":[3,7,12,24,25,31],"killed_by":"Collector","ascension_level":0}