{"gold_per_floor":[114,129,129,79,94,94,94,109,109,109,109,124,139,154,154,254,254,269,269,19,34,49,49,49,49,49,64,13,13,13,28,28,28],"floor_reached":33,"playtime":2640,"items_purged":[],"score":239,"play_id":"39be626a-4eb3-4eb7-8048-1a8ca8ed56b6","local_time":"20190305025643","daily_mods":["Chimera","Hoarder","Terminal"],"is_ascension_mode":false,"campfire_choices":[{"data":"Bash","floor":6,"key":"SMITH"},{"data":"Zap","floor":10,"key":"SMITH"},{"data":"Survivor","floor":15,"key":"SMITH"},{"data":"Thunderclap","floor":23,"key":"SMITH"},{"data":"Twin Strike","floor":25,"key":"SMITH"},{"data":"Reaper","floor":32,"key":"SMITH"}],"neow_cost":"","seed_source_timestamp":24558465735798,"circlet_count":0,"master_deck":["Bash+1","Survivor+1","Zap+1","Defend_R","Defend_B","Twin Strike+1","Twin Strike","Twin Strike","Pommel Strike","Pommel Strike","Pommel Strike","Thunderclap+1","Thunderclap","Thunderclap","Reaper+1","Reaper","Reaper","Rage+1","Rage+1","Rage+1","Iron Wave+1","Iron Wave","Iron Wave"],"special_seed":17960,"relics":["Burning Blood","Omamori","Orichalcum","Empty Cage","Magic Flower","Toxic Egg 2","Question Card"],"potions_floor_usage":[33,33],"damage_taken":[{"damage":3,"enemies":"Small Slimes","floor":1,"turns":4},{"damage":1,"enemies":"2 Louse","floor":2,"turns":3},{"damage":0,"enemies":"Cultist","floor":5,"turns":2},{"damage":2,"enemies":"Large Slime","floor":8,"turns":6},{"damage":0,"enemies":"2 Fungi Beasts","floor":12,"turns":3},{"damage":9,"enemies":"Exordium Thugs","floor":13,"turns":4},{"damage":0,"enemies":"Blue Slaver","floor":14,"turns":2},{"damage":10,"enemies":"Slime Boss","floor":16,"turns":10},{"damage":9,"enemies":"3 Byrds","floor":18,"turns":5},{"damage":10,"enemies":"2 Thieves","floor":21,"turns":4},{"damage":10,"enemies":"Chosen and Byrds","floor":22,"turns":7},{"damage":7,"enemies":"Centurion and Healer","floor":27,"turns":6},{"damage":0,"enemies":"Shelled Parasite and Fungi","floor":31,"turns":6},{"damage":77,"enemies":"Automaton","floor":33,"turns":12}],"seed_played":"-7796585460280550823","potions_obtained":[{"floor":1,"key":"Block Potion"},{"floor":12,"key":"SpeedPotion"},{"floor":21,"key":"AttackPotion"},{"floor":31,"key":"FearPotion"}],"is_trial":false,"path_per_floor":["M","M","?","?","M","R","$","M","T","R","?","M","M","M","R","B",null,"M","?","$","M","M","R","?","R","T","M","$","?","?","M","R","B"],"character_chosen":"IRONCLAD","items_purchased":["Toxic Egg 2","Iron Wave"],"campfire_rested":0,"item_purchase_floors":[20,28],"current_hp_per_floor":[78,77,76,75,74,73,72,71,70,69,57,63,60,65,64,60,62,61,60,59,58,57,56,55,54,53,52,51,43,43,52,52,0],"gold":28,"neow_bonus":"","is_prod":false,"is_daily":true,"chose_seed":false,"campfire_upgraded":6,"win_rate":0,"timestamp":1551751003,"path_taken":["M","M","?","?","M","R","$","M","T","R","?","M","M","M","R","BOSS","M","?","$","M","M","R","?","R","T","?","$","?","?","?","R","BOSS"],"build_version":"2019-01-23","purchased_purges":0,"victory":false,"max_hp_per_floor":[78,77,76,75,74,73,72,71,70,69,68,67,66,65,64,63,62,61,60,59,58,57,56,55,54,53,52,51,55,54,53,52,52],"card_choices":[{"not_picked":["Pummel","Heavy Blade","Clothesline"],"picked":"SKIP","floor":1},{"not_picked":["Ghostly Armor","Rupture"],"picked":"Twin Strike","floor":2},{"not_picked":["Armaments","Anger"],"picked":"Pommel Strike","floor":5},{"not_picked":["Clash","Evolve","True Grit"],"picked":"SKIP","floor":8},{"not_picked":["Havoc","Headbutt","Power Through"],"picked":"SKIP","floor":12},{"not_picked":["Pommel Strike","Warcry","Heavy Blade"],"picked":"SKIP","floor":13},{"not_picked":["Clothesline","Sword Boomerang"],"picked":"Thunderclap","floor":14},{"not_picked":["Impervious","Berserk"],"picked":"Reaper","floor":16},{"not_picked":["Clothesline","Blood for Blood","Sword Boomerang"],"picked":"SKIP","floor":18},{"not_picked":["Pommel Strike","Wild Strike"],"picked":"Rage+1","floor":21},{"not_picked":["Metallicize","Thunderclap","Corruption"],"picked":"SKIP","floor":22},{"not_picked":["Thunderclap","Feel No Pain","Fire Breathing","Body Slam"],"picked":"SKIP","floor":27},{"not_picked":["Disarm+1","Warcry+1","Twin Strike+1","Pommel Strike+1"],"picked":"SKIP","floor":31}],"player_experience":36116,"relics_obtained":[{"floor":9,"key":"Omamori"},{"floor":26,"key":"Question Card"}],"event_choices":[{"damage_healed":0,"gold_gain":0,"player_choice":"Ignored","damage_taken":0,"max_hp_gain":0,"max_hp_loss":0,"event_name":"Liars Game","floor":3,"gold_loss":0},{"cards_removed":["Defend_G"],"damage_healed":0,"gold_gain":0,"player_choice":"Card Removal","damage_taken":0,"max_hp_gain":0,"max_hp_loss":0,"event_name":"The Cleric","floor":4,"gold_loss":50},{"damage_healed":0,"gold_gain":0,"player_choice":"Success","damage_taken":12,"relics_obtained":["Orichalcum"],"max_hp_gain":0,"max_hp_loss":0,"event_name":"Scrap Ooze","floor":11,"gold_loss":0},{"damage_healed":0,"gold_gain":0,"player_choice":"Opened","damage_taken":0,"relics_obtained":["Magic Flower"],"max_hp_gain":0,"max_hp_loss":0,"event_name":"The Mausoleum","floor":19,"gold_loss":0},{"cards_removed":["Strike_R"],"damage_healed":0,"gold_gain":0,"player_choice":"Card Removal","damage_taken":0,"max_hp_gain":0,"max_hp_loss":0,"event_name":"Wheel of Change","floor":24,"gold_loss":0},{"damage_healed":0,"gold_gain":0,"player_choice":"Shed Blood","damage_taken":13,"max_hp_gain":5,"max_hp_loss":0,"event_name":"Forgotten Altar","floor":29,"gold_loss":0},{"damage_healed":0,"gold_gain":0,"player_choice":"Forge","damage_taken":0,"max_hp_gain":0,"max_hp_loss":0,"event_name":"Accursed Blacksmith","floor":30,"gold_loss":0,"cards_upgraded":["Iron Wave"]}],"is_beta":false,"boss_relics":[{"not_picked":["Mark of Pain","Coffee Dripper"],"picked":"Empty Cage"}],"items_purged_floors":[],"is_endless":false,"potions_floor_spawned":[1,12,21,31],"killed_by":"Automaton","ascension_level":0}