{"gold_per_floor":[112,132,57,57,67,67,95,95,95,46,63,94,94,119,119,218,218,237,237,66,86,96,96,21,21,21,51,51,51,51,62,62,160,160,175,175,50,50,62,62,97,97,97,97,107,123,123,149,149,149],"floor_reached":51,"playtime":4231,"items_purged":["Doubt","Strike_R","Pain"],"score":871,"play_id":"cd6f3b19-966b-4c1c-a545-edeed33d4d90","local_time":"20190310050721","is_ascension_mode":true,"campfire_choices":[{"data":"Shockwave","floor":6.0,"key":"SMITH"},{"data":"True Grit","floor":13.0,"key":"SMITH"},{"floor":15.0,"key":"REST"},{"data":"Inflame","floor":23.0,"key":"SMITH"},{"data":"Shrug It Off","floor":25.0,"key":"SMITH"},{"data":"Limit Break","floor":32,"key":"SMITH"},{"data":"Heavy Blade","floor":40,"key":"SMITH"},{"data":"RitualDagger","floor":44,"key":"SMITH"},{"data":"Disarm","floor":47,"key":"SMITH"},{"data":"Uppercut","floor":49,"key":"SMITH"}],"neow_cost":"CURSE","seed_source_timestamp":0,"circlet_count":0,"master_deck":["Strike_R","Defend_R","Defend_R","Defend_R","Bash","Headbutt","Shockwave+1","Uppercut+1","Shrug It Off+1","Shrug It Off+1","Disarm+1","True Grit+1","Reaper","Inflame+1","Combust","Limit Break+1","RitualDagger+1","Clumsy","Heavy Blade+1"],"special_seed":0,"relics":["Burning Blood","Turnip","Dodecahedron","Champion Belt","Gremlin Horn","Cursed Key","Enchiridion","Bag of Marbles","Oddly Smooth Stone","Singing Bowl","Coffee Dripper","Omamori","Pear","Ancient Tea Set"],"potions_floor_usage":[31,41,50,50],"damage_taken":[{"damage":8.0,"enemies":"2 Louse","floor":1.0,"turns":2.0},{"damage":9.0,"enemies":"Small Slimes","floor":2.0,"turns":3.0},{"damage":13.0,"enemies":"Jaw Worm","floor":5.0,"turns":4.0},{"damage":49.0,"enemies":"3 Sentries","floor":7.0,"turns":5.0},{"damage":3.0,"enemies":"Looter","floor":11.0,"turns":3.0},{"damage":18.0,"enemies":"Lagavulin","floor":12.0,"turns":6.0},{"damage":10.0,"enemies":"3 Sentries","floor":14.0,"turns":6.0},{"damage":23.0,"enemies":"The Guardian","floor":16.0,"turns":17.0},{"damage":12.0,"enemies":"Spheric Guardian","floor":18.0,"turns":4.0},{"damage":13.0,"enemies":"Shell Parasite","floor":21.0,"turns":7.0},{"damage":3.0,"enemies":"3 Cultists","floor":22.0,"turns":5.0},{"damage":39.0,"enemies":"Book of Stabbing","floor":27.0,"turns":6.0},{"damage":22,"enemies":"Cultist and Chosen","floor":31,"turns":5},{"damage":39,"enemies":"Collector","floor":33,"turns":10},{"damage":6,"enemies":"Orb Walker","floor":35,"turns":4},{"damage":2,"enemies":"3 Shapes","floor":39,"turns":5},{"damage":5,"enemies":"Giant Head","floor":41,"turns":6},{"damage":6,"enemies":"Maw","floor":45,"turns":7},{"damage":0,"enemies":"Transient","floor":46,"turns":5},{"damage":63,"enemies":"Awakened One","floor":50,"turns":9}],"seed_played":"4932432213343416769","potions_obtained":[{"floor":1.0,"key":"Poison Potion"},{"floor":2.0,"key":"Poison Potion"},{"floor":16.0,"key":"FearPotion"},{"floor":22.0,"key":"Energy Potion"},{"floor":27,"key":"SkillPotion"},{"floor":39,"key":"SkillPotion"},{"floor":45,"key":"BloodPotion"},{"floor":46,"key":"Energy Potion"}],"is_trial":false,"path_per_floor":["M","M","$","?","M","R","E","?","T","$","M","E","R","E","R","B",null,"M","?","$","M","M","R","?","R","T","E","?","?","T","M","R","B",null,"M","?","$","?","M","R","E","?","T","R","M","M","R","T","R","B",null],"character_chosen":"IRONCLAD","items_purchased":["Shrug It Off","Inflame"],"campfire_rested":1,"item_purchase_floors":[10,20],"current_hp_per_floor":[78,75,75,80,73,73,30,30,30,30,33,21,21,17,42,25,85,79,63,63,69,85,85,85,85,85,61,55,55,55,54,54,87,87,89,85,85,85,97,97,99,90,100,100,111,113,113,113,113,86],"gold":149,"neow_bonus":"TRANSFORM_TWO_CARDS","is_prod":false,"is_daily":false,"chose_seed":false,"campfire_upgraded":9,"win_rate":0,"timestamp":1552212441,"path_taken":["M","M","$","?","M","R","E","?","T","$","M","E","R","E","R","BOSS","M","?","$","M","M","R","?","R","T","E","?","?","?","M","R","BOSS","M","?","$","?","M","R","E","?","T","R","?","M","R","?","R","BOSS"],"build_version":"2019-01-23","purchased_purges":3,"victory":true,"max_hp_per_floor":[80,80,80,85,85,85,85,85,85,85,85,85,85,85,85,85,85,85,85,85,85,85,85,85,85,85,85,85,85,85,85,85,87,87,89,95,95,95,97,97,99,99,109,109,111,113,113,113,113,113],"card_choices":[{"not_picked":["Seeing Red","Twin Strike"],"picked":"Shockwave","floor":1.0},{"not_picked":["Bloodletting","Pummel"],"picked":"Uppercut","floor":2.0},{"not_picked":["Wild Strike","Twin Strike","Body Slam"],"picked":"SKIP","floor":5.0},{"not_picked":["Uppercut","Twin Strike"],"picked":"Shrug It Off","floor":7.0},{"not_picked":["Thunderclap","Dropkick"],"picked":"Disarm","floor":11.0},{"not_picked":["Carnage","Shrug It Off"],"picked":"True Grit","floor":12.0},{"not_picked":["Shrug It Off","Headbutt","Uppercut"],"picked":"SKIP","floor":14.0},{"not_picked":["Fiend Fire","Offering"],"picked":"Reaper","floor":16.0},{"not_picked":["Infernal Blade","Perfected Strike+1","Battle Trance"],"picked":"SKIP","floor":18.0},{"not_picked":["Sever Soul+1","Infernal Blade","Cleave"],"picked":"SKIP","floor":21.0},{"not_picked":["Clothesline","Entrench"],"picked":"Combust","floor":22.0},{"not_picked":["Dual Wield","Uppercut"],"picked":"Limit Break","floor":27},{"not_picked":["Armaments","Intimidate"],"picked":"Heavy Blade","floor":31},{"not_picked":["Limit Break","Barricade","Bludgeon"],"picked":"Singing Bowl","floor":33},{"not_picked":["Cleave+1","Wild Strike","Perfected Strike"],"picked":"Singing Bowl","floor":35},{"not_picked":["Flash of Steel","Jack Of All Trades","Secret Weapon"],"picked":"Singing Bowl","floor":36},{"not_picked":["Trip","Blind","Discovery"],"picked":"Singing Bowl","floor":36},{"not_picked":["Secret Technique","Enlightenment","Trip"],"picked":"Singing Bowl","floor":36},{"not_picked":["Twin Strike+1","Sever Soul+1","Headbutt"],"picked":"Singing Bowl","floor":39},{"not_picked":["Sever Soul","Limit Break","Thunderclap+1"],"picked":"Singing Bowl","floor":41},{"not_picked":["Anger+1","Clash","Cleave+1"],"picked":"Singing Bowl","floor":45},{"not_picked":["Reckless Charge","Thunderclap+1","True Grit+1"],"picked":"Singing Bowl","floor":46}],"player_experience":255579,"relics_obtained":[{"floor":7.0,"key":"Turnip"},{"floor":9.0,"key":"Dodecahedron"},{"floor":12.0,"key":"Champion Belt"},{"floor":14.0,"key":"Gremlin Horn"},{"floor":19.0,"key":"Enchiridion"},{"floor":26.0,"key":"Bag of Marbles"},{"floor":27,"key":"Oddly Smooth Stone"},{"floor":30,"key":"Singing Bowl"},{"floor":41,"key":"Omamori"},{"floor":43,"key":"Pear"},{"floor":48,"key":"Ancient Tea Set"}],"event_choices":[{"damage_healed":0.0,"max_hp_gain":5.0,"max_hp_loss":0.0,"gold_gain":0.0,"event_name":"Big Fish","player_choice":"Donut","floor":4.0,"gold_loss":0.0,"damage_taken":0.0},{"damage_healed":0.0,"max_hp_gain":0.0,"max_hp_loss":0.0,"gold_gain":0.0,"event_name":"Living Wall","player_choice":"Grow","floor":8.0,"gold_loss":0.0,"damage_taken":0.0,"cards_upgraded":["Shrug It Off"]},{"damage_healed":0.0,"max_hp_gain":0.0,"max_hp_loss":0.0,"gold_gain":0.0,"event_name":"Cursed Tome","player_choice":"Obtained Book","floor":19.0,"gold_loss":0.0,"damage_taken":16.0},{"cards_removed":["Defend_R"],"damage_healed":0.0,"max_hp_gain":0.0,"max_hp_loss":0.0,"gold_gain":0.0,"event_name":"Beggar","player_choice":"Gave Gold","floor":24.0,"gold_loss":75.0,"damage_taken":0.0},{"damage_healed":0,"gold_gain":0,"player_choice":"Joined the Cult","damage_taken":6,"max_hp_gain":0,"max_hp_loss":0,"event_name":"Nest","floor":28,"gold_loss":0,"cards_obtained":["RitualDagger"]},{"cards_removed":["Strike_R"],"damage_healed":0,"gold_gain":0,"player_choice":"Elegance","damage_taken":0,"max_hp_gain":0,"max_hp_loss":0,"event_name":"Back to Basics","floor":29,"gold_loss":0},{"damage_healed":0,"gold_gain":0,"player_choice":"Memory 3","damage_taken":10,"max_hp_gain":0,"max_hp_loss":0,"event_name":"SensoryStone","floor":36,"gold_loss":0},{"cards_removed":["Combust"],"damage_healed":0,"gold_gain":0,"player_choice":"Removed Power","damage_taken":0,"max_hp_gain":0,"max_hp_loss":0,"event_name":"Falling","floor":38,"gold_loss":0},{"damage_healed":0,"gold_gain":0,"player_choice":"Damaged","damage_taken":9,"max_hp_gain":0,"max_hp_loss":0,"event_name":"Wheel of Change","floor":42,"gold_loss":0}],"is_beta":false,"boss_relics":[{"not_picked":["Calling Bell","Busted Crown"],"picked":"Cursed Key"},{"not_picked":["Orrery","Astrolabe"],"picked":"Coffee Dripper"}],"items_purged_floors":[3,20,37],"is_endless":false,"potions_floor_spawned":[1,2,16,22,27,39,45,46],"ascension_level":4}