{"gold_per_floor":[118,129,404,423,439,439,614,614,614,631,645,659,659,679,679,679],"floor_reached":16,"playtime":852,"items_purged":[],"score":96,"play_id":"c80b2ee1-7bc9-4504-a8ff-07c0f024fede","local_time":"20190304020855","is_ascension_mode":false,"campfire_choices":[{"data":"Anger","floor":6,"key":"SMITH"},{"data":"Thunderclap","floor":8,"key":"SMITH"},{"data":"Regret","floor":15,"key":"PURGE"}],"neow_cost":"NONE","seed_source_timestamp":117009551887670,"circlet_count":0,"master_deck":["Strike_R","Strike_R","Strike_R","Strike_R","Strike_R","Defend_R","Defend_R","Defend_R","Defend_R","Bash","Whirlwind","Flex","Anger+1","Thunderclap+1","Doubt","Intimidate","Headbutt","Anger","Battle Trance"],"relics":["Burning Blood","Vajra","Peace Pipe","Dodecahedron"],"potions_floor_usage":[16,16],"damage_taken":[{"damage":11,"enemies":"Small Slimes","floor":1,"turns":3},{"damage":1,"enemies":"Cultist","floor":2,"turns":3},{"damage":0,"enemies":"2 Louse","floor":4,"turns":1},{"damage":9,"enemies":"Exordium Thugs","floor":5,"turns":4},{"damage":7,"enemies":"Blue Slaver","floor":10,"turns":2},{"damage":8,"enemies":"Large Slime","floor":11,"turns":5},{"damage":5,"enemies":"Looter","floor":12,"turns":2},{"damage":9,"enemies":"2 Fungi Beasts","floor":14,"turns":2},{"damage":75,"enemies":"Hexaghost","floor":16,"turns":9}],"seed_played":"-5596853694019207231","potions_obtained":[{"floor":1,"key":"GamblersBrew"},{"floor":5,"key":"SteroidPotion"},{"floor":14,"key":"Dexterity Potion"}],"is_trial":false,"path_per_floor":["M","M","?","M","M","R","?","R","T","M","M","M","?","M","R","B"],"character_chosen":"IRONCLAD","items_purchased":[],"campfire_rested":0,"item_purchase_floors":[],"current_hp_per_floor":[75,80,80,80,77,77,77,77,77,76,74,75,75,72,72,0],"gold":679,"neow_bonus":"RANDOM_COMMON_RELIC","is_prod":false,"is_daily":false,"chose_seed":false,"campfire_upgraded":2,"win_rate":0.0,"timestamp":1551661735,"path_taken":["M","M","?","M","?","R","?","R","T","M","M","M","?","?","R","BOSS"],"build_version":"2019-01-23","purchased_purges":0,"victory":false,"max_hp_per_floor":[80,80,80,80,80,80,80,80,80,80,80,80,80,80,80,80],"card_choices":[{"not_picked":["Power Through","Thunderclap"],"picked":"Whirlwind","floor":1},{"not_picked":["Body Slam","True Grit"],"picked":"Flex","floor":2},{"not_picked":["Twin Strike","Clothesline"],"picked":"Anger","floor":4},{"not_picked":["Blood for Blood","Dark Embrace"],"picked":"Thunderclap","floor":5},{"not_picked":["Cleave","Reckless Charge"],"picked":"Intimidate","floor":10},{"not_picked":["Reckless Charge","Clothesline"],"picked":"Headbutt","floor":11},{"not_picked":["Spot Weakness","Combust"],"picked":"Anger","floor":12},{"not_picked":["Body Slam","Clothesline"],"picked":"Battle Trance","floor":14}],"player_experience":6546,"relics_obtained":[{"floor":9,"key":"Peace Pipe"}],"event_choices":[{"damage_healed":0,"gold_gain":275,"player_choice":"Desecrate","damage_taken":0,"max_hp_gain":0,"max_hp_loss":0,"event_name":"Golden Shrine","floor":3,"gold_loss":0,"cards_obtained":["Regret"]},{"damage_healed":0,"gold_gain":175,"player_choice":"AGREE","damage_taken":0,"max_hp_gain":0,"max_hp_loss":0,"event_name":"Liars Game","floor":7,"gold_loss":0,"cards_obtained":["Doubt"]},{"damage_healed":0,"gold_gain":0,"player_choice":"Gave Potion","damage_taken":0,"relics_obtained":["Dodecahedron"],"max_hp_gain":0,"max_hp_loss":0,"event_name":"WeMeetAgain","floor":13,"gold_loss":0}],"is_beta":false,"boss_relics":[],"items_purged_floors":[],"is_endless":false,"potions_floor_spawned":[1,5,14],"killed_by":"Hexaghost","ascension_level":0}