{"gold_per_floor":[369,386,386,45,45,89,89,89,158,10,10,54,107,120,120,240,240,256,256],"floor_reached":19,"playtime":515,"items_purged":["Strike_B"],"score":268,"play_id":"5929ea12-473d-4a6b-8fd0-f5c8e5888400","local_time":"20181116222619","is_ascension_mode":true,"campfire_choices":[{"floor":7,"key":"REST"},{"floor":11,"key":"REST"},{"floor":15,"key":"REST"}],"neow_cost":"TEN_PERCENT_HP_LOSS","seed_source_timestamp":13291083067514,"circlet_count":0,"master_deck":["AscendersBane","Strike_B","Strike_B","Strike_B","Defend_B","Defend_B","Defend_B","Defend_B","Zap","Dualcast","Ball Lightning","Go for the Eyes","Seek","Limit Break","Self Repair","Secret Technique","Headbutt+1"],"relics":["Cracked Core","Golden Idol","PrismaticShard","Pen Nib","Anchor","Bottled Lightning","Oddly Smooth Stone","Bottled Flame","Happy Flower","Sozu"],"potions_floor_usage":[12,16],"damage_taken":[{"damage":11,"enemies":"Small Slimes","floor":1,"turns":3},{"damage":7,"enemies":"Jaw Worm","floor":2,"turns":3},{"damage":31,"enemies":"Lagavulin","floor":6,"turns":8},{"damage":15,"enemies":"Gremlin Nob","floor":12,"turns":4},{"damage":0,"enemies":"2 Louse","floor":14,"turns":3},{"damage":16,"enemies":"Slime Boss","floor":16,"turns":10},{"damage":21,"enemies":"2 Thieves","floor":18,"turns":4},{"damage":0,"enemies":"3 Byrds","floor":19,"turns":1}],"seed_played":"-2456853624106223943","potions_obtained":[{"floor":6,"key":"Weak Potion"},{"floor":12,"key":"LiquidBronze"}],"is_trial":false,"path_per_floor":["M","M","?","$","?","E","R","?","T","$","R","E","T","M","R","B",null,"M","M"],"character_chosen":"DEFECT","items_purchased":["PrismaticShard","Seek","Oddly Smooth Stone"],"campfire_rested":3,"item_purchase_floors":[4,4,10],"current_hp_per_floor":[57,50,33,33,33,2,22,22,22,22,42,27,27,27,47,38,61,47,47],"gold":256,"neow_bonus":"TWO_FIFTY_GOLD","is_prod":false,"is_daily":false,"chose_seed":false,"campfire_upgraded":0,"win_rate":0,"timestamp":1542414379,"path_taken":["M","M","?","$","?","E","R","?","T","?","R","E","?","?","R","BOSS","M","?"],"build_version":"2018-11-15","purchased_purges":1,"victory":false,"max_hp_per_floor":[68,68,68,68,68,68,68,68,68,68,68,68,68,68,68,68,68,68,68],"card_choices":[{"not_picked":["Turbo","Coolheaded"],"picked":"Ball Lightning","floor":1},{"not_picked":["Melter","Loop"],"picked":"Go for the Eyes","floor":2},{"not_picked":["Compile Driver","Steam Power","Dual Wield"],"picked":"SKIP","floor":6},{"not_picked":["Twin Strike","Stack"],"picked":"Limit Break","floor":12},{"not_picked":["Turbo","Clothesline"],"picked":"Self Repair","floor":14},{"not_picked":["Berserk","Tools of the Trade"],"picked":"Secret Technique","floor":16},{"not_picked":["Scrape","Armaments"],"picked":"Headbutt+1","floor":18}],"player_experience":603878,"relics_obtained":[{"floor":6,"key":"Pen Nib"},{"floor":9,"key":"Bottled Lightning"},{"floor":12,"key":"Bottled Flame"},{"floor":13,"key":"Happy Flower"}],"event_choices":[{"damage_healed":0,"gold_gain":0,"player_choice":"Take Damage","damage_taken":17,"relics_obtained":["Golden Idol"],"max_hp_gain":0,"max_hp_loss":0,"event_name":"Golden Idol","floor":3,"gold_loss":0},{"damage_healed":0,"gold_gain":0,"player_choice":"Ignored","damage_taken":0,"max_hp_gain":0,"max_hp_loss":0,"event_name":"Liars Game","floor":5,"gold_loss":0},{"damage_healed":0,"gold_gain":0,"player_choice":"Searched \u00271\u0027 times","damage_taken":0,"relics_obtained":["Anchor"],"max_hp_gain":0,"max_hp_loss":0,"event_name":"Dead Adventurer","floor":8,"gold_loss":0}],"is_beta":false,"boss_relics":[{"not_picked":["Orrery","White Beast Statue"],"picked":"Sozu"}],"items_purged_floors":[4],"is_endless":false,"potions_floor_spawned":[6,12],"killed_by":"3 Byrds","ascension_level":11}