{"gold_per_floor":[111,111,122,122,59,59,92,92,92,111,111,84,98,10,10,10],"floor_reached":16,"playtime":722,"items_purged":["Regret"],"score":190,"play_id":"b1450370-2170-47cf-b751-6a1863bdbcba","local_time":"20190305165730","is_ascension_mode":true,"campfire_choices":[{"data":"Neutralize","floor":6,"key":"SMITH"},{"floor":11,"key":"REST"},{"floor":15,"key":"REST"}],"neow_cost":"NONE","seed_source_timestamp":312121090401582,"circlet_count":0,"master_deck":["AscendersBane","Defend_G","Defend_G","Defend_G","Defend_G","Defend_G","Strike_G","Strike_G","Strike_G","Strike_G+1","Strike_G+1","Survivor","Neutralize+1","Leg Sweep","Cloak And Dagger","Dash","Burst","PiercingWail","Tools of the Trade+1","Well Laid Plans+1"],"relics":["Ring of the Snake","Whetstone","Dream Catcher","MawBank","Matryoshka","Frozen Egg 2","Bag of Marbles"],"potions_floor_usage":[7],"damage_taken":[{"damage":0,"enemies":"Jaw Worm","floor":1,"turns":4},{"damage":1,"enemies":"Small Slimes","floor":3,"turns":6},{"damage":56,"enemies":"3 Sentries","floor":7,"turns":20},{"damage":0,"enemies":"Cultist","floor":10,"turns":4},{"damage":10,"enemies":"Exordium Thugs","floor":12,"turns":6},{"damage":0,"enemies":"2 Fungi Beasts","floor":13,"turns":4},{"damage":35,"enemies":"Slime Boss","floor":16,"turns":10}],"seed_played":"8037959432633489709","potions_obtained":[{"floor":1,"key":"Dexterity Potion"},{"floor":12,"key":"Weak Potion"}],"is_trial":false,"path_per_floor":["M","?","M","T","$","R","E","?","T","M","R","M","M","$","R","B"],"character_chosen":"THE_SILENT","items_purchased":["Well Laid Plans+1"],"campfire_rested":2,"item_purchase_floors":[14],"current_hp_per_floor":[59,59,58,58,58,58,2,2,2,2,21,11,11,11,30,0],"gold":10,"neow_bonus":"RANDOM_COMMON_RELIC","is_prod":false,"is_daily":false,"chose_seed":false,"campfire_upgraded":1,"win_rate":0,"timestamp":1551801450,"path_taken":["M","?","M","?","$","R","E","?","T","M","R","?","M","$","R","BOSS"],"build_version":"2019-01-23","purchased_purges":1,"victory":false,"max_hp_per_floor":[66,66,66,66,66,66,66,66,66,66,66,66,66,66,66,66],"card_choices":[{"not_picked":["Calculated Gamble","Distraction"],"picked":"Leg Sweep","floor":1},{"not_picked":["Reflex","Acrobatics"],"picked":"Cloak And Dagger","floor":3},{"not_picked":["Deadly Poison","Backflip"],"picked":"Dash","floor":7},{"not_picked":["Acrobatics","Bane"],"picked":"PiercingWail","floor":10},{"not_picked":["Catalyst","PiercingWail"],"picked":"Tools of the Trade+1","floor":11},{"not_picked":["Bane","Concentrate","Acrobatics"],"picked":"SKIP","floor":12},{"not_picked":["Calculated Gamble","Poisoned Stab","Setup"],"picked":"SKIP","floor":13}],"player_experience":895304,"relics_obtained":[{"floor":4,"key":"MawBank"},{"floor":7,"key":"Matryoshka"},{"floor":9,"key":"Frozen Egg 2"},{"floor":9,"key":"Bag of Marbles"}],"event_choices":[{"damage_healed":0,"gold_gain":0,"player_choice":"Box","damage_taken":0,"relics_obtained":["Dream Catcher"],"max_hp_gain":0,"max_hp_loss":0,"event_name":"Big Fish","floor":2,"gold_loss":0,"cards_obtained":["Regret"]},{"damage_healed":0,"gold_gain":0,"player_choice":"1 cards matched","damage_taken":0,"max_hp_gain":0,"max_hp_loss":0,"event_name":"Match and Keep!","floor":8,"gold_loss":0,"cards_obtained":["Burst"]}],"is_beta":false,"boss_relics":[],"items_purged_floors":[5],"is_endless":false,"potions_floor_spawned":[1,12],"killed_by":"Slime Boss","ascension_level":18}