{"gold_per_floor":[118,118,0,0,13,13,27,56,56,75,75,225,225,19,19,90,90,107,32,49,49,49,74,86,86,86,96,114,132,132,132],"floor_reached":31,"playtime":1182,"items_purged":["Doubt"],"score":484,"play_id":"faad9cea-8a63-407d-8cf3-abdbbb5f3d97","local_time":"20190301000938","is_ascension_mode":true,"campfire_choices":[{"data":"Armaments","floor":6,"key":"SMITH"},{"data":"Shockwave","floor":11,"key":"SMITH"},{"data":"Magnetism","floor":15,"key":"SMITH"},{"floor":25,"key":"REST"}],"neow_cost":"CURSE","seed_source_timestamp":253640228596400,"circlet_count":0,"master_deck":["AscendersBane","Strike_R","Strike_R","Strike_R","Strike_R","Defend_R","Defend_R","Defend_R","Defend_R","Bash","Dramatic Entrance","Perfected Strike","Armaments+1","Dark Shackles","Shockwave+1","Cleave","Rage","Feed","Trip","Magnetism+1","Demon Form","Anger+1","Fire Breathing","Limit Break","Iron Wave"],"relics":["Burning Blood","Calipers","Mummified Hand","Busted Crown","StoneCalendar","Mango","Gremlin Horn"],"potions_floor_usage":[23,24,24,29],"damage_taken":[{"damage":18,"enemies":"Jaw Worm","floor":1,"turns":6},{"damage":10,"enemies":"Small Slimes","floor":5,"turns":4},{"damage":0,"enemies":"Cultist","floor":7,"turns":3},{"damage":30,"enemies":"3 Sentries","floor":8,"turns":7},{"damage":7,"enemies":"Looter","floor":10,"turns":4},{"damage":31,"enemies":"Hexaghost","floor":16,"turns":12},{"damage":12,"enemies":"Shell Parasite","floor":18,"turns":6},{"damage":28,"enemies":"2 Thieves","floor":20,"turns":3},{"damage":36,"enemies":"Gremlin Leader","floor":23,"turns":7},{"damage":17,"enemies":"3 Cultists","floor":24,"turns":4},{"damage":33,"enemies":"Chosen and Byrds","floor":27,"turns":5},{"damage":15,"enemies":"Snecko","floor":28,"turns":5},{"damage":14,"enemies":"Cultist and Chosen","floor":29,"turns":5},{"damage":16,"enemies":"Snake Plant","floor":31,"turns":1}],"seed_played":"-8191988615723278226","potions_obtained":[{"floor":1,"key":"FearPotion"},{"floor":7,"key":"BloodPotion"},{"floor":24,"key":"Fruit Juice"},{"floor":28,"key":"LiquidBronze"}],"is_trial":false,"path_per_floor":["M","?","$","?","M","R","M","E","T","M","R","?","?","$","R","B",null,"M","$","M","?","?","E","M","R","T","M","M","M","T","M"],"character_chosen":"IRONCLAD","items_purchased":["Armaments","Dark Shackles","Magnetism"],"campfire_rested":1,"item_purchase_floors":[3,3,14],"current_hp_per_floor":[56,56,56,61,57,57,63,39,39,38,38,38,38,38,38,13,63,60,60,41,41,41,19,17,45,59,32,23,15,15,0],"gold":132,"neow_bonus":"RANDOM_COLORLESS_2","is_prod":false,"is_daily":false,"chose_seed":false,"campfire_upgraded":3,"win_rate":0,"timestamp":1551416978,"path_taken":["M","?","$","?","M","R","M","E","T","?","R","?","?","$","R","BOSS","M","$","M","?","?","E","M","R","T","M","M","?","?","M"],"build_version":"2019-02-06","purchased_purges":1,"victory":false,"max_hp_per_floor":[75,75,75,80,80,80,80,80,80,80,80,80,80,80,80,80,80,83,83,86,86,86,86,95,95,109,109,109,109,109,109],"card_choices":[{"not_picked":["Combust","Headbutt"],"picked":"Perfected Strike","floor":1},{"not_picked":["Rupture","Warcry"],"picked":"Shockwave","floor":5},{"not_picked":["True Grit","Inflame"],"picked":"Cleave","floor":7},{"not_picked":["Sword Boomerang","Flex"],"picked":"Rage","floor":8},{"not_picked":["Wild Strike","Hemokinesis"],"picked":"Feed","floor":10},{"not_picked":["Brutality","Dark Embrace"],"picked":"Demon Form","floor":16},{"not_picked":[],"picked":"Anger+1","floor":18},{"not_picked":[],"picked":"Fire Breathing","floor":20},{"not_picked":["Fiend Fire"],"picked":"SKIP","floor":23},{"not_picked":["Anger+1"],"picked":"SKIP","floor":24},{"not_picked":["Flex"],"picked":"SKIP","floor":27},{"not_picked":["Flex"],"picked":"SKIP","floor":28},{"not_picked":[],"picked":"Iron Wave","floor":29}],"player_experience":622507,"relics_obtained":[{"floor":8,"key":"Calipers"},{"floor":9,"key":"Mummified Hand"},{"floor":23,"key":"StoneCalendar"},{"floor":26,"key":"Mango"},{"floor":30,"key":"Gremlin Horn"}],"event_choices":[{"cards_removed":["Normality"],"damage_healed":0,"gold_gain":0,"player_choice":"Forget","damage_taken":0,"max_hp_gain":0,"max_hp_loss":0,"event_name":"Living Wall","floor":2,"gold_loss":0},{"damage_healed":0,"gold_gain":0,"player_choice":"Donut","damage_taken":0,"max_hp_gain":5,"max_hp_loss":0,"event_name":"Big Fish","floor":4,"gold_loss":0},{"damage_healed":0,"gold_gain":150,"player_choice":"AGREE","damage_taken":0,"max_hp_gain":0,"max_hp_loss":0,"event_name":"Liars Game","floor":12,"gold_loss":0,"cards_obtained":["Doubt"]},{"damage_healed":0,"gold_gain":0,"cards_transformed":["PanicButton"],"player_choice":"Transformed","damage_taken":0,"max_hp_gain":0,"max_hp_loss":0,"event_name":"Transmorgrifier","floor":13,"gold_loss":0,"cards_obtained":["Trip"]},{"damage_healed":0,"gold_gain":0,"cards_transformed":["Strike_R"],"player_choice":"Transformed","damage_taken":0,"max_hp_gain":0,"max_hp_loss":0,"event_name":"Transmorgrifier","floor":22,"gold_loss":0,"cards_obtained":["Limit Break"]}],"is_beta":true,"boss_relics":[{"not_picked":["Runic Cube","Cursed Key"],"picked":"Busted Crown"}],"items_purged_floors":[19],"is_endless":false,"potions_floor_spawned":[1,7,10,24,28],"killed_by":"Snake Plant","ascension_level":16}