{"gold_per_floor":[117,117,143,154,167,199,212,239,239,239,269,269,269,295,295,416,416,441,195,195,195,209,239,239,269,317,342,342,342,358,421,421,526,526,537,557,557,126,144,171,171,200,280,295,295,295,308,320,320,320],"floor_reached":50,"playtime":5963,"items_purged":[],"score":656,"play_id":"b9b6b98d-4a65-4f1d-a992-0f6f20176823","local_time":"20190304165037","is_ascension_mode":true,"campfire_choices":[{"data":"Dualcast","floor":10.0,"key":"SMITH"},{"data":"Zap","floor":13.0,"key":"SMITH"},{"floor":15.0,"key":"REST"},{"data":"Buffer","floor":24.0,"key":"SMITH"},{"floor":29.0,"key":"REST"},{"floor":32.0,"key":"RECALL"},{"floor":41.0,"key":"REST"},{"floor":49,"key":"REST"}],"neow_cost":"NONE","seed_source_timestamp":365343966991319,"circlet_count":0,"master_deck":["Immolate+1","Strike_B","Strike_B","Strike_B","Defend_B","Defend_B","Defend_B","Defend_B","Dualcast+1","Leap","Cold Snap","Ball Lightning","Coolheaded+1","Buffer+1","Consume+1","Leap+1","hubris:Ukulele","Leap+1","Strike_R","Ball Lightning+1","Glacier+1","Blizzard","Coolheaded+1","Parasite","Mayhem","hubris:DuctTapeCard"],"special_seed":0,"relics":["Cracked Core","hubris:BallOfYels","Pantograph","hubris:SphereOfDissonance","Toxic Egg 2","hubris:BottledRain","Bloody Idol","Odd Mushroom","hubris:HollowSoul","Runic Capacitor","Kunai","hubris:FunFungus","Red Mask","Tiny Chest","hubris:Stopwatch","Bag of Preparation","hubris:TinFlute","Girya","Turnip","Bottled Tornado","hubris:DuctTape"],"potions_floor_usage":[50,50],"damage_taken":[{"damage":1.0,"enemies":"Jaw Worm","floor":1.0,"turns":2.0},{"damage":0.0,"enemies":"Cultist","floor":4.0,"turns":2.0},{"damage":0.0,"enemies":"Small Slimes","floor":5.0,"turns":1.0},{"damage":6.0,"enemies":"Gremlin Nob","floor":6.0,"turns":3.0},{"damage":0.0,"enemies":"3 Louse","floor":7.0,"turns":1.0},{"damage":15.0,"enemies":"3 Sentries","floor":8.0,"turns":5.0},{"damage":0.0,"enemies":"Gremlin Nob","floor":11.0,"turns":2.0},{"damage":4.0,"enemies":"The Mushroom Lair","floor":14.0,"turns":3.0},{"damage":2.0,"enemies":"Slime Boss","floor":16.0,"turns":6.0},{"damage":13.0,"enemies":"2 Thieves","floor":18.0,"turns":3.0},{"damage":0.0,"enemies":"Chosen","floor":22.0,"turns":3.0},{"damage":11.0,"enemies":"Slavers","floor":23.0,"turns":3.0},{"damage":36.0,"enemies":"Book of Stabbing","floor":25.0,"turns":5.0},{"damage":16.0,"enemies":"Masked Bandits","floor":27.0,"turns":4.0},{"damage":5.0,"enemies":"Shelled Parasite and Fungi","floor":30.0,"turns":3.0},{"damage":14.0,"enemies":"Slavers","floor":31.0,"turns":2.0},{"damage":18.0,"enemies":"Collector","floor":33.0,"turns":7.0},{"damage":0.0,"enemies":"3 Shapes","floor":35.0,"turns":3.0},{"damage":16.0,"enemies":"3 Darklings","floor":36.0,"turns":4.0},{"damage":25.0,"enemies":"Maw","floor":39.0,"turns":8.0},{"damage":21.0,"enemies":"Reptomancer","floor":40.0,"turns":7.0},{"damage":38.0,"enemies":"Nemesis","floor":42.0,"turns":11.0},{"damage":0.0,"enemies":"Writhing Mass","floor":44.0,"turns":6.0},{"damage":7.0,"enemies":"3 Darklings","floor":47.0,"turns":5.0},{"damage":0,"enemies":"Jaw Worm Horde","floor":48,"turns":5},{"damage":17,"enemies":"hubris:GrandSnecko","floor":50,"turns":10}],"seed_played":"898696922487299067","potions_obtained":[{"floor":4.0,"key":"Energy Potion"},{"floor":5.0,"key":"Explosive Potion"},{"floor":16.0,"key":"Ancient Potion"},{"floor":18.0,"key":"LiquidBronze"},{"floor":30.0,"key":"Weak Potion"},{"floor":31.0,"key":"PowerPotion"},{"floor":33.0,"key":"AttackPotion"},{"floor":40.0,"key":"Energy Potion"},{"floor":47.0,"key":"Strength Potion"},{"floor":48,"key":"Explosive Potion"}],"is_trial":false,"path_per_floor":["M","?","T","M","M","E","M","E","T","R","E","?","R","?","R","B",null,"M","$","?","?","M","E","R","E","T","?","?","R","M","E","R","B",null,"M","M","?","$","M","E","R","E","T","M","?","T","M","M","R","B"],"character_chosen":"DEFECT","items_purchased":["Runic Capacitor","Leap+1","Bag of Preparation","hubris:TinFlute","Glacier+1"],"campfire_rested":4,"item_purchase_floors":[19,19,38,38,38],"current_hp_per_floor":[81,81,81,81,81,75,75,60,60,60,60,40,40,36,60,80,82,69,69,69,69,74,68,68,37,42,31,31,55,55,51,51,65,82,82,71,71,71,53,38,62,31,36,42,42,42,40,45,69,68],"gold":320,"neow_bonus":"TEN_PERCENT_HP_BONUS","is_prod":false,"is_daily":false,"chose_seed":false,"campfire_upgraded":3,"win_rate":0,"timestamp":1551739837,"path_taken":["M","?","?","M","M","E","?","E","T","R","E","?","R","?","R","BOSS","M","$","?","?","?","E","R","E","T","?","?","R","M","E","R","BOSS","M","?","?","$","M","E","R","E","T","M","?","?","M","?","R","BOSS"],"build_version":"2019-01-23","purchased_purges":0,"victory":false,"max_hp_per_floor":[82,82,82,82,82,82,82,82,82,82,82,82,82,82,82,82,82,82,82,82,82,82,82,82,82,82,82,82,82,82,82,82,82,82,82,82,82,82,82,82,82,82,82,82,82,82,82,82,82,82],"card_choices":[{"not_picked":["Loop","White Noise"],"picked":"Leap","floor":1.0},{"not_picked":["Gash","Streamline"],"picked":"Ball Lightning","floor":4.0},{"not_picked":["Recycle","Go for the Eyes","Streamline"],"picked":"SKIP","floor":5.0},{"not_picked":["Heatsinks","Hello World"],"picked":"Cold Snap","floor":6.0},{"not_picked":["Biased Cognition","Streamline","Lockon"],"picked":"SKIP","floor":7.0},{"not_picked":["Sweeping Beam","Go for the Eyes","Darkness"],"picked":"SKIP","floor":8.0},{"not_picked":["Beam Cell","Steam Power+1"],"picked":"Ball Lightning","floor":11.0},{"not_picked":["Go for the Eyes","Gash"],"picked":"Coolheaded+1","floor":14.0},{"not_picked":["Multi-Cast+1","Hyperbeam"],"picked":"Buffer","floor":16.0},{"not_picked":["Blizzard","BootSequence+1"],"picked":"Consume+1","floor":18.0},{"not_picked":["Coolheaded+1","Compile Driver"],"picked":"hubris:Ukulele","floor":22.0},{"not_picked":["Leap+1","Beam Cell","Static Discharge"],"picked":"SKIP","floor":23.0},{"not_picked":["Darkness+1","Barrage"],"picked":"Leap+1","floor":25.0},{"not_picked":["Fusion+1","Beam Cell+1"],"picked":"Redo+1","floor":27.0},{"not_picked":["Recycle+1","Gash","Scrape"],"picked":"SKIP","floor":30.0},{"not_picked":["Steam+1","hubris:Prefetch+1","Sunder"],"picked":"SKIP","floor":31.0},{"not_picked":["Gash","Steam+1"],"picked":"Ball Lightning+1","floor":35.0},{"not_picked":["Hello World","Steam+1","Turbo+1"],"picked":"SKIP","floor":36.0},{"not_picked":["Conserve Battery+1","Stack+1"],"picked":"Blizzard","floor":39.0},{"not_picked":["Cold Snap","Rebound+1","Gash+1"],"picked":"SKIP","floor":40.0},{"not_picked":["Sweeping Beam+1","Cold Snap+1"],"picked":"Coolheaded+1","floor":42.0},{"not_picked":["hubris:Ukulele","Reinforced Body+1","Stack+1"],"picked":"SKIP","floor":44.0},{"not_picked":["Swift Strike","PanicButton+1"],"picked":"Mayhem","floor":45.0},{"not_picked":["Lockon","Genetic Algorithm+1","Steam+1"],"picked":"SKIP","floor":47.0},{"not_picked":["Rip and Tear+1","Doom and Gloom","Leap+1"],"picked":"SKIP","floor":48}],"player_experience":348664,"relics_obtained":[{"floor":3.0,"key":"hubris:BallOfYels"},{"floor":6.0,"key":"Pantograph"},{"floor":8.0,"key":"hubris:SphereOfDissonance"},{"floor":9.0,"key":"Toxic Egg 2"},{"floor":11.0,"key":"hubris:BottledRain"},{"floor":14.0,"key":"Odd Mushroom"},{"floor":23.0,"key":"Kunai"},{"floor":25.0,"key":"hubris:FunFungus"},{"floor":27.0,"key":"Red Mask"},{"floor":31.0,"key":"Tiny Chest"},{"floor":40.0,"key":"Girya"},{"floor":42.0,"key":"Turnip"},{"floor":43.0,"key":"Bottled Tornado"},{"floor":46.0,"key":"hubris:DuctTape"}],"event_choices":[{"damage_healed":0.0,"max_hp_gain":0.0,"max_hp_loss":0.0,"gold_gain":0.0,"event_name":"The Cleric","player_choice":"Leave","floor":2.0,"gold_loss":0.0,"damage_taken":0.0},{"damage_healed":0.0,"max_hp_gain":0.0,"max_hp_loss":0.0,"gold_gain":0.0,"event_name":"Golden Idol","player_choice":"Take Damage","floor":12.0,"gold_loss":0.0,"damage_taken":20.0,"relics_obtained":["Golden Idol"]},{"damage_healed":0.0,"max_hp_gain":0.0,"max_hp_loss":0.0,"gold_gain":0.0,"event_name":"Mushrooms","player_choice":"Fought Mushrooms","floor":14.0,"gold_loss":0.0,"damage_taken":0.0},{"damage_healed":0.0,"max_hp_gain":0.0,"max_hp_loss":0.0,"gold_gain":0.0,"event_name":"Forgotten Altar","player_choice":"Gave Idol","floor":20.0,"relics_lost":["Golden Idol"],"gold_loss":0.0,"damage_taken":0.0,"relics_obtained":["Bloody Idol"]},{"damage_healed":0.0,"max_hp_gain":0.0,"max_hp_loss":0.0,"gold_gain":0.0,"event_name":"Lab","player_choice":"Got Potions","floor":21.0,"gold_loss":0.0,"damage_taken":0.0},{"damage_healed":0.0,"max_hp_gain":0.0,"max_hp_loss":0.0,"gold_gain":0.0,"event_name":"Masked Bandits","player_choice":"Fought Bandits","floor":27.0,"gold_loss":0.0,"damage_taken":0.0},{"cards_removed":["Strike_B"],"damage_healed":0.0,"max_hp_gain":0.0,"max_hp_loss":0.0,"gold_gain":0.0,"event_name":"NoteForYourself","player_choice":"Took Card","floor":28.0,"gold_loss":0.0,"damage_taken":0.0,"cards_obtained":["Strike_R"]},{"cards_removed":["Ball Lightning"],"damage_healed":0.0,"max_hp_gain":0.0,"max_hp_loss":0.0,"gold_gain":0.0,"event_name":"Falling","player_choice":"Removed Attack","floor":37.0,"gold_loss":0.0,"damage_taken":0.0},{"damage_healed":0.0,"max_hp_gain":0.0,"max_hp_loss":0.0,"gold_gain":0.0,"event_name":"SensoryStone","player_choice":"Memory 1","floor":45.0,"gold_loss":0.0,"damage_taken":0.0}],"is_beta":false,"boss_relics":[{"not_picked":["Ectoplasm","hubris:CrackedHourglass"],"picked":"hubris:HollowSoul"},{"not_picked":["Astrolabe","Snecko Eye"],"picked":"hubris:Stopwatch"}],"items_purged_floors":[],"is_endless":false,"potions_floor_spawned":[4,5,16,18,30,31,33,40,47,48],"killed_by":"hubris:GrandSnecko","ascension_level":1}