{"gold_per_floor":[119,44,44,61,61,89,105,105,105,105,79,112,126,156,156,233,233,153,153,153,153,153,153,153,153,153,153,153,153,153,153,153,153],"floor_reached":33,"playtime":1062,"items_purged":[],"score":589,"play_id":"ff600052-44ca-4843-8a02-1378de50a6ba","local_time":"20190311125553","is_ascension_mode":true,"campfire_choices":[{"floor":10,"key":"REST"},{"data":"Bouncing Flask","floor":15,"key":"SMITH"},{"data":"Malaise","floor":23,"key":"SMITH"},{"data":"Tools of the Trade","floor":25,"key":"SMITH"},{"floor":27,"key":"REST"},{"data":"Dagger Spray","floor":30,"key":"SMITH"},{"floor":32,"key":"REST"}],"neow_cost":"NONE","seed_source_timestamp":414930918264101,"circlet_count":0,"master_deck":["AscendersBane","Defend_G","Defend_G+1","Defend_G","Defend_G","Defend_G+1","Strike_G","Strike_G","Strike_G","Strike_G","Survivor","Neutralize","Dagger Spray+1","Corpse Explosion","Bouncing Flask+1","Tools of the Trade+1","Escape Plan","Malaise+1","PiercingWail+1","Deadly Poison","Adrenaline"],"relics":["Ring of the Snake","NeowsBlessing","Nunchaku","Tough Bandages","Blood Vial","Tiny Chest","Ectoplasm","Mango","Ginger","Blue Candle","Smiling Mask"],"potions_floor_usage":[7,20,24,29,31],"damage_taken":[{"damage":0,"enemies":"2 Louse","floor":1,"turns":1},{"damage":0,"enemies":"Small Slimes","floor":4,"turns":1},{"damage":0,"enemies":"Gremlin Nob","floor":6,"turns":1},{"damage":10,"enemies":"Cultist","floor":7,"turns":5},{"damage":0,"enemies":"Exordium Thugs","floor":11,"turns":4},{"damage":19,"enemies":"3 Sentries","floor":12,"turns":4},{"damage":0,"enemies":"Exordium Wildlife","floor":13,"turns":2},{"damage":9,"enemies":"Hexaghost","floor":16,"turns":9},{"damage":22,"enemies":"2 Thieves","floor":18,"turns":3},{"damage":0,"enemies":"Chosen","floor":19,"turns":5},{"damage":29,"enemies":"3 Cultists","floor":20,"turns":4},{"damage":0,"enemies":"Snecko","floor":21,"turns":7},{"damage":16,"enemies":"Shelled Parasite and Fungi","floor":24,"turns":6},{"damage":9,"enemies":"Book of Stabbing","floor":29,"turns":10},{"damage":0,"enemies":"3 Cultists","floor":31,"turns":2},{"damage":80,"enemies":"Collector","floor":33,"turns":10}],"seed_played":"-6998802130691887238","potions_obtained":[{"floor":4,"key":"Energy Potion"},{"floor":12,"key":"AttackPotion"},{"floor":18,"key":"EssenceOfSteel"},{"floor":21,"key":"GhostInAJar"},{"floor":24,"key":"Block Potion"},{"floor":29,"key":"Fire Potion"},{"floor":31,"key":"FairyPotion"}],"is_trial":false,"path_per_floor":["M","?","$","M","$","E","M","?","T","R","M","E","M","?","R","B",null,"M","M","M","M","T","R","M","R","T","R","T","E","R","M","R","B"],"character_chosen":"THE_SILENT","items_purchased":[],"campfire_rested":3,"item_purchase_floors":[],"current_hp_per_floor":[59,59,59,59,59,59,49,29,29,48,48,29,31,31,31,24,56,36,38,11,13,27,27,13,13,13,37,37,30,30,32,56,0],"gold":153,"neow_bonus":"THREE_ENEMY_KILL","is_prod":false,"is_daily":false,"chose_seed":false,"campfire_upgraded":4,"win_rate":0,"timestamp":1552305353,"path_taken":["M","?","$","M","$","E","M","?","T","R","M","E","M","?","R","BOSS","M","M","M","?","?","R","M","R","T","R","?","E","R","M","R","BOSS"],"build_version":"2019-01-23","purchased_purges":0,"victory":false,"max_hp_per_floor":[66,66,66,66,66,66,66,66,66,66,66,66,66,66,66,66,66,66,66,66,66,80,80,80,80,80,80,80,80,80,80,80,80],"card_choices":[{"not_picked":["Acrobatics","Bane"],"picked":"Dagger Spray","floor":1},{"not_picked":["Bane","Expertise","Quick Slash"],"picked":"SKIP","floor":4},{"not_picked":["Bane","Well Laid Plans"],"picked":"Corpse Explosion","floor":6},{"not_picked":["Slice","Dagger Throw"],"picked":"Bouncing Flask","floor":7},{"not_picked":["Outmaneuver","Dagger Spray","Slice"],"picked":"SKIP","floor":11},{"not_picked":["Acrobatics","Sucker Punch"],"picked":"Tools of the Trade","floor":12},{"not_picked":["Finisher","Sucker Punch"],"picked":"Escape Plan","floor":13},{"not_picked":["Storm of Steel","Die Die Die"],"picked":"Malaise","floor":16},{"not_picked":["Outmaneuver","Blade Dance"],"picked":"PiercingWail+1","floor":18},{"not_picked":["All Out Attack","Escape Plan","Acrobatics+1"],"picked":"SKIP","floor":19},{"not_picked":["Poisoned Stab","Quick Slash"],"picked":"Deadly Poison","floor":20},{"not_picked":["Flying Knee+1","Dagger Spray","Skewer+1"],"picked":"SKIP","floor":21},{"not_picked":["Cloak And Dagger","Heel Hook","Reflex"],"picked":"SKIP","floor":24},{"not_picked":["PiercingWail","Poisoned Stab+1"],"picked":"Adrenaline","floor":29},{"not_picked":["PiercingWail","Setup+1","Bane"],"picked":"SKIP","floor":31}],"player_experience":959196,"relics_obtained":[{"floor":6,"key":"Nunchaku"},{"floor":9,"key":"Tough Bandages"},{"floor":12,"key":"Blood Vial"},{"floor":22,"key":"Mango"},{"floor":26,"key":"Ginger"},{"floor":28,"key":"Blue Candle"},{"floor":29,"key":"Smiling Mask"}],"event_choices":[{"cards_removed":["Strike_G"],"damage_healed":0,"gold_gain":0,"player_choice":"Card Removal","damage_taken":0,"max_hp_gain":0,"max_hp_loss":0,"event_name":"The Cleric","floor":2,"gold_loss":75},{"damage_healed":0,"gold_gain":0,"player_choice":"Entered Light","damage_taken":20,"max_hp_gain":0,"max_hp_loss":0,"event_name":"Shining Light","floor":8,"gold_loss":0,"cards_upgraded":["Defend_G","Defend_G"]},{"damage_healed":0,"gold_gain":0,"player_choice":"Gave Potion","damage_taken":0,"relics_obtained":["Tiny Chest"],"max_hp_gain":0,"max_hp_loss":0,"event_name":"WeMeetAgain","floor":14,"gold_loss":0}],"is_beta":false,"boss_relics":[{"not_picked":["Astrolabe","Runic Pyramid"],"picked":"Ectoplasm"}],"items_purged_floors":[],"is_endless":false,"potions_floor_spawned":[4,12,18,21,24,29,31],"killed_by":"Collector","ascension_level":19}