{"gold_per_floor":[111,186,196,196,53,84,95,95,95,112,112,130,130,30,30,131,131,151,26,30,42,42],"floor_reached":22,"playtime":2305,"items_purged":["Strike_R","Strike_R","Clash"],"score":214,"play_id":"8faa2707-767c-4089-99d8-692a76774c61","local_time":"20190307031143","is_ascension_mode":true,"campfire_choices":[{"data":"Armaments","floor":8,"key":"SMITH"},{"data":"Entrench","floor":13,"key":"SMITH"},{"data":"Rampage","floor":15,"key":"SMITH"}],"neow_cost":"TEN_PERCENT_HP_LOSS","seed_source_timestamp":215233014582671,"circlet_count":0,"master_deck":["Bash","Juggernaut+1","Rampage+1","Ghostly Armor","Ghostly Armor","Armaments+1","Disarm","Entrench+1","Armaments","Juggernaut","Heavy Blade","Hemokinesis","Flame Barrier","Rupture","Dual Wield","Shockwave","Iron Wave+1","Disarm"],"relics":["Burning Blood","Bottled Tornado","Pandora\u0027s Box"],"potions_floor_usage":[3,10,16,20,20,21,22,22],"damage_taken":[{"damage":9,"enemies":"Jaw Worm","floor":1,"turns":4},{"damage":0,"enemies":"Cultist","floor":3,"turns":3},{"damage":12,"enemies":"Lagavulin","floor":6,"turns":8},{"damage":7,"enemies":"2 Louse","floor":7,"turns":3},{"damage":12,"enemies":"Lots of Slimes","floor":10,"turns":4},{"damage":8,"enemies":"3 Louse","floor":12,"turns":4},{"damage":51,"enemies":"Slime Boss","floor":16,"turns":14},{"damage":3,"enemies":"3 Byrds","floor":18,"turns":5},{"damage":31,"enemies":"2 Thieves","floor":20,"turns":5},{"damage":27,"enemies":"Snake Plant","floor":21,"turns":5},{"damage":42,"enemies":"3 Cultists","floor":22,"turns":6}],"seed_played":"-3432953890971222058","potions_obtained":[{"floor":1,"key":"Explosive Potion"},{"floor":3,"key":"Block Potion"},{"floor":7,"key":"Fruit Juice"},{"floor":18,"key":"EntropicBrew"},{"floor":21,"key":"Swift Potion"}],"is_trial":false,"path_per_floor":["M","?","M","?","$","E","M","R","T","M","?","M","R","$","R","B",null,"M","$","M","M","M"],"character_chosen":"IRONCLAD","items_purchased":["Ghostly Armor"],"campfire_rested":0,"item_purchase_floors":[5],"current_hp_per_floor":[69,62,68,68,68,62,61,61,61,60,60,58,58,58,58,13,77,77,77,59,38,0],"gold":42,"neow_bonus":"THREE_RARE_CARDS","is_prod":false,"is_daily":false,"chose_seed":false,"campfire_upgraded":3,"win_rate":0,"timestamp":1551949903,"path_taken":["M","?","?","?","$","E","?","R","T","M","?","M","R","$","R","BOSS","M","$","M","M","M"],"build_version":"2019-01-23","purchased_purges":3,"victory":false,"max_hp_per_floor":[72,72,72,72,72,72,72,72,72,77,77,77,77,77,77,77,77,77,77,77,77,77],"card_choices":[{"not_picked":["Reaper","Exhume"],"picked":"Juggernaut","floor":0},{"not_picked":["Wild Strike","Sentinel"],"picked":"Rampage","floor":1},{"not_picked":["True Grit","Armaments"],"picked":"Ghostly Armor","floor":3},{"not_picked":["Havoc","Dual Wield"],"picked":"Armaments","floor":6},{"not_picked":["Intimidate","Wild Strike"],"picked":"Disarm","floor":7},{"not_picked":["Cleave","Clash"],"picked":"Entrench","floor":10},{"not_picked":["Wild Strike","Perfected Strike"],"picked":"Armaments","floor":12},{"not_picked":["Reaper","Limit Break"],"picked":"Juggernaut","floor":16},{"not_picked":["Warcry","Pommel Strike"],"picked":"Iron Wave+1","floor":18},{"not_picked":["Infernal Blade","Cleave","Warcry"],"picked":"SKIP","floor":20},{"not_picked":["Armaments","Pommel Strike"],"picked":"Disarm","floor":21}],"player_experience":193443,"relics_obtained":[{"floor":6,"key":"Bottled Tornado"}],"event_choices":[{"damage_healed":0,"gold_gain":75,"player_choice":"Touch","damage_taken":7,"max_hp_gain":0,"max_hp_loss":0,"event_name":"FaceTrader","floor":2,"gold_loss":0},{"damage_healed":0,"gold_gain":0,"player_choice":"Forge","damage_taken":0,"max_hp_gain":0,"max_hp_loss":0,"event_name":"Accursed Blacksmith","floor":4,"gold_loss":0,"cards_upgraded":["Juggernaut"]},{"damage_healed":0,"gold_gain":0,"player_choice":"Bought 0 Potions","damage_taken":0,"max_hp_gain":0,"max_hp_loss":0,"event_name":"The Woman in Blue","floor":11,"gold_loss":0}],"is_beta":false,"boss_relics":[{"not_picked":["Snecko Eye","White Beast Statue"],"picked":"Pandora\u0027s Box"}],"items_purged_floors":[5,14,19],"is_endless":false,"potions_floor_spawned":[1,3,7,18,21],"killed_by":"3 Cultists","ascension_level":3}