{"gold_per_floor":[115,115,127,9,9,41,41,51,75,95,95,130,142,153,153,254,254,238,46,46,61,78,78],"floor_reached":23,"playtime":6049,"items_purged":[],"score":365,"play_id":"f5f2f5f8-c8f1-4640-a122-6dc785349af3","local_time":"20190101213646","is_ascension_mode":true,"campfire_choices":[{"data":"Defragment","floor":7,"key":"SMITH"},{"data":"Defragment","floor":15,"key":"SMITH"}],"neow_cost":"NONE","seed_source_timestamp":103912367893567,"circlet_count":0,"master_deck":["AscendersBane","Strike_B","Strike_B","Defend_B+1","Defend_B","Defend_B+1","Zap+1","Dualcast","Hologram+1","Go for the Eyes","Rip and Tear","Conserve Battery","Defragment+1","Defragment+1","Hologram","Coolheaded","Leap","Ball Lightning","Buffer","Redo+1","Ball Lightning+1","Self Repair+1","Conserve Battery","Conserve Battery","Force Field","Blizzard+1"],"relics":["Cracked Core","NeowsBlessing","Ancient Tea Set","War Paint","Mummified Hand","Astrolabe","DataDisk","Omamori"],"potions_floor_usage":[12,18,23],"damage_taken":[{"damage":0,"enemies":"Jaw Worm","floor":1,"turns":1},{"damage":0,"enemies":"Cultist","floor":3,"turns":1},{"damage":0,"enemies":"Gremlin Nob","floor":6,"turns":1},{"damage":7,"enemies":"Small Slimes","floor":8,"turns":2},{"damage":0,"enemies":"3 Louse","floor":10,"turns":3},{"damage":14,"enemies":"Lagavulin","floor":12,"turns":6},{"damage":6,"enemies":"Exordium Wildlife","floor":13,"turns":3},{"damage":0,"enemies":"2 Fungi Beasts","floor":14,"turns":3},{"damage":13,"enemies":"The Guardian","floor":16,"turns":10},{"damage":5,"enemies":"2 Thieves","floor":18,"turns":5},{"damage":2,"enemies":"Shell Parasite","floor":21,"turns":4},{"damage":11,"enemies":"Shelled Parasite and Fungi","floor":22,"turns":6},{"damage":83,"enemies":"Gremlin Leader","floor":23,"turns":7}],"seed_played":"-8942822996561385569","potions_obtained":[{"floor":1,"key":"SkillPotion"},{"floor":12,"key":"Swift Potion"},{"floor":14,"key":"SteroidPotion"},{"floor":21,"key":"AttackPotion"}],"is_trial":false,"path_per_floor":["M","?","M","$","?","E","R","M","T","M","?","E","M","M","R","B",null,"M","$","?","M","M","E"],"character_chosen":"DEFECT","items_purchased":["Rip and Tear","Conserve Battery","DataDisk","Conserve Battery"],"campfire_rested":0,"item_purchase_floors":[4,4,19,19],"current_hp_per_floor":[68,53,53,53,53,53,53,46,46,46,71,57,51,51,51,38,66,71,71,71,75,74,0],"gold":78,"neow_bonus":"THREE_ENEMY_KILL","is_prod":false,"is_daily":false,"chose_seed":false,"campfire_upgraded":2,"win_rate":0,"timestamp":1546385806,"path_taken":["M","?","M","$","?","E","R","?","T","M","?","E","M","M","R","BOSS","M","$","?","M","M","E"],"build_version":"2018-12-20","purchased_purges":0,"victory":false,"max_hp_per_floor":[75,75,75,75,75,75,75,75,75,75,75,75,75,75,75,75,75,75,75,75,75,75,75],"card_choices":[{"not_picked":["Undo","Beam Cell"],"picked":"Hologram","floor":1},{"not_picked":["Stack","Beam Cell"],"picked":"Go for the Eyes","floor":3},{"not_picked":["Rebound","Sweeping Beam"],"picked":"Defragment","floor":6},{"not_picked":["Reprogram","Rebound"],"picked":"Hologram","floor":8},{"not_picked":["Reboot","Hologram"],"picked":"Coolheaded","floor":10},{"not_picked":["Redo","Consume"],"picked":"Leap","floor":12},{"not_picked":["Steam","Gash"],"picked":"Ball Lightning","floor":13},{"not_picked":["Chaos","Darkness","Recycle"],"picked":"SKIP","floor":14},{"not_picked":["Multi-Cast","Thunder Strike"],"picked":"Buffer","floor":16},{"not_picked":["Recycle+1","Steam"],"picked":"Conserve Battery","floor":18},{"not_picked":["Chill","Turbo"],"picked":"Force Field","floor":21},{"not_picked":["Streamline","FTL"],"picked":"Blizzard+1","floor":22}],"player_experience":654413,"relics_obtained":[{"floor":6,"key":"Ancient Tea Set"},{"floor":9,"key":"War Paint"},{"floor":12,"key":"Mummified Hand"}],"event_choices":[{"damage_healed":0,"gold_gain":0,"player_choice":"Entered Light","damage_taken":15,"max_hp_gain":0,"max_hp_loss":0,"event_name":"Shining Light","floor":2,"gold_loss":0,"cards_upgraded":["Defend_B","Defend_B"]},{"damage_healed":0,"gold_gain":0,"player_choice":"1 cards matched","damage_taken":0,"max_hp_gain":0,"max_hp_loss":0,"event_name":"Match and Keep!","floor":5,"gold_loss":0,"cards_obtained":["Defragment"]},{"damage_healed":25,"gold_gain":0,"player_choice":"Banana","damage_taken":0,"max_hp_gain":0,"max_hp_loss":0,"event_name":"Big Fish","floor":11,"gold_loss":0},{"damage_healed":0,"gold_gain":0,"player_choice":"Opened","damage_taken":0,"relics_obtained":["Omamori"],"max_hp_gain":0,"max_hp_loss":0,"event_name":"The Mausoleum","floor":20,"gold_loss":0}],"is_beta":false,"boss_relics":[{"not_picked":["Orrery","Lizard Tail"],"picked":"Astrolabe"}],"items_purged_floors":[],"is_endless":false,"potions_floor_spawned":[1,12,14,21],"killed_by":"Gremlin Leader","ascension_level":12}