{"gold_per_floor":[118,60,73,85,40,66,82,115,168,178,178,8,8,72,72,72],"floor_reached":16,"playtime":1173,"items_purged":[],"score":110,"play_id":"c25ac7d3-c96e-4d10-a19a-6c107451ba17","local_time":"20190116122529","is_ascension_mode":false,"campfire_choices":[{"floor":13,"key":"REST"},{"floor":15,"key":"REST"}],"neow_cost":"NONE","seed_source_timestamp":636875330391184,"circlet_count":0,"master_deck":["Strike_Br","Strike_Br","Strike_Br","Strike_Br","Defend_Br","Defend_Br","Defend_Br","Defend_Br","SecondHand","PatternShift","LockedTornado","LockedPlans","Goo","ReapSow","LockedScales","WatchCommand","LockedWarPaint","Apotheosis","LockedBell"],"relics":["Chronometer","PreservedInsect","Gremlin Horn","Blood Vial","Boot","Bag of Marbles","Ginger"],"potions_floor_usage":[8,14,16],"damage_taken":[{"damage":0,"enemies":"2 Louse","floor":1,"turns":2},{"damage":0,"enemies":"Cultist","floor":3,"turns":4},{"damage":2,"enemies":"Small Slimes","floor":4,"turns":5},{"damage":11,"enemies":"Lagavulin","floor":6,"turns":6},{"damage":3,"enemies":"Exordium Wildlife","floor":7,"turns":5},{"damage":25,"enemies":"Gremlin Nob","floor":8,"turns":5},{"damage":18,"enemies":"Lots of Slimes","floor":10,"turns":3},{"damage":21,"enemies":"Gremlin Nob","floor":14,"turns":4},{"damage":29,"enemies":"The Guardian","floor":16,"turns":10}],"seed_played":"7851638169661693801","potions_obtained":[{"floor":6,"key":"EntropicBrew"},{"floor":14,"key":"PowerPotion"}],"is_trial":false,"path_per_floor":["M","?","M","M","$","E","M","E","T","M","?","$","R","?","R","B"],"character_chosen":"CHRONO_CLASS","items_purchased":["ReapSow","Apotheosis"],"campfire_rested":2,"item_purchase_floors":[5,12],"current_hp_per_floor":[71,71,71,69,69,58,55,30,30,14,11,11,32,13,34,7],"gold":72,"neow_bonus":"TEN_PERCENT_HP_BONUS","is_prod":false,"is_daily":false,"chose_seed":false,"campfire_upgraded":0,"win_rate":0.0,"timestamp":1547663129,"path_taken":["M","?","M","M","$","E","M","E","T","?","?","$","R","?","R","BOSS"],"build_version":"2019-01-10","purchased_purges":0,"victory":false,"max_hp_per_floor":[71,71,71,71,71,71,71,71,71,71,71,71,71,71,71,71],"card_choices":[{"not_picked":["LockedScales","LockedBlood"],"picked":"LockedTornado","floor":1},{"not_picked":["LockedAnchor","ShortSighted"],"picked":"LockedPlans","floor":3},{"not_picked":["Tempo","ExoVibe"],"picked":"Goo","floor":4},{"not_picked":["LockedTornado","Backlash"],"picked":"LockedScales","floor":6},{"not_picked":["TiringSlam","LockedTurtyl"],"picked":"WatchCommand","floor":7},{"not_picked":["BlueShift","HandsUp"],"picked":"LockedWarPaint","floor":8},{"not_picked":["HandsUp","LockedPlans","LockedWhetstone"],"picked":"SKIP","floor":10},{"not_picked":["ReapSow","ExoVibe"],"picked":"LockedBell","floor":14}],"player_experience":221440,"relics_obtained":[{"floor":6,"key":"Gremlin Horn"},{"floor":8,"key":"Blood Vial"},{"floor":9,"key":"Boot"},{"floor":14,"key":"Ginger"}],"event_choices":[{"damage_healed":0,"gold_gain":0,"player_choice":"Paid Gold","damage_taken":0,"relics_obtained":["PreservedInsect"],"max_hp_gain":0,"max_hp_loss":0,"event_name":"WeMeetAgain","floor":2,"gold_loss":58},{"damage_healed":0,"gold_gain":0,"player_choice":"Success","damage_taken":3,"relics_obtained":["Bag of Marbles"],"max_hp_gain":0,"max_hp_loss":0,"event_name":"Scrap Ooze","floor":11,"gold_loss":0},{"damage_healed":0,"gold_gain":0,"player_choice":"Searched \u00271\u0027 times","damage_taken":0,"max_hp_gain":0,"max_hp_loss":0,"event_name":"Dead Adventurer","floor":14,"gold_loss":0}],"is_beta":false,"boss_relics":[],"items_purged_floors":[],"is_endless":false,"potions_floor_spawned":[6,8,14],"killed_by":"The Guardian","ascension_level":0}