{"gold_per_floor":[115,115,133,152,172,172,191,191,264,264,264,284,284,284,284,380,380,404,427,427,427,445,445,3,23,23,38,38,57,57,77,77,148,148,163,163,174,174,185,185,129,129,205,237,148,148,148,161,161,161],"floor_reached":50,"playtime":4775,"items_purged":[],"score":905,"play_id":"50c2969a-4c9d-4212-a755-80d53bec26de","local_time":"20190130172631","is_ascension_mode":true,"campfire_choices":[{"data":"Zap","floor":6.0,"key":"SMITH"},{"data":"Dualcast","floor":8.0,"key":"SMITH"},{"floor":10.0,"key":"REST"},{"data":"Rainbow","floor":15.0,"key":"SMITH"},{"floor":23.0,"key":"REST"},{"floor":32.0,"key":"REST"},{"floor":40.0,"key":"REST"},{"floor":42.0,"key":"RECALL"},{"floor":46,"key":"REST"},{"floor":49,"key":"REST"}],"neow_cost":"PERCENT_DAMAGE","seed_source_timestamp":7122311936608,"circlet_count":0,"master_deck":["AscendersBane","Strike_B+1","Strike_B+1","Strike_B+1","Strike_B+1","Defend_B+1","Defend_B+1","Defend_B+1","Defend_B+1","Zap+1","Dualcast+1","Multi-Cast","Cold Snap","Rainbow+1","Cold Snap","Gash","Electrodynamics","Steam","Buffer","Leap","FTL","Compile Driver","Biased Cognition","Dark Shackles","Gash+1","Steam","Redo+1","Defragment","Steam+1"],"special_seed":0,"relics":["Cracked Core","FossilizedHelix","Ornamental Fan","Bloody Idol","Shuriken","Fusion Hammer","Symbiotic Virus","Bronze Scales","Mercury Hourglass","Inserter","Darkstone Periapt","Thread and Needle"],"potions_floor_usage":[44,50,50],"damage_taken":[{"damage":0.0,"enemies":"Jaw Worm","floor":1.0,"turns":4.0},{"damage":0.0,"enemies":"Cultist","floor":3.0,"turns":4.0},{"damage":0.0,"enemies":"Small Slimes","floor":4.0,"turns":3.0},{"damage":3.0,"enemies":"Blue Slaver","floor":5.0,"turns":4.0},{"damage":0.0,"enemies":"Red Slaver","floor":7.0,"turns":3.0},{"damage":0.0,"enemies":"Looter","floor":12.0,"turns":3.0},{"damage":15.0,"enemies":"The Guardian","floor":16.0,"turns":10.0},{"damage":0.0,"enemies":"Chosen","floor":18.0,"turns":4.0},{"damage":20.0,"enemies":"2 Thieves","floor":19.0,"turns":5.0},{"damage":3.0,"enemies":"Snecko","floor":22.0,"turns":5.0},{"damage":0.0,"enemies":"Sentry and Sphere","floor":25.0,"turns":5.0},{"damage":33.0,"enemies":"Shelled Parasite and Fungi","floor":27.0,"turns":5.0},{"damage":0.0,"enemies":"3 Cultists","floor":29.0,"turns":2.0},{"damage":8.0,"enemies":"Snake Plant","floor":31.0,"turns":3.0},{"damage":1.0,"enemies":"Champ","floor":33.0,"turns":10.0},{"damage":0.0,"enemies":"3 Shapes","floor":35.0,"turns":2.0},{"damage":0.0,"enemies":"Orb Walker","floor":37.0,"turns":2.0},{"damage":19.0,"enemies":"Spire Growth","floor":39.0,"turns":5.0},{"damage":54,"enemies":"Reptomancer","floor":44,"turns":7},{"damage":2,"enemies":"Writhing Mass","floor":48,"turns":8},{"damage":75,"enemies":"Time Eater","floor":50,"turns":12}],"seed_played":"1200168610498564021","potions_obtained":[{"floor":3.0,"key":"Regen Potion"},{"floor":7.0,"key":"SkillPotion"},{"floor":16.0,"key":"FocusPotion"},{"floor":27.0,"key":"Block Potion"},{"floor":29.0,"key":"Energy Potion"},{"floor":33.0,"key":"Regen Potion"},{"floor":37.0,"key":"SteroidPotion"},{"floor":44,"key":"FearPotion"}],"is_trial":false,"path_per_floor":["M","?","M","M","M","R","M","R","T","R","?","M","?","T","R","B",null,"M","M","?","?","M","R","$","M","T","M","$","M","T","M","R","B",null,"M","?","M","?","M","R","$","R","T","E","$","R","?","M","R","B"],"character_chosen":"DEFECT","items_purchased":["Buffer","Symbiotic Virus","Steam","Defragment"],"campfire_rested":6,"item_purchase_floors":[24,24,41,45],"current_hp_per_floor":[46,46,46,46,43,43,43,43,43,64,64,64,64,64,64,49,60,60,40,40,40,42,61,61,64,64,36,36,41,41,38,57,61,63,64,64,64,64,50,64,64,64,64,15,15,34,34,37,56,0],"gold":161,"neow_bonus":"ONE_RARE_RELIC","is_prod":false,"is_daily":false,"chose_seed":false,"campfire_upgraded":3,"win_rate":0,"timestamp":1548890791,"path_taken":["M","?","M","M","M","R","M","R","T","R","?","?","?","?","R","BOSS","M","M","?","?","M","R","$","M","T","M","?","M","?","M","R","BOSS","M","?","M","?","M","R","$","R","T","E","?","R","?","M","R","BOSS"],"build_version":"2019-01-23","purchased_purges":0,"victory":false,"max_hp_per_floor":[71,71,71,71,71,71,71,71,71,71,71,71,64,64,64,64,64,64,64,64,64,64,64,64,64,64,64,64,64,64,64,64,64,64,64,64,64,64,64,64,64,64,64,64,64,64,64,64,64,64],"card_choices":[{"not_picked":["Compile Driver","Conserve Battery","Hologram"],"picked":"SKIP","floor":1.0},{"not_picked":["Redo","Rebound","Go for the Eyes"],"picked":"SKIP","floor":3.0},{"not_picked":["Conserve Battery","Compile Driver"],"picked":"Multi-Cast","floor":4.0},{"not_picked":["Redo","Beam Cell"],"picked":"Gash","floor":5.0},{"not_picked":["Stack","Go for the Eyes"],"picked":"Cold Snap","floor":7.0},{"not_picked":["Conserve Battery","Reprogram"],"picked":"Gash","floor":12.0},{"not_picked":["Biased Cognition","Multi-Cast"],"picked":"Electrodynamics","floor":16.0},{"not_picked":["Barrage","Conserve Battery","Steam Power"],"picked":"SKIP","floor":18.0},{"not_picked":["Rebound","Stack","Conserve Battery"],"picked":"SKIP","floor":19.0},{"not_picked":["Barrage","Storm"],"picked":"Steam","floor":22.0},{"not_picked":["Force Field","Beam Cell+1"],"picked":"Leap","floor":25.0},{"not_picked":["Stack","Cold Snap"],"picked":"FTL","floor":27.0},{"not_picked":["Rip and Tear","Sweeping Beam","Self Repair"],"picked":"SKIP","floor":29.0},{"not_picked":["Skim","Conserve Battery"],"picked":"Compile Driver","floor":31.0},{"not_picked":["Creative AI","Amplify"],"picked":"Biased Cognition","floor":33.0},{"not_picked":["Sweeping Beam","Streamline","Genetic Algorithm"],"picked":"SKIP","floor":35.0},{"not_picked":["Secret Weapon","Forethought"],"picked":"Dark Shackles","floor":36.0},{"not_picked":["Redo","Coolheaded"],"picked":"Gash+1","floor":37.0},{"not_picked":["Reinforced Body","Go for the Eyes","Coolheaded"],"picked":"SKIP","floor":39.0},{"not_picked":["Scrape","Blizzard"],"picked":"Redo+1","floor":44},{"not_picked":["Ball Lightning","Sunder"],"picked":"Steam+1","floor":48}],"player_experience":259472,"relics_obtained":[{"floor":9.0,"key":"Ornamental Fan"},{"floor":14.0,"key":"Shuriken"},{"floor":26.0,"key":"Bronze Scales"},{"floor":30.0,"key":"Mercury Hourglass"},{"floor":43.0,"key":"Darkstone Periapt"},{"floor":44,"key":"Thread and Needle"}],"event_choices":[{"damage_healed":0.0,"max_hp_gain":0.0,"max_hp_loss":0.0,"gold_gain":0.0,"event_name":"Golden Wing","player_choice":"Ignored","floor":2.0,"gold_loss":0.0,"damage_taken":0.0},{"damage_healed":0.0,"max_hp_gain":0.0,"max_hp_loss":0.0,"gold_gain":0.0,"event_name":"Match and Keep!","player_choice":"2 cards matched","floor":11.0,"gold_loss":0.0,"damage_taken":0.0,"cards_obtained":["Rainbow","Cold Snap"]},{"damage_healed":0.0,"max_hp_gain":0.0,"max_hp_loss":7.0,"gold_gain":0.0,"event_name":"Golden Idol","player_choice":"Lose Max HP","floor":13.0,"gold_loss":0.0,"damage_taken":0.0,"relics_obtained":["Golden Idol"]},{"damage_healed":0.0,"max_hp_gain":0.0,"max_hp_loss":0.0,"gold_gain":0.0,"event_name":"Back to Basics","player_choice":"Simplicity","floor":20.0,"gold_loss":0.0,"damage_taken":0.0,"cards_upgraded":["Strike_B","Strike_B","Strike_B","Strike_B","Defend_B","Defend_B","Defend_B","Defend_B"]},{"damage_healed":0.0,"max_hp_gain":0.0,"max_hp_loss":0.0,"gold_gain":0.0,"event_name":"Forgotten Altar","player_choice":"Gave Idol","floor":21.0,"relics_lost":["Golden Idol"],"gold_loss":0.0,"damage_taken":0.0,"relics_obtained":["Bloody Idol"]},{"damage_healed":0.0,"max_hp_gain":0.0,"max_hp_loss":0.0,"gold_gain":0.0,"event_name":"SensoryStone","player_choice":"Memory 1","floor":36.0,"gold_loss":0.0,"damage_taken":0.0},{"damage_healed":0.0,"max_hp_gain":0.0,"max_hp_loss":0.0,"gold_gain":0.0,"event_name":"Tomb of Lord Red Mask","player_choice":"Ignored","floor":38.0,"gold_loss":0.0,"damage_taken":0.0},{"cards_removed":["Gash"],"damage_healed":0,"gold_gain":0,"player_choice":"Removed Attack","damage_taken":0,"max_hp_gain":0,"max_hp_loss":0,"event_name":"Falling","floor":47,"gold_loss":0}],"is_beta":false,"boss_relics":[{"not_picked":["Orrery","Runic Dome"],"picked":"Fusion Hammer"},{"not_picked":["Calling Bell","Tiny House"],"picked":"Inserter"}],"items_purged_floors":[],"is_endless":false,"potions_floor_spawned":[3,7,16,18,27,29,31,33,37,44],"killed_by":"Time Eater","ascension_level":19}