{"gold_per_floor":[112,128,138,155,166,166,185,185,232,267,267,1,1,20,20,121,121,137,137,37,53,143,143,169,180,207,207,307,11,11,28,28,123,123,137,0,0,10,27,52,63,90,136,136,150,170,45,62,62,62],"floor_reached":50,"playtime":2160,"items_purged":["Regret","Strike_G"],"score":551,"play_id":"b943efb1-6c46-4de1-a553-7111cdb758e5","local_time":"20190306005844","is_ascension_mode":false,"campfire_choices":[{"data":"Noxious Fumes","floor":6.0,"key":"SMITH"},{"data":"Footwork","floor":8.0,"key":"SMITH"},{"data":"Malaise","floor":13.0,"key":"SMITH"},{"data":"Catalyst","floor":15.0,"key":"SMITH"},{"data":"Caltrops","floor":23.0,"key":"SMITH"},{"data":"Neutralize","floor":27.0,"key":"SMITH"},{"floor":32.0,"key":"REST"},{"floor":49.0,"key":"REST"}],"neow_cost":"NONE","seed_source_timestamp":339289128335414,"circlet_count":0,"master_deck":["Defend_G","Defend_G","Defend_G","Defend_G","Defend_G","Strike_G","Strike_G","Survivor","Neutralize+1","Noxious Fumes+1","Backstab","Leg Sweep","Footwork+1","Catalyst+1","Malaise+1","Tools of the Trade","Caltrops+1","Deadly Poison+1","Dagger Spray+1","Catalyst","RitualDagger","Adrenaline","Corpse Explosion","Footwork+1","Deadly Poison+1","Noxious Fumes"],"special_seed":0,"relics":["Ring of the Snake","Vajra","Calipers","Paper Crane","TwistedFunnel","Velvet Choker","Centennial Puzzle","Potion Belt","Girya","Ninja Scroll","Oddly Smooth Stone","Busted Crown","Red Mask","Molten Egg 2","Prayer Wheel","Bag of Preparation"],"potions_floor_usage":[50,50],"damage_taken":[{"damage":4.0,"enemies":"Cultist","floor":1.0,"turns":5.0},{"damage":0.0,"enemies":"2 Louse","floor":2.0,"turns":3.0},{"damage":0.0,"enemies":"Jaw Worm","floor":3.0,"turns":3.0},{"damage":0.0,"enemies":"Lots of Slimes","floor":4.0,"turns":5.0},{"damage":2.0,"enemies":"Looter","floor":5.0,"turns":3.0},{"damage":0.0,"enemies":"Blue Slaver","floor":7.0,"turns":4.0},{"damage":3.0,"enemies":"Gremlin Nob","floor":10.0,"turns":6.0},{"damage":0.0,"enemies":"Exordium Thugs","floor":14.0,"turns":4.0},{"damage":10.0,"enemies":"Slime Boss","floor":16.0,"turns":10.0},{"damage":11.0,"enemies":"Spheric Guardian","floor":18.0,"turns":6.0},{"damage":5.0,"enemies":"3 Byrds","floor":21.0,"turns":2.0},{"damage":7.0,"enemies":"Slavers","floor":24.0,"turns":6.0},{"damage":1.0,"enemies":"Centurion and Healer","floor":25.0,"turns":7.0},{"damage":0.0,"enemies":"Colosseum Slavers","floor":28.0,"turns":5.0},{"damage":0.0,"enemies":"Colosseum Nobs","floor":28.0,"turns":5.0},{"damage":13.0,"enemies":"Snake Plant","floor":31.0,"turns":3.0},{"damage":18.0,"enemies":"Automaton","floor":33.0,"turns":9.0},{"damage":0.0,"enemies":"Orb Walker","floor":35.0,"turns":2.0},{"damage":0.0,"enemies":"3 Shapes","floor":38.0,"turns":6.0},{"damage":7.0,"enemies":"3 Darklings","floor":39.0,"turns":3.0},{"damage":4.0,"enemies":"Giant Head","floor":40.0,"turns":7.0},{"damage":5.0,"enemies":"Maw","floor":41.0,"turns":5.0},{"damage":34.0,"enemies":"Reptomancer","floor":42.0,"turns":3.0},{"damage":12.0,"enemies":"Spire Growth","floor":45.0,"turns":4.0},{"damage":6.0,"enemies":"Sphere and 2 Shapes","floor":46.0,"turns":6.0},{"damage":0.0,"enemies":"Jaw Worm Horde","floor":48.0,"turns":2.0},{"damage":39,"enemies":"Time Eater","floor":50,"turns":9}],"seed_played":"-7919184834100876572","potions_obtained":[{"floor":1.0,"key":"GamblersBrew"},{"floor":5.0,"key":"Ancient Potion"},{"floor":7.0,"key":"PowerPotion"},{"floor":14.0,"key":"Dexterity Potion"},{"floor":16.0,"key":"FearPotion"},{"floor":21.0,"key":"EssenceOfSteel"},{"floor":24.0,"key":"SpeedPotion"},{"floor":25.0,"key":"Block Potion"},{"floor":31.0,"key":"Energy Potion"},{"floor":38.0,"key":"FearPotion"},{"floor":42.0,"key":"Block Potion"},{"floor":45.0,"key":"Fire Potion"},{"floor":48.0,"key":"Swift Potion"}],"is_trial":false,"path_per_floor":["M","M","M","M","M","R","M","R","T","E","?","$","R","M","R","B",null,"M","?","$","M","?","R","E","M","T","R","?","$","?","M","R","B",null,"M","?","?","M","M","E","M","E","T","?","M","M","$","M","R","B"],"character_chosen":"THE_SILENT","items_purchased":["TwistedFunnel","Oddly Smooth Stone","Catalyst","Regen Potion","Noxious Fumes","PowerPotion"],"campfire_rested":2,"item_purchase_floors":[12,29,29,29,47,47],"current_hp_per_floor":[73,73,73,73,71,71,71,71,71,68,68,68,68,68,68,58,77,66,52,52,47,31,31,24,23,23,23,23,23,17,13,37,19,82,82,82,82,82,75,71,66,32,32,32,20,14,14,14,38,0],"gold":62,"neow_bonus":"TEN_PERCENT_HP_BONUS","is_prod":false,"is_daily":false,"chose_seed":false,"campfire_upgraded":6,"win_rate":0,"timestamp":1551830324,"path_taken":["M","M","M","M","M","R","M","R","T","E","?","$","R","M","R","BOSS","M","?","$","M","?","R","E","?","T","R","?","$","?","M","R","BOSS","M","?","?","M","M","E","?","E","T","?","M","M","$","M","R","BOSS"],"build_version":"2019-01-23","purchased_purges":2,"victory":false,"max_hp_per_floor":[77,77,77,77,77,77,77,77,77,77,77,77,77,77,77,77,77,77,82,82,82,82,82,82,82,82,82,82,82,82,82,82,82,82,82,82,82,82,82,82,82,82,82,82,82,82,82,82,82,82],"card_choices":[{"not_picked":["Caltrops","Slice"],"picked":"Noxious Fumes","floor":1.0},{"not_picked":["Flying Knee","Heel Hook"],"picked":"Backstab","floor":2.0},{"not_picked":["Acrobatics","Blade Dance"],"picked":"Leg Sweep","floor":3.0},{"not_picked":["Quick Slash","Backflip"],"picked":"Footwork","floor":4.0},{"not_picked":["Acrobatics","Setup","Endless Agony"],"picked":"SKIP","floor":5.0},{"not_picked":["Acrobatics","Setup","Endless Agony"],"picked":"SKIP","floor":5.0},{"not_picked":["PiercingWail","Eviscerate"],"picked":"Catalyst","floor":7.0},{"not_picked":["Poisoned Stab","All Out Attack"],"picked":"Malaise","floor":10.0},{"not_picked":["Flechettes","Flying Knee","Deflect"],"picked":"SKIP","floor":14.0},{"not_picked":["Malaise","Glass Knife"],"picked":"Tools of the Trade","floor":16.0},{"not_picked":["Dagger Throw+1","Underhanded Strike"],"picked":"Caltrops","floor":18.0},{"not_picked":["Quick Slash+1","Reflex","Skewer"],"picked":"SKIP","floor":21.0},{"not_picked":["Masterful Stab+1","Sucker Punch","Setup+1"],"picked":"SKIP","floor":24.0},{"not_picked":["Crippling Poison","Deflect+1"],"picked":"Deadly Poison+1","floor":25.0},{"not_picked":["Backflip","Cloak And Dagger"],"picked":"Dagger Spray+1","floor":28.0},{"not_picked":["Sucker Punch+1","Quick Slash+1","Endless Agony"],"picked":"SKIP","floor":31.0},{"not_picked":["Tools of the Trade","Glass Knife"],"picked":"Adrenaline","floor":33.0},{"not_picked":["Dagger Spray"],"picked":"SKIP","floor":35.0},{"not_picked":["Poisoned Stab+1"],"picked":"SKIP","floor":38.0},{"not_picked":["Predator+1"],"picked":"SKIP","floor":39.0},{"not_picked":["Poisoned Stab+1"],"picked":"SKIP","floor":40.0},{"not_picked":["Choke+1"],"picked":"SKIP","floor":41.0},{"not_picked":["Blur"],"picked":"SKIP","floor":42.0},{"not_picked":[],"picked":"Footwork+1","floor":45.0},{"not_picked":["Quick Slash+1"],"picked":"SKIP","floor":45.0},{"not_picked":[],"picked":"Deadly Poison+1","floor":46.0},{"not_picked":["Envenom"],"picked":"SKIP","floor":46.0},{"not_picked":["All Out Attack+1"],"picked":"SKIP","floor":48.0},{"not_picked":["Outmaneuver+1"],"picked":"SKIP","floor":48.0}],"player_experience":898493,"relics_obtained":[{"floor":9.0,"key":"Vajra"},{"floor":10.0,"key":"Calipers"},{"floor":24.0,"key":"Centennial Puzzle"},{"floor":26.0,"key":"Potion Belt"},{"floor":28.0,"key":"Girya"},{"floor":28.0,"key":"Ninja Scroll"},{"floor":40.0,"key":"Molten Egg 2"},{"floor":42.0,"key":"Prayer Wheel"},{"floor":43.0,"key":"Bag of Preparation"}],"event_choices":[{"damage_healed":0.0,"max_hp_gain":0.0,"max_hp_loss":0.0,"gold_gain":0.0,"event_name":"Big Fish","player_choice":"Box","floor":11.0,"gold_loss":0.0,"damage_taken":0.0,"relics_obtained":["Paper Crane"],"cards_obtained":["Regret"]},{"damage_healed":0.0,"max_hp_gain":5.0,"max_hp_loss":0.0,"gold_gain":0.0,"event_name":"Forgotten Altar","player_choice":"Shed Blood","floor":19.0,"gold_loss":0.0,"damage_taken":19.0},{"damage_healed":0.0,"max_hp_gain":0.0,"max_hp_loss":0.0,"gold_gain":90.0,"event_name":"Knowing Skull","player_choice":"GOLD ","floor":22.0,"potions_obtained":[],"gold_loss":0.0,"damage_taken":16.0,"cards_obtained":[]},{"damage_healed":0.0,"max_hp_gain":0.0,"max_hp_loss":0.0,"gold_gain":0.0,"event_name":"Colosseum","player_choice":"Fight","floor":28.0,"gold_loss":0.0,"damage_taken":0.0},{"damage_healed":0.0,"max_hp_gain":0.0,"max_hp_loss":0.0,"gold_gain":0.0,"event_name":"Colosseum","player_choice":"Fought Nobs","floor":28.0,"gold_loss":0.0,"damage_taken":0.0},{"damage_healed":0.0,"max_hp_gain":0.0,"max_hp_loss":0.0,"gold_gain":0.0,"event_name":"Nest","player_choice":"Joined the Cult","floor":30.0,"gold_loss":0.0,"damage_taken":6.0,"cards_obtained":["RitualDagger"]},{"damage_healed":0.0,"max_hp_gain":0.0,"max_hp_loss":0.0,"gold_gain":0.0,"event_name":"Tomb of Lord Red Mask","player_choice":"Paid","floor":36.0,"gold_loss":137.0,"damage_taken":0.0,"relics_obtained":["Red Mask"]},{"cards_removed":["Strike_G"],"damage_healed":0.0,"max_hp_gain":0.0,"max_hp_loss":0.0,"gold_gain":0.0,"event_name":"Wheel of Change","player_choice":"Card Removal","floor":37.0,"gold_loss":0.0,"damage_taken":0.0},{"damage_healed":0.0,"max_hp_gain":0.0,"max_hp_loss":0.0,"gold_gain":0.0,"cards_transformed":["Strike_G"],"event_name":"Transmorgrifier","player_choice":"Transformed","floor":44.0,"gold_loss":0.0,"damage_taken":0.0,"cards_obtained":["Corpse Explosion"]}],"is_beta":false,"boss_relics":[{"not_picked":["Astrolabe","Calling Bell"],"picked":"Velvet Choker"},{"not_picked":["Tiny House","White Beast Statue"],"picked":"Busted Crown"}],"items_purged_floors":[12,20],"is_endless":false,"potions_floor_spawned":[1,5,7,14,16,21,24,25,31,38,42,45,48],"killed_by":"Time Eater","ascension_level":0}