{"gold_per_floor":[118,118,118,235,3,3,329,329,329,329],"floor_reached":10,"playtime":406,"items_purged":["elementalist:Defend_Elemblue"],"score":89,"play_id":"134f99d3-2abc-4a1c-b96b-54951c36fd82","local_time":"20190211135105","is_ascension_mode":false,"campfire_choices":[{"data":"elementalist:Crystal_Chalk","floor":6,"key":"SMITH"},{"data":"elementalist:Firestrike","floor":8,"key":"SMITH"}],"neow_cost":"NONE","seed_source_timestamp":1009644382621,"circlet_count":0,"master_deck":["elementalist:Defend_Elemblue","elementalist:Defend_Elemblue","elementalist:Defend_Elemblue","elementalist:Defend_Elemblue","elementalist:Elemental_Strike","elementalist:Firestrike+1","elementalist:Earthstrike","elementalist:Waterstrike+1","elementalist:Airstrike","elementalist:Crystal_Chalk+1","elementalist:Solar_Form","elementalist:Fire_Emblem","elementalist:Caution","elementalist:Prepared_Sand"],"relics":["elementalistmod:MagusStaff","NeowsBlessing","Replay:Rubber Ducky","ReplayTheSpireMod:PocketPolymizer","infinitespire:CursedDice"],"potions_floor_usage":[],"damage_taken":[{"damage":0,"enemies":"2 Louse","floor":1,"turns":1},{"damage":0,"enemies":"Jaw Worm","floor":4,"turns":1},{"damage":0,"enemies":"Gremlin Nob","floor":7,"turns":1},{"damage":4,"enemies":"3 Sentries","floor":10,"turns":4}],"seed_played":"-5750331383982186008","potions_obtained":[{"floor":7,"key":"Flashbang"}],"is_trial":false,"path_per_floor":["M","?","?","M","$","R","E","R","T","E"],"character_chosen":"THE_ELEMENTALIST","items_purchased":["Replay:Rubber Ducky"],"campfire_rested":0,"item_purchase_floors":[5],"current_hp_per_floor":[70,70,70,70,70,70,70,70,70,66],"gold":329,"neow_bonus":"THREE_ENEMY_KILL","is_prod":false,"is_daily":false,"chose_seed":false,"campfire_upgraded":2,"win_rate":0.0,"timestamp":1549900265,"path_taken":["M","?","?","M","?","R","E","R","T","E"],"build_version":"2019-01-23","purchased_purges":1,"victory":false,"max_hp_per_floor":[70,70,70,70,70,70,70,70,70,70],"card_choices":[{"not_picked":["elementalist:Concentricity","elementalist:Rising_Tides"],"picked":"elementalist:Sidereal_Form","floor":1},{"not_picked":["elementalist:Widdershins_Conversion","elementalist:Mage_Hand"],"picked":"elementalist:Solar_Form","floor":4},{"not_picked":["elementalist:Spout","elementalist:Glaciate"],"picked":"elementalist:Caution","floor":7}],"player_experience":748683,"relics_obtained":[{"floor":7,"key":"ReplayTheSpireMod:PocketPolymizer"},{"floor":9,"key":"infinitespire:CursedDice"}],"event_choices":[{"damage_healed":0,"gold_gain":0,"player_choice":"Ignored","damage_taken":0,"max_hp_gain":0,"max_hp_loss":0,"event_name":"Liars Game","floor":3,"gold_loss":0}],"is_beta":false,"boss_relics":[],"items_purged_floors":[5],"is_endless":false,"potions_floor_spawned":[7],"killed_by":"3 Sentries","ascension_level":0}