{"gold_per_floor":[115,115,135,135,148,148,187,187,213,251,251,271,290,321,321,445,445,460,460,418,418,443,443,443,473,497,509,509,283,283,294,294,396,396,413,413,423,423,423,423,146,146,172,197,197,76,90,108,108,108,108,108,51,82,82],"floor_reached":55,"playtime":4937,"items_purged":[],"score":914,"play_id":"c5e9242b-9f7f-4f2b-a250-389302ea0697","local_time":"20181219174300","is_ascension_mode":true,"campfire_choices":[{"data":"Go for the Eyes","floor":6.0,"key":"SMITH"},{"data":"Zap","floor":8.0,"key":"SMITH"},{"floor":15.0,"key":"RECALL"},{"data":"Creative AI","floor":23.0,"key":"SMITH"},{"data":"Defragment","floor":28.0,"key":"SMITH"},{"data":"Machine Learning","floor":32.0,"key":"SMITH"},{"data":"Defragment","floor":40.0,"key":"SMITH"},{"data":"Apotheosis","floor":42.0,"key":"SMITH"},{"data":"Dark Shackles","floor":49.0,"key":"SMITH"},{"data":"Static Discharge","floor":52.0,"key":"SMITH"}],"neow_cost":"TEN_PERCENT_HP_LOSS","seed_source_timestamp":600081086560000,"circlet_count":0,"master_deck":["Defend_B","Defend_B","Defend_B+1","Defend_B+1","Zap+1","Dualcast","Ball Lightning","Go for the Eyes+1","Conserve Battery","Creative AI+1","Defragment+1","Bite","Bite","Bite","Bite","Bite","Compile Driver+1","Defragment+1","BootSequence","Machine Learning+1","Seek+1","Cold Snap","Apotheosis+1","Dark Shackles+1","Static Discharge+1","Glacier"],"special_seed":0,"relics":["Cracked Core","Emotion Chip","Bloody Idol","The Courier","Thread and Needle","Mummified Hand","Nuclear Battery","Ginger","Meat on the Bone","Bag of Marbles","Cables","Sozu","War Paint","Singing Bowl","Bag of Preparation","Bronze Scales"],"potions_floor_usage":[54,55],"damage_taken":[{"damage":4.0,"enemies":"Small Slimes","floor":1.0,"turns":3.0},{"damage":2.0,"enemies":"Jaw Worm","floor":3.0,"turns":3.0},{"damage":0.0,"enemies":"2 Louse","floor":5.0,"turns":2.0},{"damage":10.0,"enemies":"Lagavulin","floor":7.0,"turns":7.0},{"damage":7.0,"enemies":"3 Sentries","floor":10.0,"turns":4.0},{"damage":1.0,"enemies":"Exordium Wildlife","floor":12.0,"turns":3.0},{"damage":0.0,"enemies":"3 Louse","floor":13.0,"turns":4.0},{"damage":9.0,"enemies":"Gremlin Nob","floor":14.0,"turns":3.0},{"damage":8.0,"enemies":"The Guardian","floor":16.0,"turns":12.0},{"damage":10.0,"enemies":"3 Byrds","floor":18.0,"turns":5.0},{"damage":0.0,"enemies":"Shell Parasite","floor":22.0,"turns":5.0},{"damage":45.0,"enemies":"Gremlin Leader","floor":25.0,"turns":7.0},{"damage":14.0,"enemies":"Sentry and Sphere","floor":27.0,"turns":4.0},{"damage":3.0,"enemies":"Snake Plant","floor":31.0,"turns":4.0},{"damage":64.0,"enemies":"Automaton","floor":33.0,"turns":7.0},{"damage":4.0,"enemies":"3 Darklings","floor":35.0,"turns":4.0},{"damage":0.0,"enemies":"Orb Walker","floor":37.0,"turns":3.0},{"damage":23.0,"enemies":"Giant Head","floor":44.0,"turns":8.0},{"damage":7.0,"enemies":"Maw","floor":47.0,"turns":6.0},{"damage":0.0,"enemies":"4 Shapes","floor":48.0,"turns":5.0},{"damage":45.0,"enemies":"Awakened One","floor":50.0,"turns":12.0},{"damage":24,"enemies":"Shield and Spear","floor":54,"turns":8},{"damage":83,"enemies":"The Heart","floor":55,"turns":9}],"seed_played":"3324323539536916470","potions_obtained":[{"floor":3.0,"key":"GamblersBrew"},{"floor":7.0,"key":"Fire Potion"},{"floor":10.0,"key":"Regen Potion"},{"floor":13.0,"key":"Dexterity Potion"},{"floor":16.0,"key":"Fire Potion"},{"floor":18.0,"key":"Regen Potion"},{"floor":27.0,"key":"SteroidPotion"},{"floor":33.0,"key":"Explosive Potion"}],"is_trial":false,"path_per_floor":["M","?","M","?","M","R","E","R","T","E","?","M","M","E","R","B",null,"M","?","$","?","M","R","?","E","T","M","R","$","?","M","R","B",null,"M","?","M","?","$","R","$","R","T","E","?","$","M","M","R","B",null,"R","$","E","B"],"character_chosen":"DEFECT","items_purchased":["Cold Snap","Cables","BootSequence","Apotheosis","Dark Shackles","Static Discharge","Bag of Preparation","Glacier"],"campfire_rested":0,"item_purchase_floors":[20,29,29,41,41,41,46,53],"current_hp_per_floor":[64,69,67,67,67,67,57,57,57,52,52,53,55,48,48,42,62,54,54,54,54,68,68,68,66,68,61,61,61,61,68,68,31,59,68,68,68,68,68,68,68,68,68,56,56,56,72,74,74,52,69,69,69,60,0],"gold":82,"neow_bonus":"ONE_RARE_RELIC","is_prod":false,"is_daily":false,"chose_seed":false,"campfire_upgraded":9,"win_rate":0,"timestamp":1545262980,"path_taken":["M","?","M","?","M","R","E","R","T","E","?","?","M","E","R","BOSS","M","?","$","?","M","R","?","E","T","?","R","$","?","M","R","BOSS","M","?","?","?","$","R","?","R","T","E","?","$","M","M","R","BOSS","R","$","E","BOSS"],"build_version":"2018-12-13","purchased_purges":0,"victory":false,"max_hp_per_floor":[68,73,73,68,68,68,68,68,68,68,68,68,68,68,68,68,68,68,68,68,68,68,68,68,68,68,68,68,68,68,68,68,68,68,68,68,68,68,68,68,68,68,68,70,70,70,72,74,74,74,74,74,74,76,76],"card_choices":[{"not_picked":["Leap","Hologram","Scrape"],"picked":"SKIP","floor":1.0},{"not_picked":["Coolheaded","Force Field"],"picked":"Ball Lightning","floor":3.0},{"not_picked":["Turbo","Ball Lightning"],"picked":"Go for the Eyes","floor":5.0},{"not_picked":["Steam","Undo","Stack"],"picked":"SKIP","floor":7.0},{"not_picked":["Hello World","Sweeping Beam","Barrage"],"picked":"SKIP","floor":10.0},{"not_picked":["Undo","Beam Cell"],"picked":"Conserve Battery","floor":12.0},{"not_picked":["Storm","Streamline","Multi-Cast"],"picked":"SKIP","floor":13.0},{"not_picked":["Turbo","Stack","Hello World"],"picked":"SKIP","floor":14.0},{"not_picked":["Thunder Strike","Buffer"],"picked":"Creative AI","floor":16.0},{"not_picked":["Hologram","Ball Lightning+1"],"picked":"Defragment","floor":18.0},{"not_picked":["Gash","Ball Lightning"],"picked":"Compile Driver+1","floor":22.0},{"not_picked":["Leap","Coolheaded"],"picked":"Defragment","floor":25.0},{"not_picked":["Barrage","Go for the Eyes+1","Hologram"],"picked":"SKIP","floor":27.0},{"not_picked":["Recycle","Go for the Eyes","Rip and Tear"],"picked":"SKIP","floor":31.0},{"not_picked":["Reboot","Core Surge"],"picked":"Seek","floor":33.0},{"not_picked":["Compile Driver+1","FTL"],"picked":"Cold Snap","floor":35.0},{"not_picked":["Doom and Gloom+1","Sweeping Beam","Leap"],"picked":"SKIP","floor":37.0},{"not_picked":["Reinforced Body","Compile Driver","Hologram+1"],"picked":"Singing Bowl","floor":44.0},{"not_picked":["Recycle+1","Static Discharge+1","Cold Snap+1"],"picked":"Singing Bowl","floor":47.0},{"not_picked":["Rip and Tear+1","Lockon","Chaos"],"picked":"Singing Bowl","floor":48.0},{"not_picked":["Reboot","Barrage+1","Double Energy+1"],"picked":"Singing Bowl","floor":54}],"player_experience":153333,"relics_obtained":[{"floor":7.0,"key":"Blood Vial"},{"floor":10.0,"key":"The Courier"},{"floor":14.0,"key":"Mummified Hand"},{"floor":25.0,"key":"Meat on the Bone"},{"floor":26.0,"key":"Bag of Marbles"},{"floor":43.0,"key":"War Paint"},{"floor":44.0,"key":"Singing Bowl"},{"floor":54,"key":"Bronze Scales"}],"event_choices":[{"damage_healed":0.0,"max_hp_gain":5.0,"max_hp_loss":0.0,"gold_gain":0.0,"event_name":"Big Fish","player_choice":"Donut","floor":2.0,"gold_loss":0.0,"damage_taken":0.0},{"damage_healed":0.0,"max_hp_gain":0.0,"max_hp_loss":5.0,"gold_gain":0.0,"event_name":"Golden Idol","player_choice":"Lose Max HP","floor":4.0,"gold_loss":0.0,"damage_taken":0.0,"relics_obtained":["Golden Idol"]},{"damage_healed":0.0,"max_hp_gain":0.0,"max_hp_loss":0.0,"gold_gain":0.0,"event_name":"Dead Adventurer","player_choice":"Searched \u00271\u0027 times","floor":11.0,"gold_loss":0.0,"damage_taken":0.0,"relics_obtained":["Thread and Needle"]},{"damage_healed":0.0,"max_hp_gain":0.0,"max_hp_loss":0.0,"gold_gain":0.0,"event_name":"Vampires","player_choice":"Became a vampire (Vial)","floor":19.0,"relics_lost":["Blood Vial"],"gold_loss":0.0,"damage_taken":0.0,"cards_obtained":["Bite","Bite","Bite","Bite","Bite"]},{"damage_healed":0.0,"max_hp_gain":0.0,"max_hp_loss":0.0,"gold_gain":0.0,"event_name":"The Mausoleum","player_choice":"Opened","floor":21.0,"gold_loss":0.0,"damage_taken":0.0,"relics_obtained":["Ginger"]},{"damage_healed":0.0,"max_hp_gain":0.0,"max_hp_loss":0.0,"gold_gain":0.0,"event_name":"Forgotten Altar","player_choice":"Gave Idol","floor":24.0,"relics_lost":["Golden Idol"],"gold_loss":0.0,"damage_taken":0.0,"relics_obtained":["Bloody Idol"]},{"damage_healed":0.0,"max_hp_gain":0.0,"max_hp_loss":0.0,"gold_gain":0.0,"event_name":"The Library","player_choice":"Read","floor":30.0,"gold_loss":0.0,"damage_taken":0.0,"cards_obtained":["Machine Learning"]},{"damage_healed":0.0,"max_hp_gain":0.0,"max_hp_loss":0.0,"gold_gain":0.0,"event_name":"Upgrade Shrine","player_choice":"Upgraded","floor":36.0,"gold_loss":0.0,"damage_taken":0.0,"cards_upgraded":["Seek"]},{"damage_healed":0.0,"max_hp_gain":0.0,"max_hp_loss":0.0,"gold_gain":0.0,"event_name":"SensoryStone","player_choice":"Memory 1","floor":38.0,"gold_loss":0.0,"damage_taken":0.0},{"cards_removed":["Cold Snap"],"damage_healed":0.0,"max_hp_gain":0.0,"max_hp_loss":0.0,"gold_gain":0.0,"event_name":"Falling","player_choice":"Removed Attack","floor":45.0,"gold_loss":0.0,"damage_taken":0.0}],"is_beta":false,"boss_relics":[{"not_picked":["Orrery","Runic Dome"],"picked":"Nuclear Battery"},{"not_picked":["Lizard Tail","Empty Cage"],"picked":"Sozu"}],"items_purged_floors":[],"is_endless":false,"potions_floor_spawned":[3,7,10,13,16,18,27,33,47,54],"killed_by":"The Heart","ascension_level":5}