{"gold_per_floor":[119,119,119,44,44,76,76,87,87,87,117,117,147,160,160,255,255,266,6,22,22],"floor_reached":21,"playtime":526,"items_purged":["Regret"],"score":242,"play_id":"e254cb7f-c1c9-4a0a-9f33-c9fbc86d5ca5","local_time":"20181119143711","is_ascension_mode":true,"campfire_choices":[{"data":"Dualcast","floor":7.0,"key":"SMITH"},{"data":"Zap","floor":10.0,"key":"SMITH"},{"data":"Genetic Algorithm","floor":12.0,"key":"SMITH"},{"floor":15.0,"key":"REST"}],"neow_cost":"NONE","seed_source_timestamp":344302430090930,"circlet_count":0,"master_deck":["Strike_B","Strike_B","Strike_B","Strike_B","Defend_B","Defend_B","Defend_B","Defend_B","Zap+1","Dualcast+1","Genetic Algorithm+1","Streamline","Creative AI","Conserve Battery+1"],"special_seed":0,"relics":["Cracked Core","NeowsBlessing","Incense Burner","Anchor","PreservedInsect","The Courier","Dream Catcher","Inserter","Membership Card","Toxic Egg 2"],"potions_floor_usage":[21],"damage_taken":[{"damage":0.0,"enemies":"Cultist","floor":1.0,"turns":1.0},{"damage":0.0,"enemies":"3 Sentries","floor":6.0,"turns":1.0},{"damage":0.0,"enemies":"2 Louse","floor":8.0,"turns":1.0},{"damage":24.0,"enemies":"Lagavulin","floor":11.0,"turns":4.0},{"damage":0.0,"enemies":"Jaw Worm","floor":14.0,"turns":3.0},{"damage":31.0,"enemies":"The Guardian","floor":16.0,"turns":11.0},{"damage":28.0,"enemies":"2 Thieves","floor":18.0,"turns":5.0},{"damage":18.0,"enemies":"Spheric Guardian","floor":20.0,"turns":5.0},{"damage":37,"enemies":"Shelled Parasite and Fungi","floor":21,"turns":7}],"seed_played":"-7742913473060512308","potions_obtained":[{"floor":8.0,"key":"FearPotion"},{"floor":16.0,"key":"LiquidBronze"},{"floor":18.0,"key":"FearPotion"}],"is_trial":false,"path_per_floor":["M","?","?","$","?","E","R","M","T","R","E","R","?","M","R","B",null,"M","$","M","M"],"character_chosen":"DEFECT","items_purchased":["Membership Card","Toxic Egg 2"],"campfire_rested":1,"item_purchase_floors":[19,19],"current_hp_per_floor":[75,75,57,57,57,57,57,57,57,57,33,33,33,33,55,24,75,47,47,29,0],"gold":22,"neow_bonus":"THREE_ENEMY_KILL","is_prod":false,"is_daily":false,"chose_seed":false,"campfire_upgraded":3,"win_rate":0,"timestamp":1542659831,"path_taken":["M","?","?","$","?","E","R","M","T","R","E","R","?","M","R","BOSS","M","$","M","M"],"build_version":"2018-11-15","purchased_purges":1,"victory":false,"max_hp_per_floor":[75,75,75,75,75,75,75,75,75,75,75,75,75,75,75,75,75,75,75,75,75],"card_choices":[{"not_picked":["Streamline","Stack","Sweeping Beam"],"picked":"SKIP","floor":1.0},{"not_picked":["Coolheaded","Hyperbeam"],"picked":"Genetic Algorithm","floor":6.0},{"not_picked":["Consume","Chill","Beam Cell"],"picked":"SKIP","floor":8.0},{"not_picked":["Static Discharge","Melter","Gash"],"picked":"SKIP","floor":11.0},{"not_picked":["Gash","Steam","Beam Cell"],"picked":"SKIP","floor":14.0},{"not_picked":["BootSequence","Barrage"],"picked":"Streamline","floor":15.0},{"not_picked":["Meteor Strike","Fission"],"picked":"Creative AI","floor":16.0},{"not_picked":["Chill","Blizzard","Barrage"],"picked":"SKIP","floor":18.0},{"not_picked":["Streamline","Aggregate+1"],"picked":"Conserve Battery+1","floor":20.0}],"player_experience":94393,"relics_obtained":[{"floor":6.0,"key":"PreservedInsect"},{"floor":9.0,"key":"The Courier"},{"floor":11.0,"key":"Dream Catcher"}],"event_choices":[{"damage_healed":0.0,"max_hp_gain":0.0,"max_hp_loss":0.0,"gold_gain":0.0,"event_name":"Big Fish","player_choice":"Box","floor":2.0,"gold_loss":0.0,"damage_taken":0.0,"relics_obtained":["Incense Burner"],"cards_obtained":["Regret"]},{"damage_healed":0.0,"max_hp_gain":0.0,"max_hp_loss":0.0,"gold_gain":0.0,"event_name":"Scrap Ooze","player_choice":"Success","floor":3.0,"gold_loss":0.0,"damage_taken":18.0,"relics_obtained":["Anchor"]},{"damage_healed":0.0,"max_hp_gain":0.0,"max_hp_loss":0.0,"gold_gain":0.0,"event_name":"Golden Wing","player_choice":"Ignored","floor":5.0,"gold_loss":0.0,"damage_taken":0.0},{"damage_healed":0.0,"max_hp_gain":0.0,"max_hp_loss":0.0,"gold_gain":30.0,"event_name":"Dead Adventurer","player_choice":"Searched \u00271\u0027 times","floor":13.0,"gold_loss":0.0,"damage_taken":0.0}],"is_beta":false,"boss_relics":[{"not_picked":["Calling Bell","Orrery"],"picked":"Inserter"}],"items_purged_floors":[4],"is_endless":false,"potions_floor_spawned":[8,16,18],"killed_by":"Shelled Parasite and Fungi","ascension_level":3}