{"gold_per_floor":[119,133,208,208,227,227,34,52,52,80,80,97,272,304,304,406,406,420,241,241],"floor_reached":20,"playtime":886,"items_purged":["Strike_G","Doubt"],"score":209,"play_id":"7974490c-f4bb-4e09-b57d-dc057a61d59e","local_time":"20190127234350","is_ascension_mode":true,"campfire_choices":[{"data":"Discovery","floor":6,"key":"SMITH"},{"floor":11,"key":"REST"},{"floor":15,"key":"REST"}],"neow_cost":"NONE","seed_source_timestamp":747931119257880,"circlet_count":0,"master_deck":["Defend_G","Defend_G","Defend_G","Defend_G","Defend_G","Strike_G","Strike_G","Strike_G","Strike_G","Survivor","Neutralize","Backflip","Discovery+1","Dodge and Roll","Accuracy","Blade Dance","Backflip","Infinite Blades","Grand Finale","Infinite Blades"],"relics":["Ring of the Snake","Anchor","Letter Opener","Bottled Lightning","Runic Pyramid"],"potions_floor_usage":[10,10,14,16],"damage_taken":[{"damage":4,"enemies":"2 Louse","floor":1,"turns":3},{"damage":0,"enemies":"Jaw Worm","floor":2,"turns":5},{"damage":14,"enemies":"Cultist","floor":5,"turns":4},{"damage":12,"enemies":"2 Fungi Beasts","floor":8,"turns":4},{"damage":1,"enemies":"3 Sentries","floor":10,"turns":8},{"damage":0,"enemies":"Exordium Wildlife","floor":12,"turns":3},{"damage":16,"enemies":"Lagavulin","floor":14,"turns":7},{"damage":62,"enemies":"The Guardian","floor":16,"turns":12},{"damage":46,"enemies":"Spheric Guardian","floor":18,"turns":6},{"damage":35,"enemies":"Colosseum Slavers","floor":20,"turns":3}],"seed_played":"2502280108743778210","potions_obtained":[{"floor":1,"key":"SkillPotion"},{"floor":2,"key":"Fire Potion"},{"floor":8,"key":"SneckoOil"},{"floor":12,"key":"SpeedPotion"},{"floor":14,"key":"Fire Potion"},{"floor":18,"key":"GamblersBrew"}],"is_trial":false,"path_per_floor":["M","M","?","?","M","R","$","M","T","E","R","M","?","E","R","B",null,"M","$","?"],"character_chosen":"THE_SILENT","items_purchased":["Accuracy","Blade Dance","Infinite Blades"],"campfire_rested":2,"item_purchase_floors":[7,7,19],"current_hp_per_floor":[73,73,62,62,48,48,48,36,36,35,58,58,58,42,65,3,77,31,31,0],"gold":241,"neow_bonus":"TEN_PERCENT_HP_BONUS","is_prod":false,"is_daily":false,"chose_seed":false,"campfire_upgraded":1,"win_rate":0,"timestamp":1548668630,"path_taken":["M","M","?","?","?","R","$","M","T","E","R","M","?","E","R","BOSS","M","$","?"],"build_version":"2019-01-23","purchased_purges":2,"victory":false,"max_hp_per_floor":[77,77,77,77,77,77,77,77,77,77,77,77,77,77,77,77,77,77,77,77],"card_choices":[{"not_picked":["Well Laid Plans","Dagger Spray"],"picked":"Backflip","floor":1},{"not_picked":["Quick Slash","Sucker Punch","Dagger Spray"],"picked":"SKIP","floor":2},{"not_picked":["Acrobatics","PiercingWail"],"picked":"Dodge and Roll","floor":5},{"not_picked":["Skewer","Sucker Punch"],"picked":"Backflip","floor":8},{"not_picked":["Calculated Gamble","Venomology","Glass Knife"],"picked":"SKIP","floor":10},{"not_picked":["PiercingWail","Outmaneuver","Backflip"],"picked":"SKIP","floor":12},{"not_picked":["Eviscerate","Endless Agony","Infinite Blades"],"picked":"SKIP","floor":14},{"not_picked":["Eviscerate","Endless Agony"],"picked":"Infinite Blades","floor":14},{"not_picked":["Bullet Time","Tools of the Trade"],"picked":"Grand Finale","floor":16},{"not_picked":["Eviscerate","Poisoned Stab","Deflect"],"picked":"SKIP","floor":18}],"player_experience":376390,"relics_obtained":[{"floor":9,"key":"Anchor"},{"floor":10,"key":"Letter Opener"},{"floor":14,"key":"Bottled Lightning"}],"event_choices":[{"damage_healed":0,"gold_gain":75,"player_choice":"Gather Gold","damage_taken":11,"max_hp_gain":0,"max_hp_loss":0,"event_name":"World of Goop","floor":3,"gold_loss":0},{"damage_healed":0,"gold_gain":0,"player_choice":"1 cards matched","damage_taken":0,"max_hp_gain":0,"max_hp_loss":0,"event_name":"Match and Keep!","floor":4,"gold_loss":0,"cards_obtained":["Discovery"]},{"damage_healed":0,"gold_gain":175,"player_choice":"AGREE","damage_taken":0,"max_hp_gain":0,"max_hp_loss":0,"event_name":"Liars Game","floor":13,"gold_loss":0,"cards_obtained":["Doubt"]},{"damage_healed":0,"gold_gain":0,"player_choice":"Fight","damage_taken":0,"max_hp_gain":0,"max_hp_loss":0,"event_name":"Colosseum","floor":20,"gold_loss":0}],"is_beta":false,"boss_relics":[{"not_picked":["Coffee Dripper","Orrery"],"picked":"Runic Pyramid"}],"items_purged_floors":[7,19],"is_endless":false,"potions_floor_spawned":[1,2,8,12,14,18],"killed_by":"Colosseum Slavers","ascension_level":3}