{"gold_per_floor":[114,189,114,114,128,162,162,176,176,176,186,186,205,205,205,306,306,325,57,87,87,199,211,253,265,351,348,377,339,351,374,386,496,508,533,562,574,606,618,630,392,426,426,20,58,58,71,171,171,171],"floor_reached":50,"playtime":1735,"items_purged":["Strike_R","Decay"],"score":510,"play_id":"c390f05c-be5c-41cf-943a-16f34c09f3d5","local_time":"20190128135602","is_ascension_mode":false,"campfire_choices":[{"floor":10,"key":"RECALL"},{"floor":12,"key":"REST"},{"data":"Armaments","floor":15,"key":"SMITH"},{"floor":23,"key":"REST"},{"floor":25,"key":"REST"},{"floor":30,"key":"REST"},{"floor":32,"key":"REST"},{"floor":40,"key":"REST"},{"floor":46,"key":"REST"},{"floor":49,"key":"REST"}],"neow_cost":"NONE","seed_source_timestamp":798215261768566,"circlet_count":0,"master_deck":["Strike_R","Strike_R","Strike_R","Strike_R","Defend_R","Defend_R","Defend_R","Defend_R","Bash+1","Spot Weakness","Inflame","Heavy Blade","Limit Break","Armaments+1","Infernal Blade","Madness","Demon Form","Berserk","Armaments+1","Sword Boomerang","Flex","Twin Strike","Sword Boomerang","Reaper","Dropkick+1","HandOfGreed","Whirlwind","Infernal Blade","Pommel Strike","Trip","Flex+1"],"relics":["Burning Blood","Strawberry","Bottled Flame","FaceOfCleric","Cursed Key","Omamori","Red Mask","MawBank","Girya","Bottled Lightning","Gremlin Horn","Blue Candle","Runic Dome","Ornamental Fan","Paper Frog","Prayer Wheel"],"potions_floor_usage":[6,16,20,28,28,33,47,48,50,50],"damage_taken":[{"damage":1,"enemies":"Jaw Worm","floor":1,"turns":5},{"damage":8,"enemies":"2 Louse","floor":5,"turns":3},{"damage":36,"enemies":"Lagavulin","floor":6,"turns":6},{"damage":1,"enemies":"Cultist","floor":8,"turns":3},{"damage":10,"enemies":"Looter","floor":11,"turns":2},{"damage":16,"enemies":"Red Slaver","floor":13,"turns":4},{"damage":50,"enemies":"Hexaghost","floor":16,"turns":6},{"damage":13,"enemies":"Shell Parasite","floor":18,"turns":4},{"damage":10,"enemies":"Masked Bandits","floor":20,"turns":2},{"damage":43,"enemies":"Colosseum Slavers","floor":22,"turns":5},{"damage":24,"enemies":"Colosseum Nobs","floor":22,"turns":4},{"damage":45,"enemies":"Book of Stabbing","floor":24,"turns":4},{"damage":14,"enemies":"2 Thieves","floor":27,"turns":4},{"damage":15,"enemies":"Centurion and Healer","floor":28,"turns":3},{"damage":24,"enemies":"Snake Plant","floor":31,"turns":3},{"damage":20,"enemies":"Champ","floor":33,"turns":6},{"damage":69,"enemies":"3 Darklings","floor":35,"turns":6},{"damage":9,"enemies":"Orb Walker","floor":36,"turns":3},{"damage":35,"enemies":"4 Shapes","floor":38,"turns":6},{"damage":44,"enemies":"Jaw Worm Horde","floor":42,"turns":3},{"damage":14,"enemies":"3 Darklings","floor":45,"turns":4},{"damage":16,"enemies":"Sphere and 2 Shapes","floor":47,"turns":3},{"damage":31,"enemies":"Mind Bloom Boss Battle","floor":48,"turns":6},{"damage":110,"enemies":"Time Eater","floor":50,"turns":6}],"seed_played":"-8699853794712837269","potions_obtained":[{"floor":5,"key":"Swift Potion"},{"floor":11,"key":"FearPotion"},{"floor":16,"key":"Poison Potion"},{"floor":22,"key":"Ancient Potion"},{"floor":27,"key":"PowerPotion"},{"floor":31,"key":"Dexterity Potion"},{"floor":38,"key":"GamblersBrew"},{"floor":45,"key":"BloodPotion"},{"floor":48,"key":"GamblersBrew"}],"is_trial":false,"path_per_floor":["M","?","$","?","M","E","?","M","T","R","M","R","M","?","R","B",null,"M","$","?","T","?","R","E","R","T","M","M","?","R","M","R","B",null,"M","M","$","M","?","R","$","M","T","$","M","R","M","?","R","B"],"character_chosen":"IRONCLAD","items_purchased":["Inflame","Omamori","Sword Boomerang","Whirlwind","Infernal Blade","Pommel Strike","Trip","Paper Frog","SkillPotion"],"campfire_rested":8,"item_purchase_floors":[3,19,19,41,41,41,41,44,44],"current_hp_per_floor":[87,76,76,76,74,44,44,50,50,50,47,73,64,64,64,21,91,85,85,82,82,29,57,19,47,47,40,32,32,61,44,73,60,100,58,56,56,42,42,72,72,35,35,35,28,59,60,53,85,0],"gold":171,"neow_bonus":"RANDOM_COMMON_RELIC","is_prod":false,"is_daily":false,"chose_seed":false,"campfire_upgraded":1,"win_rate":0,"timestamp":1548719762,"path_taken":["M","?","$","?","M","E","?","M","T","R","?","R","M","?","R","BOSS","M","$","?","?","?","R","E","R","T","M","M","?","R","M","R","BOSS","M","?","$","M","?","R","$","M","T","$","M","R","M","?","R","BOSS"],"build_version":"2019-01-23","purchased_purges":2,"victory":false,"max_hp_per_floor":[87,87,87,87,87,87,87,88,88,88,89,89,90,90,90,91,91,92,92,93,93,95,95,96,96,96,97,98,98,98,99,99,100,100,101,102,102,103,103,103,103,104,104,104,105,105,106,107,107,107],"card_choices":[{"not_picked":["True Grit","Combust"],"picked":"Spot Weakness","floor":1},{"not_picked":["Clothesline","Pummel"],"picked":"Heavy Blade","floor":5},{"not_picked":["Hemokinesis","Clash"],"picked":"Limit Break","floor":6},{"not_picked":["True Grit","Thunderclap"],"picked":"Armaments","floor":8},{"not_picked":["Iron Wave","True Grit","Wild Strike"],"picked":"SKIP","floor":11},{"not_picked":["True Grit","Anger"],"picked":"Infernal Blade","floor":13},{"not_picked":["Bludgeon","Dark Embrace"],"picked":"Berserk","floor":16},{"not_picked":["Iron Wave","Body Slam+1"],"picked":"Armaments+1","floor":18},{"not_picked":["Fiend Fire","Thunderclap"],"picked":"Flex","floor":22},{"not_picked":["Havoc","Dual Wield+1"],"picked":"Twin Strike","floor":24},{"not_picked":["Havoc","Dual Wield","Feel No Pain"],"picked":"SKIP","floor":27},{"not_picked":["Thunderclap+1","Fire Breathing","Armaments"],"picked":"SKIP","floor":28},{"not_picked":["Clothesline+1","Battle Trance"],"picked":"Sword Boomerang","floor":31},{"not_picked":["Exhume","Double Tap"],"picked":"Reaper","floor":33},{"not_picked":["True Grit","Clothesline+1","Feel No Pain+1"],"picked":"SKIP","floor":35},{"not_picked":["Flex","Spot Weakness+1","Thunderclap"],"picked":"SKIP","floor":36},{"not_picked":["Battle Trance","Fire Breathing"],"picked":"Dropkick+1","floor":38},{"not_picked":["Jack Of All Trades","Enlightenment"],"picked":"HandOfGreed","floor":39},{"not_picked":["Headbutt+1","Spot Weakness+1","Power Through+1"],"picked":"SKIP","floor":42},{"not_picked":["Sword Boomerang","Shrug It Off+1"],"picked":"Flex+1","floor":45},{"not_picked":["Evolve","Cleave+1","Wild Strike+1"],"picked":"SKIP","floor":47}],"player_experience":382961,"relics_obtained":[{"floor":6,"key":"Bottled Flame"},{"floor":20,"key":"Red Mask"},{"floor":21,"key":"MawBank"},{"floor":22,"key":"Girya"},{"floor":22,"key":"Bottled Lightning"},{"floor":24,"key":"Gremlin Horn"},{"floor":26,"key":"Blue Candle"},{"floor":43,"key":"Ornamental Fan"},{"floor":48,"key":"Prayer Wheel"}],"event_choices":[{"damage_healed":0,"gold_gain":75,"player_choice":"Gather Gold","damage_taken":11,"max_hp_gain":0,"max_hp_loss":0,"event_name":"World of Goop","floor":2,"gold_loss":0},{"damage_healed":0,"gold_gain":0,"player_choice":"Grow","damage_taken":0,"max_hp_gain":0,"max_hp_loss":0,"event_name":"Living Wall","floor":4,"gold_loss":0,"cards_upgraded":["Bash"]},{"damage_healed":0,"gold_gain":0,"player_choice":"Trade","damage_taken":0,"relics_obtained":["FaceOfCleric"],"max_hp_gain":0,"max_hp_loss":0,"event_name":"FaceTrader","floor":7,"gold_loss":0},{"damage_healed":0,"gold_gain":0,"player_choice":"2 cards matched","damage_taken":0,"max_hp_gain":0,"max_hp_loss":0,"event_name":"Match and Keep!","floor":14,"gold_loss":0,"cards_obtained":["Madness","Demon Form"]},{"damage_healed":0,"gold_gain":0,"player_choice":"Fought Bandits","damage_taken":0,"max_hp_gain":0,"max_hp_loss":0,"event_name":"Masked Bandits","floor":20,"gold_loss":0},{"damage_healed":0,"gold_gain":0,"player_choice":"Fight","damage_taken":0,"max_hp_gain":0,"max_hp_loss":0,"event_name":"Colosseum","floor":22,"gold_loss":0},{"damage_healed":0,"gold_gain":0,"player_choice":"Fought Nobs","damage_taken":0,"max_hp_gain":0,"max_hp_loss":0,"event_name":"Colosseum","floor":22,"gold_loss":0},{"damage_healed":0,"gold_gain":0,"player_choice":"Bet on Murderer","damage_taken":0,"max_hp_gain":0,"max_hp_loss":0,"event_name":"The Joust","floor":29,"gold_loss":50},{"damage_healed":0,"gold_gain":0,"player_choice":"Memory 1","damage_taken":0,"max_hp_gain":0,"max_hp_loss":0,"event_name":"SensoryStone","floor":39,"gold_loss":0},{"damage_healed":0,"gold_gain":0,"player_choice":"Fight","damage_taken":0,"max_hp_gain":0,"max_hp_loss":0,"event_name":"MindBloom","floor":48,"gold_loss":0}],"is_beta":false,"boss_relics":[{"not_picked":["Calling Bell","Coffee Dripper"],"picked":"Cursed Key"},{"not_picked":["Black Star","Pandora\u0027s Box"],"picked":"Runic Dome"}],"items_purged_floors":[19,44],"is_endless":false,"potions_floor_spawned":[5,11,16,22,22,27,31,38,45,48],"killed_by":"Time Eater","ascension_level":0}