{"gold_per_floor":[117,28,28,46,65,65,65,80,80,97,97,110,142,142],"floor_reached":14,"playtime":376,"items_purged":[],"score":179,"play_id":"f6df023f-983d-4520-b180-c1e7d3cb4d05","local_time":"20190311130747","is_ascension_mode":true,"campfire_choices":[{"data":"Neutralize","floor":6.0,"key":"SMITH"},{"data":"Leg Sweep","floor":11,"key":"SMITH"}],"neow_cost":"NONE","seed_source_timestamp":416314313700241,"circlet_count":0,"master_deck":["AscendersBane","Defend_G","Defend_G","Defend_G","Defend_G","Defend_G","Strike_G","Strike_G","Strike_G","Strike_G","Strike_G","Survivor","Neutralize+1","Infinite Blades","Infinite Blades","Blade Dance","Dagger Spray","Leg Sweep+1","Cloak And Dagger","Accuracy"],"special_seed":0,"relics":["Ring of the Snake","NeowsBlessing","Pantograph","Shovel"],"potions_floor_usage":[8,8,8,13,14],"damage_taken":[{"damage":0.0,"enemies":"2 Louse","floor":1.0,"turns":1.0},{"damage":0.0,"enemies":"Cultist","floor":4.0,"turns":1.0},{"damage":0.0,"enemies":"Small Slimes","floor":5.0,"turns":1.0},{"damage":14,"enemies":"Exordium Thugs","floor":8,"turns":5},{"damage":20,"enemies":"Large Slime","floor":10,"turns":6},{"damage":1,"enemies":"Exordium Wildlife","floor":12,"turns":5},{"damage":14,"enemies":"Lagavulin","floor":13,"turns":6},{"damage":12,"enemies":"Exordium Thugs","floor":14,"turns":4}],"seed_played":"2201132102472585583","potions_obtained":[{"floor":1.0,"key":"SpeedPotion"},{"floor":3.0,"key":"Dexterity Potion"},{"floor":3.0,"key":"EntropicBrew"},{"floor":10,"key":"SneckoOil"}],"is_trial":false,"path_per_floor":["M","$","?","M","M","R","$","M","T","M","R","M","E","M"],"character_chosen":"THE_SILENT","items_purchased":["Infinite Blades"],"campfire_rested":0,"item_purchase_floors":[2],"current_hp_per_floor":[59,59,59,59,59,59,59,45,45,25,25,24,10,0],"gold":142,"neow_bonus":"THREE_ENEMY_KILL","is_prod":false,"is_daily":false,"chose_seed":false,"campfire_upgraded":2,"win_rate":0,"timestamp":1552306067,"path_taken":["M","$","?","M","?","R","$","?","T","?","R","M","E","M"],"build_version":"2019-01-23","purchased_purges":0,"victory":false,"max_hp_per_floor":[66,66,66,66,66,66,66,66,66,66,66,66,66,66],"card_choices":[{"not_picked":["Choke","Bouncing Flask"],"picked":"Infinite Blades","floor":1.0},{"not_picked":["Blur","Skewer"],"picked":"Blade Dance","floor":4.0},{"not_picked":["Backflip","Riddle With Holes"],"picked":"Dagger Spray","floor":5.0},{"not_picked":["Outmaneuver","Blur","Prepared"],"picked":"SKIP","floor":8},{"not_picked":["Cloak And Dagger","Dash"],"picked":"Leg Sweep","floor":10},{"not_picked":["Catalyst","Bullet Time"],"picked":"Cloak And Dagger","floor":12},{"not_picked":["Reflex","Tactician"],"picked":"Accuracy","floor":13}],"player_experience":960560,"relics_obtained":[{"floor":9,"key":"Pantograph"},{"floor":13,"key":"Shovel"}],"event_choices":[{"damage_healed":0.0,"max_hp_gain":0.0,"max_hp_loss":0.0,"gold_gain":0.0,"event_name":"Lab","player_choice":"Got Potions","floor":3.0,"gold_loss":0.0,"damage_taken":0.0}],"is_beta":false,"boss_relics":[],"items_purged_floors":[],"is_endless":false,"potions_floor_spawned":[1,5,10],"killed_by":"Exordium Thugs","ascension_level":19}