{"gold_per_floor":[118,118,118,135,135,135,145,145,175,201,218,218,237,237,237,335,335,346,33,33,47,47,47],"floor_reached":23,"playtime":2111,"items_purged":[],"score":198,"play_id":"54ba83df-93c1-44b1-b5e1-7b64c8ae9b85","local_time":"20190301102213","is_ascension_mode":true,"campfire_choices":[{"floor":6,"key":"DIG"},{"floor":8,"key":"DIG"},{"floor":12,"key":"DIG"},{"floor":15,"key":"REST"}],"neow_cost":"NONE","seed_source_timestamp":86957968016710,"circlet_count":0,"master_deck":["Strike_R","Strike_R","Strike_R","Defend_R","Defend_R","Defend_R","Defend_R","Bash+1","Thunderclap","hubris:ReadiedAction","Shrug It Off","Shrug It Off","Immolate+1","Reaper","Uppercut","Disarm","hubris:Ssssneak"],"relics":["Burning Blood","hubris:ChampionShield","hubris:EvacipatedBox","Shovel","Pear","hubris:TenFootPole","Tiny Chest","Bottled Lightning","Unceasing Top","Sozu","Juzu Bracelet","hubris:BottledHeart"],"potions_floor_usage":[10,10],"damage_taken":[{"damage":0,"enemies":"2 Louse","floor":1,"turns":3},{"damage":8,"enemies":"Jaw Worm","floor":4,"turns":3},{"damage":0,"enemies":"Cultist","floor":7,"turns":3},{"damage":31,"enemies":"Gremlin Nob","floor":10,"turns":5},{"damage":6,"enemies":"Exordium Thugs","floor":11,"turns":7},{"damage":8,"enemies":"3 Louse","floor":13,"turns":3},{"damage":22,"enemies":"Slime Boss","floor":16,"turns":6},{"damage":5,"enemies":"3 Byrds","floor":18,"turns":3},{"damage":0,"enemies":"Shell Parasite","floor":21,"turns":4},{"damage":2,"enemies":"Gremlin Leader","floor":23,"turns":8}],"seed_played":"5383062754715845170","potions_obtained":[{"floor":4,"key":"Regen Potion"},{"floor":7,"key":"BloodPotion"},{"floor":16,"key":"SpeedPotion"}],"is_trial":false,"path_per_floor":["M","?","?","M","$","R","M","R","T","E","M","R","M","?","R","B",null,"M","$","?","M","$","E"],"character_chosen":"IRONCLAD","items_purchased":["hubris:EvacipatedBox","Shovel","Juzu Bracelet","Disarm","hubris:Ssssneak"],"campfire_rested":1,"item_purchase_floors":[5,5,19,19,19],"current_hp_per_floor":[80,77,77,75,36,46,52,52,52,50,50,50,48,39,66,50,90,90,90,1,1,1,0],"gold":47,"neow_bonus":"TRANSFORM_CARD","is_prod":false,"is_daily":false,"chose_seed":false,"campfire_upgraded":0,"win_rate":0,"timestamp":1551457333,"path_taken":["M","?","?","M","?","R","?","R","T","E","M","R","M","?","R","BOSS","M","$","?","M","$","E"],"build_version":"2019-01-23","purchased_purges":0,"victory":false,"max_hp_per_floor":[80,80,80,80,80,90,90,90,90,90,90,90,90,90,90,90,90,90,90,1,1,1,1],"card_choices":[{"not_picked":["Pommel Strike","Havoc"],"picked":"hubris:ReadiedAction","floor":1},{"not_picked":["Headbutt","Sword Boomerang","Thunderclap"],"picked":"SKIP","floor":4},{"not_picked":["Pummel","Sword Boomerang","Perfected Strike"],"picked":"SKIP","floor":7},{"not_picked":["Perfected Strike","Iron Wave","Bloodletting"],"picked":"SKIP","floor":10},{"not_picked":["Iron Wave","Havoc"],"picked":"Shrug It Off","floor":11},{"not_picked":["Thunderclap","hubris:SharpeningStone"],"picked":"Immolate","floor":13},{"not_picked":["Bludgeon","Brutality"],"picked":"Reaper","floor":16},{"not_picked":["Spot Weakness","Seeing Red"],"picked":"Uppercut","floor":18},{"not_picked":["Headbutt","Second Wind","Heavy Blade"],"picked":"SKIP","floor":21}],"player_experience":342571,"relics_obtained":[{"floor":6,"key":"Pear"},{"floor":8,"key":"hubris:TenFootPole"},{"floor":9,"key":"Tiny Chest"},{"floor":10,"key":"Bottled Lightning"},{"floor":12,"key":"Unceasing Top"}],"event_choices":[{"damage_healed":0,"gold_gain":0,"player_choice":"Success","damage_taken":3,"relics_obtained":["hubris:ChampionShield"],"max_hp_gain":0,"max_hp_loss":0,"event_name":"Scrap Ooze","floor":2,"gold_loss":0},{"damage_healed":0,"gold_gain":0,"cards_transformed":["Strike_R"],"player_choice":"Change","damage_taken":0,"max_hp_gain":0,"max_hp_loss":0,"event_name":"Living Wall","floor":3,"gold_loss":0,"cards_obtained":["Shrug It Off"]},{"damage_healed":0,"gold_gain":0,"player_choice":"Entered Light","damage_taken":18,"max_hp_gain":0,"max_hp_loss":0,"event_name":"Shining Light","floor":14,"gold_loss":0,"cards_upgraded":["Bash","Immolate"]}],"is_beta":false,"boss_relics":[{"not_picked":["Runic Dome","Ectoplasm","hubris:VirtuousBlindfold"],"picked":"Sozu"}],"items_purged_floors":[],"is_endless":false,"potions_floor_spawned":[4,7,16,18],"killed_by":"Gremlin Leader","ascension_level":1}