{"gold_per_floor":[109,109,120,136,153,153,153,185,185,185,185,185,203,229,229,229],"floor_reached":16,"playtime":486,"items_purged":[],"score":216,"play_id":"99250a90-b1ec-4b95-8aaa-2ca888d62f1b","local_time":"20190228152904","is_ascension_mode":true,"campfire_choices":[{"floor":7,"key":"REST"},{"data":"Bash","floor":11,"key":"SMITH"},{"data":"Armaments","floor":15,"key":"SMITH"}],"neow_cost":"NONE","seed_source_timestamp":717387939956043,"circlet_count":0,"master_deck":["AscendersBane","Strike_R","Strike_R","Strike_R","Strike_R","Strike_R","Defend_R","Defend_R+1","Defend_R","Defend_R+1","Bash+1","Cleave","Ghostly Armor","Dropkick","Thunderclap","Armaments+1"],"relics":["Burning Blood","Bronze Scales","Singing Bowl","Sundial","War Paint"],"potions_floor_usage":[6,16],"damage_taken":[{"damage":9,"enemies":"Jaw Worm","floor":1,"turns":3},{"damage":11,"enemies":"Small Slimes","floor":3,"turns":3},{"damage":6,"enemies":"Cultist","floor":4,"turns":3},{"damage":41,"enemies":"Gremlin Gang","floor":5,"turns":5},{"damage":0,"enemies":"3 Sentries","floor":6,"turns":2},{"damage":46,"enemies":"Lagavulin","floor":8,"turns":8},{"damage":15,"enemies":"Large Slime","floor":13,"turns":8},{"damage":30,"enemies":"3 Sentries","floor":14,"turns":7},{"damage":60,"enemies":"Slime Boss","floor":16,"turns":11}],"seed_played":"-4557821884331900687","potions_obtained":[{"floor":5,"key":"SmokeBomb"},{"floor":8,"key":"Dexterity Potion"},{"floor":14,"key":"Swift Potion"}],"is_trial":false,"path_per_floor":["M","?","M","M","M","E","R","E","T","?","R","$","M","E","R","B"],"character_chosen":"IRONCLAD","items_purchased":[],"campfire_rested":1,"item_purchase_floors":[],"current_hp_per_floor":[65,65,60,60,25,31,53,15,15,87,87,87,78,54,54,0],"gold":229,"neow_bonus":"RANDOM_COMMON_RELIC","is_prod":false,"is_daily":false,"chose_seed":false,"campfire_upgraded":2,"win_rate":0,"timestamp":1551403744,"path_taken":["M","?","M","M","M","E","R","E","T","?","R","$","M","E","R","BOSS"],"build_version":"2019-01-23","purchased_purges":0,"victory":false,"max_hp_per_floor":[75,75,75,75,75,75,75,77,77,87,87,87,87,87,87,87],"card_choices":[{"not_picked":["Headbutt","Shrug It Off"],"picked":"Cleave","floor":1},{"not_picked":["Rage","Heavy Blade"],"picked":"Ghostly Armor","floor":3},{"not_picked":["Headbutt","Flex"],"picked":"Exhume","floor":4},{"not_picked":["Sentinel","Flex"],"picked":"Dropkick","floor":5},{"not_picked":["Clothesline","Perfected Strike","Pommel Strike"],"picked":"Singing Bowl","floor":8},{"not_picked":["Anger","Sever Soul"],"picked":"Thunderclap","floor":13},{"not_picked":["Burning Pact","Battle Trance"],"picked":"Armaments","floor":14}],"player_experience":478215,"relics_obtained":[{"floor":8,"key":"Singing Bowl"},{"floor":9,"key":"Sundial"},{"floor":14,"key":"War Paint"}],"event_choices":[{"damage_healed":0,"gold_gain":0,"player_choice":"Leave","damage_taken":0,"max_hp_gain":0,"max_hp_loss":0,"event_name":"The Cleric","floor":2,"gold_loss":0},{"cards_removed":["Exhume"],"damage_healed":62,"gold_gain":0,"player_choice":"Offered Rare","damage_taken":0,"max_hp_gain":10,"max_hp_loss":0,"event_name":"Bonfire Elementals","floor":10,"gold_loss":0}],"is_beta":false,"boss_relics":[],"items_purged_floors":[],"is_endless":false,"potions_floor_spawned":[5,6,8,14],"killed_by":"Slime Boss","ascension_level":16}