{"gold_per_floor":[109,109,126,126,144,202,202,231,231,231,257,257,267,283,283,384,384,400,400,412,428,447,447,447,478,525,525],"floor_reached":27,"playtime":1155,"items_purged":[],"score":267,"play_id":"ba6e6b73-b632-4a86-8c4c-71e128bf9962","local_time":"20190310183956","is_ascension_mode":true,"campfire_choices":[{"data":"Bash","floor":7,"key":"SMITH"},{"floor":12,"key":"REST"},{"data":"Limit Break","floor":15,"key":"SMITH"},{"data":"Barricade","floor":23,"key":"SMITH"}],"neow_cost":"NONE","seed_source_timestamp":2159002530388978,"circlet_count":0,"master_deck":["Strike_R+1","Strike_R+1","Strike_R+1","Strike_R+1","Defend_R+1","Defend_R+1","Defend_R+1","Defend_R+1","Bash+1","Infernal Blade","Rampage","Limit Break+1","Barricade+1","Limit Break+1","Shrug It Off+1","Limit Break"],"relics":["Busted Crown","Tiny Chest","Matryoshka","Red Skull","Pen Nib","Potion Belt","Dream Catcher","White Beast Statue","Blue Candle","Bronze Scales"],"potions_floor_usage":[20,21,22,25,25,27,27],"damage_taken":[{"damage":0,"enemies":"Cultist","floor":1,"turns":3},{"damage":0,"enemies":"Small Slimes","floor":3,"turns":2},{"damage":7,"enemies":"Jaw Worm","floor":5,"turns":2},{"damage":32,"enemies":"Gremlin Nob","floor":6,"turns":4},{"damage":19,"enemies":"3 Sentries","floor":8,"turns":11},{"damage":0,"enemies":"2 Fungi Beasts","floor":13,"turns":2},{"damage":1,"enemies":"Red Slaver","floor":14,"turns":2},{"damage":8,"enemies":"Hexaghost","floor":16,"turns":6},{"damage":32,"enemies":"Shell Parasite","floor":18,"turns":8},{"damage":10,"enemies":"3 Byrds","floor":20,"turns":3},{"damage":10,"enemies":"Centurion and Healer","floor":21,"turns":4},{"damage":34,"enemies":"Shelled Parasite and Fungi","floor":22,"turns":4},{"damage":5,"enemies":"Book of Stabbing","floor":25,"turns":6},{"damage":15,"enemies":"Cultist and Chosen","floor":27,"turns":4}],"seed_played":"3660235044663713059","potions_obtained":[{"floor":5,"key":"LiquidBronze"},{"floor":6,"key":"Weak Potion"},{"floor":13,"key":"Ancient Potion"},{"floor":18,"key":"Dexterity Potion"},{"floor":20,"key":"Weak Potion"},{"floor":21,"key":"Regen Potion"},{"floor":22,"key":"SkillPotion"},{"floor":25,"key":"BloodPotion"}],"is_trial":false,"path_per_floor":["M","?","M","?","M","E","R","E","T","?","T","R","M","M","R","B",null,"M","?","M","M","M","R","?","E","T","M"],"character_chosen":"IRONCLAD","items_purchased":[],"campfire_rested":1,"item_purchase_floors":[],"current_hp_per_floor":[80,64,64,64,57,25,25,6,6,6,6,30,30,29,29,21,80,48,48,38,28,6,6,6,1,1,0],"gold":525,"neow_bonus":"BOSS_RELIC","is_prod":false,"is_daily":false,"chose_seed":false,"campfire_upgraded":3,"win_rate":0,"timestamp":1552268396,"path_taken":["M","?","M","?","?","E","R","E","T","?","?","R","M","M","R","BOSS","M","?","?","?","M","R","?","E","T","M"],"build_version":"2019-01-23","purchased_purges":0,"victory":false,"max_hp_per_floor":[80,80,80,80,80,80,80,80,80,80,80,80,80,80,80,80,80,80,80,80,80,80,80,80,80,80,80],"card_choices":[{"not_picked":["Perfected Strike"],"picked":"SKIP","floor":1},{"not_picked":["Perfected Strike"],"picked":"SKIP","floor":3},{"not_picked":[],"picked":"Rampage","floor":5},{"not_picked":["Clash"],"picked":"SKIP","floor":6},{"not_picked":["Anger"],"picked":"SKIP","floor":8},{"not_picked":["Clash"],"picked":"SKIP","floor":13},{"not_picked":[],"picked":"Limit Break","floor":14},{"not_picked":[],"picked":"Barricade","floor":16},{"not_picked":["Twin Strike+1"],"picked":"SKIP","floor":18},{"not_picked":["Anger"],"picked":"SKIP","floor":20},{"not_picked":["Perfected Strike"],"picked":"SKIP","floor":21},{"not_picked":[],"picked":"Shrug It Off+1","floor":22},{"not_picked":[],"picked":"Limit Break","floor":25}],"player_experience":259727,"relics_obtained":[{"floor":6,"key":"Tiny Chest"},{"floor":8,"key":"Matryoshka"},{"floor":9,"key":"Red Skull"},{"floor":9,"key":"Pen Nib"},{"floor":11,"key":"Potion Belt"},{"floor":11,"key":"Dream Catcher"},{"floor":25,"key":"Blue Candle"},{"floor":26,"key":"Bronze Scales"}],"event_choices":[{"damage_healed":0,"gold_gain":0,"player_choice":"Entered Light","damage_taken":16,"max_hp_gain":0,"max_hp_loss":0,"event_name":"Shining Light","floor":2,"gold_loss":0,"cards_upgraded":["Strike_R","Defend_R"]},{"damage_healed":0,"gold_gain":0,"player_choice":"1 cards matched","damage_taken":0,"max_hp_gain":0,"max_hp_loss":0,"event_name":"Match and Keep!","floor":4,"gold_loss":0,"cards_obtained":["Infernal Blade"]},{"cards_removed":["Strike_R"],"damage_healed":0,"gold_gain":0,"player_choice":"Forget","damage_taken":0,"max_hp_gain":0,"max_hp_loss":0,"event_name":"Living Wall","floor":10,"gold_loss":0},{"damage_healed":0,"gold_gain":0,"player_choice":"Copied","damage_taken":0,"max_hp_gain":0,"max_hp_loss":0,"event_name":"Duplicator","floor":19,"gold_loss":0,"cards_obtained":["Limit Break"]},{"damage_healed":0,"gold_gain":0,"player_choice":"Simplicity","damage_taken":0,"max_hp_gain":0,"max_hp_loss":0,"event_name":"Back to Basics","floor":24,"gold_loss":0,"cards_upgraded":["Strike_R","Strike_R","Strike_R","Defend_R","Defend_R","Defend_R"]}],"is_beta":false,"boss_relics":[{"not_picked":["Eternal Feather","Runic Cube"],"picked":"White Beast Statue"}],"items_purged_floors":[],"is_endless":false,"potions_floor_spawned":[5,6,13,18,20,21,22,25],"killed_by":"Cultist and Chosen","ascension_level":2}