{"gold_per_floor":[111,124,135,155,155,189,154,168,238,238,252,270,270,74,74,149,149,163,180,192,204,13,13,66,66,66,66,76,76,1,1,1,75,75,91,111,111],"floor_reached":37,"playtime":2252,"items_purged":[],"score":752,"play_id":"52237bb2-e3b3-42a7-a36f-7f9abd927084","local_time":"20190311072937","is_ascension_mode":true,"campfire_choices":[{"floor":13,"key":"REST"},{"data":"Mayhem","floor":15,"key":"SMITH"},{"floor":23,"key":"REST"},{"floor":25,"key":"REST"},{"floor":29,"key":"REST"},{"data":"Magnetism","floor":32,"key":"SMITH"}],"neow_cost":"NONE","seed_source_timestamp":858370549876836,"circlet_count":0,"master_deck":["AscendersBane","Strike_R","Strike_R","Strike_R","Strike_R","Strike_R","Defend_R","Defend_R","Defend_R","Defend_R","Bash","Rampage+1","Headbutt","Battle Trance","Feed","Shrug It Off","Flame Barrier","Shrug It Off","Mayhem+1","Impervious","Shrug It Off","Magnetism+1","Disarm","Reaper"],"relics":["Burning Blood","Torii","Meat on the Bone","Busted Crown","Peace Pipe","Blood Vial","Orichalcum","White Beast Statue"],"potions_floor_usage":[6,24,35,36,36,37],"damage_taken":[{"damage":5,"enemies":"Small Slimes","floor":1,"turns":3},{"damage":2,"enemies":"Jaw Worm","floor":2,"turns":4},{"damage":6,"enemies":"Cultist","floor":3,"turns":3},{"damage":12,"enemies":"Looter","floor":4,"turns":3},{"damage":40,"enemies":"Lagavulin","floor":6,"turns":4},{"damage":13,"enemies":"3 Louse","floor":8,"turns":3},{"damage":22,"enemies":"2 Fungi Beasts","floor":11,"turns":3},{"damage":33,"enemies":"Exordium Thugs","floor":12,"turns":4},{"damage":24,"enemies":"The Guardian","floor":16,"turns":9},{"damage":49,"enemies":"Chosen","floor":18,"turns":9},{"damage":20,"enemies":"Shell Parasite","floor":19,"turns":6},{"damage":23,"enemies":"Shelled Parasite and Fungi","floor":20,"turns":7},{"damage":37,"enemies":"Centurion and Healer","floor":21,"turns":8},{"damage":32,"enemies":"Gremlin Leader","floor":24,"turns":9},{"damage":10,"enemies":"Snake Plant","floor":28,"turns":6},{"damage":70,"enemies":"Champ","floor":33,"turns":13},{"damage":73,"enemies":"3 Shapes","floor":35,"turns":5},{"damage":24,"enemies":"Orb Walker","floor":36,"turns":6},{"damage":89,"enemies":"Jaw Worm Horde","floor":37,"turns":6}],"seed_played":"-8215818792868010108","potions_obtained":[{"floor":1,"key":"LiquidBronze"},{"floor":3,"key":"BloodPotion"},{"floor":4,"key":"GamblersBrew"},{"floor":19,"key":"GamblersBrew"},{"floor":33,"key":"Weak Potion"},{"floor":35,"key":"BloodPotion"},{"floor":36,"key":"SteroidPotion"}],"is_trial":false,"path_per_floor":["M","M","M","M","?","E","?","M","T","$","M","M","R","$","R","B",null,"M","M","M","M","$","R","E","R","T","?","M","R","?","?","R","B",null,"M","M","M"],"character_chosen":"IRONCLAD","items_purchased":["Mayhem","Magnetism"],"campfire_rested":4,"item_purchase_floors":[14,22],"current_hp_per_floor":[76,80,80,74,74,40,60,56,56,56,55,43,70,70,70,52,81,50,48,46,27,27,55,41,69,69,69,67,94,94,94,94,42,81,52,66,0],"gold":111,"neow_bonus":"TEN_PERCENT_HP_BONUS","is_prod":false,"is_daily":false,"chose_seed":false,"campfire_upgraded":2,"win_rate":0,"timestamp":1552325377,"path_taken":["M","M","M","M","?","E","?","M","T","?","M","M","R","$","R","BOSS","M","M","M","M","$","R","E","R","T","?","M","R","?","?","R","BOSS","M","M","M"],"build_version":"2019-01-23","purchased_purges":0,"victory":false,"max_hp_per_floor":[82,82,82,82,82,82,82,85,85,85,88,91,91,91,91,91,91,91,91,94,94,94,94,94,94,94,94,94,94,94,94,94,94,94,97,100,100],"card_choices":[{"not_picked":["Twin Strike","Combust"],"picked":"Rampage","floor":1},{"not_picked":["Fire Breathing","Reckless Charge"],"picked":"Headbutt","floor":2},{"not_picked":["Bloodletting","Havoc","Heavy Blade"],"picked":"SKIP","floor":3},{"not_picked":["Body Slam","Wild Strike"],"picked":"Battle Trance","floor":4},{"not_picked":["Pommel Strike","Body Slam"],"picked":"Feed","floor":6},{"not_picked":["Entrench","Armaments"],"picked":"Shrug It Off","floor":8},{"not_picked":["Shockwave","Perfected Strike"],"picked":"Flame Barrier","floor":11},{"not_picked":["Thunderclap","Warcry"],"picked":"Shrug It Off","floor":12},{"not_picked":["Juggernaut","Barricade"],"picked":"Impervious","floor":16},{"not_picked":["Perfected Strike"],"picked":"SKIP","floor":18},{"not_picked":["Second Wind"],"picked":"SKIP","floor":19},{"not_picked":["Heavy Blade"],"picked":"SKIP","floor":20},{"not_picked":[],"picked":"Shrug It Off","floor":21},{"not_picked":["Iron Wave"],"picked":"SKIP","floor":24},{"not_picked":["Hemokinesis"],"picked":"SKIP","floor":28},{"not_picked":[],"picked":"Reaper","floor":33},{"not_picked":["Clash"],"picked":"SKIP","floor":35},{"not_picked":["Pommel Strike"],"picked":"SKIP","floor":36}],"player_experience":490130,"relics_obtained":[{"floor":6,"key":"Torii"},{"floor":9,"key":"Meat on the Bone"},{"floor":24,"key":"Peace Pipe"},{"floor":26,"key":"Blood Vial"}],"event_choices":[{"damage_healed":0,"gold_gain":0,"player_choice":"Grow","damage_taken":0,"max_hp_gain":0,"max_hp_loss":0,"event_name":"Living Wall","floor":5,"gold_loss":0,"cards_upgraded":["Rampage"]},{"damage_healed":20,"gold_gain":0,"player_choice":"Healed","damage_taken":0,"max_hp_gain":0,"max_hp_loss":0,"event_name":"The Cleric","floor":7,"gold_loss":35},{"damage_healed":0,"gold_gain":0,"player_choice":"Opened","damage_taken":0,"relics_obtained":["Orichalcum"],"max_hp_gain":0,"max_hp_loss":0,"event_name":"The Mausoleum","floor":27,"gold_loss":0,"cards_obtained":["Writhe"]},{"cards_removed":["Writhe"],"damage_healed":0,"gold_gain":0,"player_choice":"Gave Gold","damage_taken":0,"max_hp_gain":0,"max_hp_loss":0,"event_name":"Beggar","floor":30,"gold_loss":75},{"damage_healed":0,"gold_gain":0,"player_choice":"Read","damage_taken":0,"max_hp_gain":0,"max_hp_loss":0,"event_name":"The Library","floor":31,"gold_loss":0,"cards_obtained":["Disarm"]}],"is_beta":false,"boss_relics":[{"not_picked":["Ectoplasm","Calling Bell"],"picked":"Busted Crown"},{"not_picked":["Black Star","Pandora\u0027s Box"],"picked":"White Beast Statue"}],"items_purged_floors":[],"is_endless":false,"potions_floor_spawned":[1,3,4,19,21,33,35,36],"killed_by":"Jaw Worm Horde","ascension_level":17}