{"gold_per_floor":[114,129,129,144,144,144,174,96],"floor_reached":8,"playtime":371,"items_purged":[],"score":56,"play_id":"808752b9-8550-4f17-9a4e-a4053afccd2b","local_time":"20190204145357","daily_mods":["Draft","Colorless Cards","Night Terrors"],"is_ascension_mode":false,"campfire_choices":[{"data":"Go for the Eyes","floor":6,"key":"SMITH"}],"neow_cost":"","seed_source_timestamp":0,"circlet_count":0,"master_deck":["Rebound","Leap","Discovery","Auto Shields","FTL","Sunder","Steam","Compile Driver","Ball Lightning","Dark Shackles","Undo","Finesse","Go for the Eyes+1","Conserve Battery","Sweeping Beam","Cold Snap","Reboot","Rip and Tear","Defragment","Capacitor"],"special_seed":17931,"relics":["Cracked Core","Peace Pipe"],"potions_floor_usage":[],"damage_taken":[{"damage":0.0,"enemies":"Small Slimes","floor":1.0,"turns":2.0},{"damage":0.0,"enemies":"Jaw Worm","floor":2.0,"turns":2.0},{"damage":0,"enemies":"2 Louse","floor":4,"turns":2},{"damage":4,"enemies":"Gremlin Nob","floor":7,"turns":3}],"seed_played":"-1671587602843192700","potions_obtained":[{"floor":7,"key":"EssenceOfSteel"}],"is_trial":false,"path_per_floor":["M","M","?","M","?","R","E","$"],"character_chosen":"DEFECT","items_purchased":["Capacitor"],"campfire_rested":0,"item_purchase_floors":[8],"current_hp_per_floor":[75,75,75,75,75,75,71,71],"gold":96,"neow_bonus":"","is_prod":false,"is_daily":true,"chose_seed":false,"campfire_upgraded":1,"win_rate":0,"timestamp":1549313637,"path_taken":["M","M","?","M","?","R","E","?"],"build_version":"2019-01-23","purchased_purges":0,"victory":false,"max_hp_per_floor":[75,75,75,75,75,75,75,75],"card_choices":[{"not_picked":["Streamline","Enlightenment"],"picked":"Rebound","floor":0.0},{"not_picked":["Go for the Eyes","Blizzard"],"picked":"Leap","floor":0.0},{"not_picked":["Steam","Cold Snap"],"picked":"Discovery","floor":0.0},{"not_picked":["Swift Strike","Hologram"],"picked":"Auto Shields","floor":0.0},{"not_picked":["Self Repair","Redo"],"picked":"FTL","floor":0.0},{"not_picked":["Gash","Redo"],"picked":"Sunder","floor":0.0},{"not_picked":["Reprogram","Conserve Battery"],"picked":"Steam","floor":0.0},{"not_picked":["Redo","Stack"],"picked":"Compile Driver","floor":0.0},{"not_picked":["Conserve Battery","Tempest"],"picked":"Ball Lightning","floor":0.0},{"not_picked":["Redo","Beam Cell"],"picked":"Dark Shackles","floor":0.0},{"not_picked":["Tempest","Redo"],"picked":"Undo","floor":0.0},{"not_picked":["Enlightenment","Sweeping Beam"],"picked":"Finesse","floor":0.0},{"not_picked":["Panacea","Redo"],"picked":"Go for the Eyes","floor":0.0},{"not_picked":["Impatience","Trip"],"picked":"Stack","floor":0.0},{"not_picked":["Rebound","Cold Snap"],"picked":"Conserve Battery","floor":0.0},{"not_picked":["Gash","Rebound"],"picked":"Sweeping Beam","floor":1.0},{"not_picked":["Conserve Battery","Stack"],"picked":"Cold Snap","floor":2.0},{"not_picked":["Reprogram","Rebound"],"picked":"Rip and Tear","floor":4},{"not_picked":["Enlightenment","Stack"],"picked":"Defragment","floor":7}],"player_experience":280854,"relics_obtained":[{"floor":7,"key":"Peace Pipe"}],"event_choices":[{"damage_healed":0,"gold_gain":0,"cards_transformed":["Stack"],"player_choice":"Change","damage_taken":0,"max_hp_gain":0,"max_hp_loss":0,"event_name":"Living Wall","floor":3,"gold_loss":0,"cards_obtained":["Reboot"]},{"damage_healed":0,"gold_gain":0,"player_choice":"Ignored","damage_taken":0,"max_hp_gain":0,"max_hp_loss":0,"event_name":"Liars Game","floor":5,"gold_loss":0}],"is_beta":false,"boss_relics":[],"items_purged_floors":[],"is_endless":false,"potions_floor_spawned":[7],"ascension_level":0}