{"gold_per_floor":[369,92,92,111,137,137,162,142,142,154,154,167,167,186,186,259,259,279,157,169,169,185,185,199,230,230,247,247],"floor_reached":28,"playtime":749,"items_purged":[],"score":396,"play_id":"f3b0f742-15da-42f1-94fa-72c457934659","local_time":"20190214011141","is_ascension_mode":true,"campfire_choices":[{"floor":6,"key":"REST"},{"floor":11,"key":"REST"},{"floor":15,"key":"REST"},{"floor":23,"key":"REST"}],"neow_cost":"PERCENT_DAMAGE","seed_source_timestamp":96940056867161,"circlet_count":0,"master_deck":["AscendersBane","Strike_B","Strike_B","Strike_B","Strike_B","Defend_B","Defend_B","Defend_B","Defend_B","Zap","Dualcast","BootSequence","Doom and Gloom","Hologram","Redo","Cold Snap","Electrodynamics","Turbo","Streamline+1","All For One+1","Ball Lightning+1","Beam Cell+1","Rip and Tear+1","Conserve Battery+1","Gash+1","Go for the Eyes+1","Echo Form","Beam Cell+1"],"relics":["Cracked Core","Boot","Bronze Scales","Incense Burner","Molten Egg 2","Nuclear Battery","NlothsMask","Mercury Hourglass"],"potions_floor_usage":[],"damage_taken":[{"damage":12,"enemies":"Small Slimes","floor":1,"turns":3},{"damage":2,"enemies":"Jaw Worm","floor":4,"turns":3},{"damage":38,"enemies":"Gremlin Nob","floor":7,"turns":4},{"damage":0,"enemies":"2 Louse","floor":10,"turns":2},{"damage":8,"enemies":"Lots of Slimes","floor":12,"turns":2},{"damage":0,"enemies":"Large Slime","floor":14,"turns":4},{"damage":27,"enemies":"The Guardian","floor":16,"turns":9},{"damage":0,"enemies":"Chosen","floor":18,"turns":4},{"damage":4,"enemies":"Spheric Guardian","floor":20,"turns":3},{"damage":25,"enemies":"Snake Plant","floor":22,"turns":3},{"damage":11,"enemies":"Sentry and Sphere","floor":24,"turns":3},{"damage":28,"enemies":"Gremlin Leader","floor":25,"turns":7},{"damage":10,"enemies":"Shelled Parasite and Fungi","floor":27,"turns":2},{"damage":17,"enemies":"Snake Plant","floor":28,"turns":2}],"seed_played":"-2624267392440059786","potions_obtained":[{"floor":1,"key":"Fire Potion"},{"floor":4,"key":"SteroidPotion"},{"floor":22,"key":"LiquidBronze"}],"is_trial":false,"path_per_floor":["M","$","?","M","T","R","E","?","T","M","R","M","?","M","R","B",null,"M","$","M","?","M","R","M","E","T","M","M"],"character_chosen":"DEFECT","items_purchased":["Doom and Gloom","Boot","Hologram","Beam Cell+1","Rip and Tear+1"],"campfire_rested":4,"item_purchase_floors":[2,2,2,19,19],"current_hp_per_floor":[38,38,38,36,36,58,20,20,20,20,42,34,59,59,75,48,68,68,68,64,64,39,61,50,22,22,12,0],"gold":247,"neow_bonus":"TWO_FIFTY_GOLD","is_prod":false,"is_daily":false,"chose_seed":false,"campfire_upgraded":0,"win_rate":0,"timestamp":1550124701,"path_taken":["M","$","?","M","?","R","E","?","T","?","R","M","?","M","R","BOSS","M","$","M","?","M","R","M","E","T","M","M"],"build_version":"2019-02-06","purchased_purges":0,"victory":false,"max_hp_per_floor":[75,75,75,75,75,75,75,75,75,75,75,75,75,75,75,75,75,75,75,75,75,75,75,75,75,75,75,75],"card_choices":[{"not_picked":["Turbo","Stack"],"picked":"BootSequence","floor":1},{"not_picked":["Double Energy","Compile Driver"],"picked":"Redo","floor":4},{"not_picked":["Hologram","Gash"],"picked":"Cold Snap","floor":7},{"not_picked":["Steam Power","Defragment"],"picked":"Electrodynamics","floor":10},{"not_picked":["Stack","Hologram"],"picked":"Turbo","floor":12},{"not_picked":["Coolheaded","Redo"],"picked":"Streamline+1","floor":14},{"not_picked":["Buffer","Fission"],"picked":"All For One+1","floor":16},{"not_picked":["Compile Driver+1","Chaos"],"picked":"Ball Lightning+1","floor":18},{"not_picked":["Compile Driver+1","Rebound+1"],"picked":"Conserve Battery+1","floor":20},{"not_picked":["Cold Snap+1","Coolheaded"],"picked":"Gash+1","floor":22},{"not_picked":["Sweeping Beam+1","Melter+1"],"picked":"Go for the Eyes+1","floor":24},{"not_picked":["Compile Driver+1","Ball Lightning+1"],"picked":"Echo Form","floor":25},{"not_picked":["Turbo","Barrage+1"],"picked":"Beam Cell+1","floor":27}],"player_experience":599455,"relics_obtained":[{"floor":5,"key":"Bronze Scales"},{"floor":7,"key":"Incense Burner"},{"floor":9,"key":"Molten Egg 2"},{"floor":25,"key":"Mercury Hourglass"}],"event_choices":[{"damage_healed":0,"gold_gain":0,"player_choice":"Ignored","damage_taken":0,"max_hp_gain":0,"max_hp_loss":0,"event_name":"Liars Game","floor":3,"gold_loss":0},{"damage_healed":0,"gold_gain":0,"player_choice":"Bought 1 Potion","damage_taken":0,"max_hp_gain":0,"max_hp_loss":0,"event_name":"The Woman in Blue","floor":8,"gold_loss":0},{"damage_healed":25,"gold_gain":0,"player_choice":"Banana","damage_taken":0,"max_hp_gain":0,"max_hp_loss":0,"event_name":"Big Fish","floor":13,"gold_loss":0},{"damage_healed":0,"gold_gain":0,"player_choice":"Trade","damage_taken":0,"relics_obtained":["NlothsMask"],"max_hp_gain":0,"max_hp_loss":0,"event_name":"FaceTrader","floor":21,"gold_loss":0}],"is_beta":true,"boss_relics":[{"not_picked":["Empty Cage","Coffee Dripper"],"picked":"Nuclear Battery"}],"items_purged_floors":[],"is_endless":false,"potions_floor_spawned":[1,4,14,22,25],"killed_by":"Snake Plant","ascension_level":13}