{"gold_per_floor":[112,125,143,153,171,200,200,214,214,228,33,60,60,84,84,159,459,475,353,368,378,378,378,394,394,394,424,424,424,424,440,440,518,518,534,552,552,604,604,633,633,169,193,213,232,232,81,110,110,110],"floor_reached":51,"playtime":2056,"items_purged":["Pain","Decay"],"score":1321,"play_id":"e399c7de-51d9-4b03-9713-9c1839126aa2","local_time":"20190226145322","is_ascension_mode":true,"campfire_choices":[{"floor":7,"key":"REST"},{"floor":13,"key":"REST"},{"floor":15,"key":"REST"},{"floor":23,"key":"REST"},{"floor":25,"key":"REST"},{"data":"Armaments","floor":28,"key":"SMITH"},{"data":"Armaments","floor":30,"key":"SMITH"},{"floor":32,"key":"REST"},{"floor":41,"key":"REST"},{"data":"Dual Wield","floor":46,"key":"SMITH"},{"floor":49,"key":"REST"}],"neow_cost":"NONE","seed_source_timestamp":540853467590624,"circlet_count":0,"master_deck":["AscendersBane","Defend_R","Defend_R","Defend_R","Bash","Cleave","Clothesline","Sword Boomerang","Disarm","Headbutt","Heavy Blade","Seeing Red","Shrug It Off","Twin Strike","Limit Break","Writhe","Anger+1","Armaments+1","Intimidate+1","Armaments+1","Bite","Bite","Bite","Bite","Bite","Reaper","Shockwave","Writhe","Heavy Blade","Limit Break","Writhe","Armaments+1","Dual Wield+1","Anger"],"relics":["Burning Blood","Vajra","Gambling Chip","Brimstone","Art of War","Odd Mushroom","Calling Bell","Strawberry","Sundial","Old Coin","Nilry\u0027s Codex","Champion Belt","Gremlin Horn","Cursed Key","Dead Branch","FossilizedHelix","Medical Kit","Centennial Puzzle","The Courier"],"potions_floor_usage":[6,8,10,16,18,27,33,50,50],"damage_taken":[{"damage":7,"enemies":"Small Slimes","floor":1,"turns":3},{"damage":7,"enemies":"2 Louse","floor":2,"turns":2},{"damage":6,"enemies":"Jaw Worm","floor":3,"turns":5},{"damage":19,"enemies":"Exordium Wildlife","floor":4,"turns":3},{"damage":12,"enemies":"Looter","floor":5,"turns":3},{"damage":16,"enemies":"Gremlin Nob","floor":6,"turns":3},{"damage":12,"enemies":"Large Slime","floor":8,"turns":3},{"damage":13,"enemies":"Exordium Wildlife","floor":10,"turns":3},{"damage":23,"enemies":"3 Sentries","floor":12,"turns":4},{"damage":16,"enemies":"The Mushroom Lair","floor":14,"turns":4},{"damage":50,"enemies":"Hexaghost","floor":16,"turns":6},{"damage":37,"enemies":"3 Byrds","floor":18,"turns":5},{"damage":0,"enemies":"Spheric Guardian","floor":20,"turns":3},{"damage":10,"enemies":"Centurion and Healer","floor":21,"turns":3},{"damage":11,"enemies":"Cultist and Chosen","floor":24,"turns":4},{"damage":15,"enemies":"Book of Stabbing","floor":27,"turns":3},{"damage":15,"enemies":"Snecko","floor":31,"turns":3},{"damage":48,"enemies":"Collector","floor":33,"turns":7},{"damage":1,"enemies":"Orb Walker","floor":35,"turns":3},{"damage":43,"enemies":"3 Darklings","floor":36,"turns":5},{"damage":101,"enemies":"2 Orb Walkers","floor":38,"turns":6},{"damage":16,"enemies":"Giant Head","floor":40,"turns":5},{"damage":9,"enemies":"Writhing Mass","floor":44,"turns":3},{"damage":6,"enemies":"4 Shapes","floor":45,"turns":2},{"damage":22,"enemies":"Nemesis","floor":48,"turns":5},{"damage":72,"enemies":"Awakened One","floor":50,"turns":6}],"seed_played":"-6858390641179328262","potions_obtained":[{"floor":4,"key":"Strength Potion"},{"floor":5,"key":"SpeedPotion"},{"floor":6,"key":"Energy Potion"},{"floor":8,"key":"Fruit Juice"},{"floor":14,"key":"Block Potion"},{"floor":16,"key":"Block Potion"},{"floor":20,"key":"Explosive Potion"},{"floor":21,"key":"Swift Potion"},{"floor":38,"key":"Weak Potion"},{"floor":45,"key":"Strength Potion"}],"is_trial":false,"path_per_floor":["M","M","M","M","M","E","R","M","T","M","$","E","R","?","R","B",null,"M","$","M","M","?","R","M","R","T","E","R","?","R","M","R","B",null,"M","M","?","?","?","E","R","$","T","M","M","R","$","E","R","B",null],"character_chosen":"IRONCLAD","items_purchased":["Brimstone","Armaments","Medical Kit","Limit Break","Anger","Energy Potion","BloodPotion"],"campfire_rested":8,"item_purchase_floors":[11,19,42,42,47,47,47],"current_hp_per_floor":[67,66,66,53,47,37,59,55,55,55,55,40,64,56,80,36,76,47,47,55,53,32,58,55,81,81,74,74,74,74,68,87,52,78,85,63,80,18,18,53,79,79,79,79,87,87,87,71,87,32],"gold":110,"neow_bonus":"RANDOM_COMMON_RELIC","is_prod":false,"is_daily":false,"chose_seed":false,"campfire_upgraded":3,"win_rate":0,"timestamp":1551228802,"path_taken":["M","M","M","M","M","E","R","M","T","M","$","E","R","?","R","BOSS","M","$","M","M","?","R","M","R","T","E","R","?","R","?","R","BOSS","M","M","?","?","?","E","R","$","T","?","M","R","$","E","R","BOSS"],"build_version":"2019-01-23","purchased_purges":2,"victory":true,"max_hp_per_floor":[75,75,75,75,75,75,75,75,75,80,80,80,80,80,80,80,87,87,87,87,87,87,87,87,87,87,87,87,87,87,87,87,87,87,87,87,87,87,87,87,87,87,87,87,87,87,87,87,87,87],"card_choices":[{"not_picked":["Clash","Carnage"],"picked":"Cleave","floor":1},{"not_picked":["Headbutt","Burning Pact"],"picked":"Clothesline","floor":2},{"not_picked":["Body Slam","Searing Blow"],"picked":"Sword Boomerang","floor":3},{"not_picked":["True Grit","Barricade"],"picked":"Disarm","floor":4},{"not_picked":["Sentinel","Perfected Strike"],"picked":"Headbutt","floor":5},{"not_picked":["Immolate","Cleave"],"picked":"Heavy Blade","floor":6},{"not_picked":["True Grit","Havoc","Warcry"],"picked":"SKIP","floor":8},{"not_picked":["Thunderclap","Perfected Strike"],"picked":"Seeing Red","floor":10},{"not_picked":["Burning Pact","Reckless Charge"],"picked":"Shrug It Off","floor":12},{"not_picked":["Warcry","Immolate"],"picked":"Twin Strike","floor":14},{"not_picked":["Juggernaut","Brutality"],"picked":"Limit Break","floor":16},{"not_picked":["Clash","Havoc"],"picked":"Anger+1","floor":18},{"not_picked":["True Grit","Corruption","Fiend Fire"],"picked":"SKIP","floor":20},{"not_picked":["Cleave","Metallicize","Iron Wave"],"picked":"SKIP","floor":21},{"not_picked":["Shrug It Off","Searing Blow"],"picked":"Intimidate+1","floor":24},{"not_picked":["Immolate","Clash"],"picked":"Armaments","floor":27},{"not_picked":["Cleave","Feel No Pain","Corruption"],"picked":"SKIP","floor":31},{"not_picked":["Demon Form","Fiend Fire"],"picked":"Reaper","floor":33},{"not_picked":["Blood for Blood","Intimidate","Armaments+1"],"picked":"SKIP","floor":35},{"not_picked":["Iron Wave","Headbutt"],"picked":"Shockwave","floor":36},{"not_picked":["Thunderclap","True Grit+1"],"picked":"Heavy Blade","floor":38},{"not_picked":["Entrench","Sever Soul","Body Slam"],"picked":"SKIP","floor":40},{"not_picked":["Body Slam","Rupture"],"picked":"Armaments+1","floor":44},{"not_picked":["Entrench","Corruption"],"picked":"Dual Wield","floor":45},{"not_picked":["Inflame","Berserk","Entrench"],"picked":"SKIP","floor":48}],"player_experience":464516,"relics_obtained":[{"floor":6,"key":"Blood Vial"},{"floor":9,"key":"Gambling Chip"},{"floor":12,"key":"Art of War"},{"floor":14,"key":"Odd Mushroom"},{"floor":17,"key":"Strawberry"},{"floor":17,"key":"Sundial"},{"floor":17,"key":"Old Coin"},{"floor":22,"key":"Nilry\u0027s Codex"},{"floor":26,"key":"Champion Belt"},{"floor":27,"key":"Gremlin Horn"},{"floor":38,"key":"Dead Branch"},{"floor":40,"key":"FossilizedHelix"},{"floor":43,"key":"Centennial Puzzle"},{"floor":48,"key":"The Courier"}],"event_choices":[{"damage_healed":0,"gold_gain":0,"player_choice":"Fought Mushrooms","damage_taken":0,"max_hp_gain":0,"max_hp_loss":0,"event_name":"Mushrooms","floor":14,"gold_loss":0},{"damage_healed":0,"gold_gain":0,"player_choice":"Obtained Book","damage_taken":21,"max_hp_gain":0,"max_hp_loss":0,"event_name":"Cursed Tome","floor":22,"gold_loss":0},{"damage_healed":0,"gold_gain":0,"player_choice":"Became a vampire (Vial)","damage_taken":0,"max_hp_gain":0,"max_hp_loss":0,"event_name":"Vampires","floor":29,"relics_lost":["Blood Vial"],"gold_loss":0,"cards_obtained":["Bite","Bite","Bite","Bite","Bite"]},{"damage_healed":17,"gold_gain":0,"player_choice":"Writhe","damage_taken":0,"max_hp_gain":0,"max_hp_loss":0,"event_name":"Winding Halls","floor":37,"gold_loss":0,"cards_obtained":["Writhe"]},{"damage_healed":0,"gold_gain":0,"player_choice":"Fight","damage_taken":0,"max_hp_gain":0,"max_hp_loss":0,"event_name":"Mysterious Sphere","floor":38,"gold_loss":0},{"cards_removed":["Defend_R"],"damage_healed":0,"gold_gain":0,"player_choice":"Removed Skill","damage_taken":0,"max_hp_gain":0,"max_hp_loss":0,"event_name":"Falling","floor":39,"gold_loss":0}],"is_beta":false,"boss_relics":[{"not_picked":["Runic Cube","Coffee Dripper"],"picked":"Calling Bell"},{"not_picked":["Fusion Hammer","Eternal Feather"],"picked":"Cursed Key"}],"items_purged_floors":[19,42],"is_endless":false,"potions_floor_spawned":[4,5,6,8,14,16,20,21,38,45],"ascension_level":15}