{"gold_per_floor":[110,35,35,53,76,117,117,132,182,197,160,183,183,208,208,332,332,348,348,348,54,68,68,86,86,86,86,99,137,137,156,156,280,280,293,316,332,332,355,355,394,394,443,443,153,153,176,192,192,192],"floor_reached":51,"playtime":4088,"items_purged":["Normality","Normality"],"score":924,"play_id":"06c20459-c3df-4a8a-abbd-9edfe6152848","local_time":"20180720200723","is_ascension_mode":false,"campfire_choices":[{"data":"Spot Weakness","floor":7,"key":"SMITH"},{"data":"Thunderclap","floor":13,"key":"SMITH"},{"floor":15,"key":"REST"},{"data":"Limit Break","floor":23,"key":"SMITH"},{"data":"Limit Break","floor":25,"key":"SMITH"},{"floor":30,"key":"REST"},{"floor":32,"key":"REST"},{"floor":40,"key":"REST"},{"floor":42,"key":"REST"},{"floor":49,"key":"REST"}],"neow_cost":"CURSE","seed_source_timestamp":160016470085086,"circlet_count":0,"master_deck":["Strike_R","Strike_R","Strike_R","Strike_R","Strike_R","Defend_R","Defend_R","Defend_R","Defend_R","Bash","Spot Weakness+1","Rampage","Battle Trance","Uppercut","Flex","Thunderclap+1","Limit Break+1","Twin Strike","Whirlwind","Limit Break+1","Battle Trance","Offering","Shrug It Off+1","Demon Form","Metallicize+1","Armaments","Clumsy","Iron Wave+1"],"relics":["Burning Blood","Magic Flower","Golden Idol","Mummified Hand","Blood Vial","Cursed Key","Nilry\u0027s Codex","Vajra","Letter Opener","Dream Catcher","Velvet Choker","Orichalcum","Omamori","Unceasing Top","TheAbacus","Happy Flower"],"potions_floor_usage":[29,29,31,33,37,41,44,48,50],"damage_taken":[{"damage":6,"enemies":"Cultist","floor":1,"turns":3},{"damage":14,"enemies":"Jaw Worm","floor":4,"turns":4},{"damage":0,"enemies":"2 Louse","floor":5,"turns":3},{"damage":22,"enemies":"Gremlin Nob","floor":6,"turns":4},{"damage":11,"enemies":"2 Fungi Beasts","floor":8,"turns":4},{"damage":19,"enemies":"3 Louse","floor":10,"turns":3},{"damage":7,"enemies":"Large Slime","floor":12,"turns":5},{"damage":7,"enemies":"Looter","floor":14,"turns":2},{"damage":0,"enemies":"Slime Boss","floor":16,"turns":8},{"damage":21,"enemies":"Shell Parasite","floor":18,"turns":4},{"damage":0,"enemies":"Chosen","floor":22,"turns":3},{"damage":12,"enemies":"Centurion and Healer","floor":24,"turns":4},{"damage":42,"enemies":"Snake Plant","floor":28,"turns":4},{"damage":24,"enemies":"Book of Stabbing","floor":29,"turns":3},{"damage":3,"enemies":"Snecko","floor":31,"turns":3},{"damage":31,"enemies":"Champ","floor":33,"turns":7},{"damage":23,"enemies":"3 Shapes","floor":35,"turns":1},{"damage":40,"enemies":"Flame Bruiser 1 Orb","floor":36,"turns":3},{"damage":5,"enemies":"Maw","floor":37,"turns":4},{"damage":42,"enemies":"Sphere and 2 Shapes","floor":39,"turns":4},{"damage":40,"enemies":"2 Orb Walkers","floor":41,"turns":3},{"damage":11,"floor":44,"turns":5},{"damage":24,"enemies":"Transient","floor":48,"turns":5},{"damage":55,"enemies":"Awakened One","floor":50,"turns":8}],"seed_played":"-1866667882796338219","potions_obtained":[{"floor":4,"key":"LiquidBronze"},{"floor":5,"key":"Ancient Potion"},{"floor":8,"key":"SkillPotion"},{"floor":28,"key":"SpeedPotion"},{"floor":29,"key":"Energy Potion"},{"floor":36,"key":"Dexterity Potion"},{"floor":37,"key":"Weak Potion"},{"floor":39,"key":"Fire Potion"},{"floor":41,"key":"GamblersBrew"},{"floor":44,"key":"Dexterity Potion"}],"is_trial":false,"path_per_floor":["M","$","?","M","M","E","R","M","T","M","?","M","R","M","R","B",null,"M","?","?","$","M","R","M","R","T","$","M","E","R","M","R","B",null,"M","M","M","?","M","R","E","R","T","?","$","?","T","M","R","B"],"character_chosen":"IRONCLAD","items_purchased":["Limit Break","Vajra","TheAbacus"],"campfire_rested":6,"item_purchase_floors":[21,21,45],"current_hp_per_floor":[80,80,60,55,64,51,51,49,49,42,42,47,47,52,76,80,80,68,68,52,52,64,64,64,64,64,64,34,22,46,55,79,58,80,66,38,45,45,15,39,11,35,35,36,36,56,56,44,68,25],"gold":192,"neow_bonus":"ONE_RARE_RELIC","is_prod":false,"is_daily":false,"chose_seed":false,"campfire_upgraded":4,"win_rate":0,"timestamp":1532135243,"path_taken":["M","$","?","M","M","E","R","M","T","M","?","M","R","M","R","BOSS","M","?","?","$","M","R","M","R","T","$","M","E","R","M","R","BOSS","M","M","M","?","M","R","E","R","T","?","$","?","?","M","R","BOSS"],"build_version":"2018-07-19v2","purchased_purges":2,"victory":true,"max_hp_per_floor":[80,80,80,80,80,80,80,80,80,80,80,80,80,80,80,80,80,80,80,80,80,80,80,80,80,80,80,80,80,80,80,80,80,80,80,80,80,80,80,80,80,80,80,80,80,80,80,80,80,80],"card_choices":[{"not_picked":["Searing Blow","Anger"],"picked":"Spot Weakness","floor":1},{"not_picked":["Second Wind","Reckless Charge","Perfected Strike"],"picked":"SKIP","floor":4},{"not_picked":["Wild Strike","Armaments"],"picked":"Rampage","floor":5},{"not_picked":["Anger","Perfected Strike"],"picked":"Battle Trance","floor":6},{"not_picked":["Armaments","Shrug It Off"],"picked":"Uppercut","floor":8},{"not_picked":["Carnage","Rupture"],"picked":"Flex","floor":10},{"not_picked":["Corruption","Searing Blow"],"picked":"Thunderclap","floor":12},{"not_picked":["Rage","Battle Trance","Rupture"],"picked":"SKIP","floor":14},{"not_picked":["Feed","Demon Form"],"picked":"Limit Break","floor":16},{"not_picked":["Thunderclap","Fire Breathing+1"],"picked":"Twin Strike","floor":18},{"not_picked":["Clothesline","Wild Strike","Intimidate"],"picked":"SKIP","floor":22},{"not_picked":["Headbutt","Flame Barrier","Intimidate"],"picked":"SKIP","floor":24},{"not_picked":["Armaments","Intimidate","Carnage"],"picked":"SKIP","floor":28},{"not_picked":["Armaments","Sword Boomerang","Juggernaut"],"picked":"SKIP","floor":29},{"not_picked":["Clash","Body Slam"],"picked":"Battle Trance","floor":31},{"not_picked":["Juggernaut","Dark Embrace"],"picked":"Offering","floor":33},{"not_picked":["Burning Pact","Perfected Strike"],"picked":"Shrug It Off+1","floor":35},{"not_picked":["Bloodletting","Armaments+1"],"picked":"Demon Form","floor":36},{"not_picked":["True Grit+1","Flex","Bloodletting"],"picked":"SKIP","floor":37},{"not_picked":["Armaments+1","Flame Barrier+1","Twin Strike"],"picked":"SKIP","floor":39},{"not_picked":["Thunderclap","Dropkick"],"picked":"Metallicize+1","floor":41},{"not_picked":["Entrench","Sever Soul"],"picked":"Armaments","floor":42},{"not_picked":["Perfected Strike","Anger"],"picked":"Iron Wave+1","floor":48}],"player_experience":52089,"relics_obtained":[{"floor":6,"key":"Mummified Hand"},{"floor":9,"key":"Blood Vial"},{"floor":20,"key":"Nilry\u0027s Codex"},{"floor":26,"key":"Letter Opener"},{"floor":29,"key":"Dream Catcher"},{"floor":41,"key":"Orichalcum"},{"floor":43,"key":"Omamori"},{"floor":44,"key":"Unceasing Top"},{"floor":47,"key":"Happy Flower"}],"event_choices":[{"event_name":"Golden Idol","player_choice":"Take Damage","floor":3,"damage_taken":0},{"event_name":"World of Goop","player_choice":"Left","floor":11,"damage_taken":0},{"event_name":"The Library","player_choice":"Read","floor":19,"damage_taken":0},{"event_name":"Cursed Tome","player_choice":"Obtained Book","floor":20,"damage_taken":0},{"event_name":"Mysterious Sphere","player_choice":"Ignore","floor":38,"damage_taken":0},{"event_name":"MindBloom","player_choice":"Fight","floor":44,"damage_taken":0},{"event_name":"Winding Halls","player_choice":"Writhe","floor":46,"damage_taken":0}],"is_beta":false,"boss_relics":[{"not_picked":["White Beast Statue","Tiny House"],"picked":"Cursed Key"},{"not_picked":["Orrery","Fusion Hammer"],"picked":"Velvet Choker"}],"items_purged_floors":[2,45],"is_endless":false,"potions_floor_spawned":[4,5,8,16,28,29,36,37,39,41,44],"ascension_level":0}