{"gold_per_floor":[365,36,50,50,50,50,91,91,91,135,155,135,135,171,171,264,264,283,2,25,25,25,25,25],"floor_reached":24,"playtime":1192,"items_purged":["Strike_R","Defend_R"],"score":378,"play_id":"8b4a8ab7-5a6b-40b0-9c2e-852cc863acf4","local_time":"20190305214449","is_ascension_mode":true,"campfire_choices":[{"floor":6,"key":"REST"},{"floor":8,"key":"REST"},{"floor":13,"key":"REST"},{"data":"Apotheosis","floor":15,"key":"SMITH"},{"floor":23,"key":"REST"}],"neow_cost":"TEN_PERCENT_HP_LOSS","seed_source_timestamp":0,"circlet_count":0,"master_deck":["AscendersBane","Strike_R+1","Strike_R+1","Strike_R+1","Defend_R+1","Defend_R+1","Defend_R+1","Bash","Thunderclap","Apotheosis+1","Shrug It Off","Spot Weakness","Heavy Blade","Intimidate","Shockwave","Demon Form","Ghostly Armor","Discovery","Pummel"],"special_seed":0,"relics":["Burning Blood","Golden Idol","Pen Nib","StoneCalendar","Blue Candle","Sundial","Eternal Feather"],"potions_floor_usage":[16,16,16,24],"damage_taken":[{"damage":6.0,"enemies":"Cultist","floor":1.0,"turns":4.0},{"damage":10,"enemies":"Jaw Worm","floor":3,"turns":5},{"damage":24,"enemies":"Lagavulin","floor":7,"turns":7},{"damage":24,"enemies":"3 Sentries","floor":10,"turns":7},{"damage":6,"enemies":"2 Louse","floor":11,"turns":3},{"damage":36,"enemies":"Lagavulin","floor":14,"turns":7},{"damage":22,"enemies":"Hexaghost","floor":16,"turns":8},{"damage":32,"enemies":"Chosen","floor":18,"turns":5},{"damage":23,"enemies":"Spheric Guardian","floor":20,"turns":6},{"damage":49,"enemies":"Gremlin Leader","floor":24,"turns":3}],"seed_played":"1005970288098788209","potions_obtained":[{"floor":1.0,"key":"Strength Potion"},{"floor":7,"key":"Weak Potion"},{"floor":11,"key":"LiquidBronze"},{"floor":12,"key":"EntropicBrew"},{"floor":20,"key":"Swift Potion"}],"is_trial":false,"path_per_floor":["M","$","M","?","?","R","E","R","T","E","M","?","R","E","R","B",null,"M","$","M","?","?","R","E"],"character_chosen":"IRONCLAD","items_purchased":["Apotheosis","Shrug It Off","Ghostly Armor","Discovery"],"campfire_rested":4,"item_purchase_floors":[2,2,19,19],"current_hp_per_floor":[68,68,64,57,34,54,36,56,56,38,38,38,58,28,28,12,54,28,28,11,11,11,40,0],"gold":25,"neow_bonus":"TWO_FIFTY_GOLD","is_prod":false,"is_daily":false,"chose_seed":false,"campfire_upgraded":1,"win_rate":0,"timestamp":1551840289,"path_taken":["M","$","M","?","?","R","E","R","T","E","M","?","R","E","R","BOSS","M","$","?","?","?","R","E"],"build_version":"2019-02-06","purchased_purges":2,"victory":false,"max_hp_per_floor":[68,68,68,68,68,68,68,68,68,68,68,68,68,68,68,68,68,68,68,68,68,68,68,68],"card_choices":[{"not_picked":["Headbutt","Havoc"],"picked":"Thunderclap","floor":1.0},{"not_picked":["Headbutt","Twin Strike"],"picked":"Spot Weakness","floor":3},{"not_picked":["Pommel Strike","Twin Strike"],"picked":"Heavy Blade","floor":7},{"not_picked":["Thunderclap","Inflame"],"picked":"Intimidate","floor":10},{"not_picked":["Corruption","Rampage","Power Through"],"picked":"SKIP","floor":11},{"not_picked":["Clothesline","Entrench"],"picked":"Shockwave","floor":14},{"not_picked":["Feed","Brutality"],"picked":"Demon Form","floor":16},{"not_picked":["Thunderclap","Body Slam","Shockwave"],"picked":"SKIP","floor":18},{"not_picked":["Warcry","Headbutt+1"],"picked":"Pummel","floor":20}],"player_experience":624602,"relics_obtained":[{"floor":7,"key":"Pen Nib"},{"floor":9,"key":"StoneCalendar"},{"floor":10,"key":"Blue Candle"},{"floor":14,"key":"Sundial"}],"event_choices":[{"cards_removed":["Strike_R"],"damage_healed":0,"gold_gain":0,"player_choice":"Card Removal","damage_taken":7,"max_hp_gain":0,"max_hp_loss":0,"event_name":"Golden Wing","floor":4,"gold_loss":0},{"damage_healed":0,"gold_gain":0,"player_choice":"Take Damage","damage_taken":23,"relics_obtained":["Golden Idol"],"max_hp_gain":0,"max_hp_loss":0,"event_name":"Golden Idol","floor":5,"gold_loss":0},{"damage_healed":0,"gold_gain":0,"player_choice":"Bought 1 Potion","damage_taken":0,"max_hp_gain":0,"max_hp_loss":0,"event_name":"The Woman in Blue","floor":12,"gold_loss":0},{"damage_healed":0,"gold_gain":0,"player_choice":"Ignored","damage_taken":0,"max_hp_gain":0,"max_hp_loss":0,"event_name":"Ghosts","floor":21,"gold_loss":0},{"damage_healed":0,"gold_gain":0,"player_choice":"Simplicity","damage_taken":0,"max_hp_gain":0,"max_hp_loss":0,"event_name":"Back to Basics","floor":22,"gold_loss":0,"cards_upgraded":["Strike_R","Strike_R","Strike_R","Defend_R","Defend_R","Defend_R"]}],"is_beta":true,"boss_relics":[{"not_picked":["Tiny House","Mark of Pain"],"picked":"Eternal Feather"}],"items_purged_floors":[2,19],"is_endless":false,"potions_floor_spawned":[1,7,11,14,20],"killed_by":"Gremlin Leader","ascension_level":16}