{"gold_per_floor":[118,118,118,118,128,163,163,173,196,525,360,360,380,393,393,471,471,481,496,151,201,201,201,234,250,273,298,309,309,323,342,342,418,418,432,61,61,61,74,101,101,101,101,136,154,183,199,219,219,219],"floor_reached":51,"playtime":3801,"items_purged":["Conserve Battery","Hologram","White Noise+1"],"score":1690,"play_id":"a76c74cd-f970-4da7-9856-5ca5e556c793","local_time":"20181004115528","daily_mods":["SealedDeck","Heirloom"],"is_ascension_mode":true,"campfire_choices":[{"data":"Beam Cell","floor":7.0,"key":"SMITH"},{"data":"Madness","floor":12.0,"key":"SMITH"},{"data":"White Noise","floor":15.0,"key":"SMITH"},{"data":"Scrape","floor":23.0,"key":"SMITH"},{"data":"Reboot","floor":32.0,"key":"SMITH"},{"floor":41.0,"key":"REST"},{"data":"Panache","floor":49,"key":"SMITH"}],"neow_cost":"","seed_source_timestamp":0,"circlet_count":0,"master_deck":["AscendersBane","Leap","Steam","Go for the Eyes","Beam Cell+1","Scrape+1","Gash","FTL+1","Gash","Gash+1","Madness+1","Reboot+1","FTL","FTL","Beam Cell+1","Panache+1","Gash+1"],"special_seed":0,"relics":["Unceasing Top","Ginger","PreservedInsect","Calipers","Anchor","Old Coin","Eternal Feather","Sundial","Whetstone","Oddly Smooth Stone","Cables","Bottled Flame","Dodecahedron","Darkstone Periapt","Bag of Marbles","WingedGreaves"],"potions_floor_usage":[50],"damage_taken":[{"damage":0.0,"enemies":"Small Slimes","floor":1.0,"turns":2.0},{"damage":0.0,"enemies":"Jaw Worm","floor":5.0,"turns":2.0},{"damage":6.0,"enemies":"Lagavulin","floor":6.0,"turns":3.0},{"damage":0.0,"enemies":"Cultist","floor":8.0,"turns":2.0},{"damage":0.0,"enemies":"Gremlin Nob","floor":10.0,"turns":2.0},{"damage":0.0,"enemies":"Exordium Thugs","floor":13.0,"turns":2.0},{"damage":0.0,"enemies":"Red Slaver","floor":14.0,"turns":2.0},{"damage":0.0,"enemies":"Slime Boss","floor":16.0,"turns":2.0},{"damage":0.0,"enemies":"Shell Parasite","floor":18.0,"turns":2.0},{"damage":0.0,"enemies":"Spheric Guardian","floor":19.0,"turns":2.0},{"damage":0.0,"enemies":"Slavers","floor":24.0,"turns":1.0},{"damage":0.0,"enemies":"Snecko","floor":25.0,"turns":3.0},{"damage":0.0,"enemies":"Book of Stabbing","floor":27.0,"turns":2.0},{"damage":0.0,"enemies":"Shelled Parasite and Fungi","floor":28.0,"turns":2.0},{"damage":0.0,"enemies":"Centurion and Healer","floor":30.0,"turns":2.0},{"damage":0.0,"enemies":"Sentry and Sphere","floor":31.0,"turns":2.0},{"damage":3.0,"enemies":"Collector","floor":33.0,"turns":3.0},{"damage":0.0,"enemies":"3 Darklings","floor":35.0,"turns":2.0},{"damage":0.0,"enemies":"Orb Walker","floor":39.0,"turns":1.0},{"damage":5.0,"enemies":"2 Orb Walkers","floor":40.0,"turns":3.0},{"damage":0,"enemies":"Nemesis","floor":44,"turns":1},{"damage":0,"enemies":"Transient","floor":45,"turns":2},{"damage":0,"enemies":"Giant Head","floor":46,"turns":2},{"damage":0,"enemies":"Reptomancer","floor":47,"turns":2},{"damage":0,"enemies":"Spire Growth","floor":48,"turns":2},{"damage":42,"enemies":"Time Eater","floor":50,"turns":5}],"seed_played":"3679799211536194143","potions_obtained":[{"floor":6.0,"key":"LiquidBronze"},{"floor":10.0,"key":"LiquidBronze"},{"floor":13.0,"key":"Swift Potion"}],"is_trial":true,"path_per_floor":["M","$","?","?","M","E","R","M","T","E","$","R","M","M","R","B",null,"M","M","$","?","?","R","E","M","T","E","M","?","M","M","R","B",null,"M","$","?","?","M","E","R","?","T","E","M","E","M","M","R","B"],"character_chosen":"DEFECT","items_purchased":["Madness","Sundial","Bottled Flame"],"campfire_rested":1,"item_purchase_floors":[11,20,36],"current_hp_per_floor":[64,64,59,71,71,65,65,65,65,65,65,65,65,71,71,71,71,71,71,71,71,71,71,71,71,71,71,71,51,51,51,60,57,71,71,71,71,71,71,66,76,76,76,76,76,76,76,76,76,34],"gold":219,"neow_bonus":"","is_prod":false,"is_daily":false,"chose_seed":false,"campfire_upgraded":6,"win_rate":0,"timestamp":1538672128,"path_taken":["M","$","?","?","M","E","R","?","T","E","$","R","M","M","R","BOSS","M","?","$","?","?","R","E","M","T","E","M","?","M","M","R","BOSS","M","$","?","?","M","E","R","?","T","E","?","E","M","M","R","BOSS"],"build_version":"2018-09-27","purchased_purges":3,"victory":true,"max_hp_per_floor":[71,71,71,71,71,71,71,71,71,71,71,71,71,71,71,71,71,71,71,71,71,71,71,71,71,71,71,71,76,76,76,76,76,76,76,76,76,76,76,76,76,76,76,76,76,76,76,76,76,76],"card_choices":[{"not_picked":["Ball Lightning","Compile Driver"],"picked":"Gash","floor":1.0},{"not_picked":["Cold Snap","Turbo","Leap"],"picked":"SKIP","floor":5.0},{"not_picked":["Rip and Tear","Biased Cognition","Turbo"],"picked":"SKIP","floor":6.0},{"not_picked":["Compile Driver","Chaos"],"picked":"Gash","floor":8.0},{"not_picked":["Stack","Turbo","Redo"],"picked":"SKIP","floor":10.0},{"not_picked":["Loop","Hologram","Coolheaded"],"picked":"SKIP","floor":13.0},{"not_picked":["Leap","Self Repair","Steam Power"],"picked":"SKIP","floor":14.0},{"not_picked":["Echo Form","Core Surge"],"picked":"Reboot","floor":16.0},{"not_picked":["Go for the Eyes","Rip and Tear","Cold Snap"],"picked":"SKIP","floor":18.0},{"not_picked":["Go for the Eyes","Cold Snap","Skim"],"picked":"SKIP","floor":19.0},{"not_picked":["Hyperbeam","White Noise","Capacitor"],"picked":"SKIP","floor":24.0},{"not_picked":["Coolheaded","Leap+1","Sunder+1"],"picked":"SKIP","floor":25.0},{"not_picked":["Go for the Eyes","Streamline","Steam"],"picked":"SKIP","floor":27.0},{"not_picked":["Consume","Beam Cell","Reinforced Body"],"picked":"SKIP","floor":28.0},{"not_picked":["Stack","Sweeping Beam"],"picked":"FTL","floor":30.0},{"not_picked":["Storm","Steam Power"],"picked":"Beam Cell+1","floor":31.0},{"not_picked":["Barrage","Cold Snap","Steam"],"picked":"SKIP","floor":35.0},{"not_picked":["Loop+1","Leap+1","Steam+1"],"picked":"SKIP","floor":39.0},{"not_picked":["Sweeping Beam","Steam","Blizzard"],"picked":"SKIP","floor":40.0},{"not_picked":["Swift Strike","Flash of Steel"],"picked":"Panache","floor":42.0},{"not_picked":["Go for the Eyes","Defragment","Machine Learning"],"picked":"SKIP","floor":44},{"not_picked":["Barrage+1","Beam Cell"],"picked":"Gash+1","floor":45},{"not_picked":["Darkness","Melter+1","Reinforced Body"],"picked":"SKIP","floor":46},{"not_picked":["Go for the Eyes+1","Cold Snap","Chaos"],"picked":"SKIP","floor":47},{"not_picked":["Turbo","Reinforced Body","Meteor Strike"],"picked":"SKIP","floor":48}],"player_experience":86032,"relics_obtained":[{"floor":6.0,"key":"Calipers"},{"floor":9.0,"key":"Anchor"},{"floor":10.0,"key":"Old Coin"},{"floor":24.0,"key":"Whetstone"},{"floor":26.0,"key":"Oddly Smooth Stone"},{"floor":27.0,"key":"Cables"},{"floor":40.0,"key":"Dodecahedron"},{"floor":43.0,"key":"Darkstone Periapt"},{"floor":44,"key":"Bag of Marbles"},{"floor":46,"key":"WingedGreaves"}],"event_choices":[{"event_name":"Scrap Ooze","player_choice":"success","floor":3.0,"damage_taken":5.0},{"event_name":"Wheel of Change","player_choice":"Full Heal","floor":4.0,"damage_taken":0.0},{"event_name":"Golden Shrine","player_choice":"Pray","floor":21.0,"damage_taken":0.0},{"event_name":"Match and Keep!","player_choice":"1 cards matched","floor":22.0,"damage_taken":0.0},{"event_name":"Forgotten Altar","player_choice":"Shed Blood","floor":29.0,"damage_taken":0.0},{"event_name":"Purifier","player_choice":"Skipped","floor":37.0,"damage_taken":0.0},{"event_name":"SecretPortal","player_choice":"Rejected Portal.","floor":38.0,"damage_taken":0.0},{"event_name":"SensoryStone","player_choice":"Memory 1","floor":42.0,"damage_taken":0.0}],"is_beta":false,"boss_relics":[{"not_picked":["Fusion Hammer","Runic Pyramid"],"picked":"Eternal Feather"},{"not_picked":["White Beast Statue","Coffee Dripper","Snecko Eye"]}],"items_purged_floors":[11,20,36],"is_endless":false,"potions_floor_spawned":[6,10,13,14,19,24,27,33,35,39,48],"ascension_level":15}