{"gold_per_floor":[113,113,113,123,141,166,166,183,183,209,209,220,220,235,235,235],"floor_reached":16,"playtime":638,"items_purged":[],"score":179,"play_id":"2e36465d-3041-4232-b901-737971a08169","local_time":"20190218214813","is_ascension_mode":true,"campfire_choices":[{"floor":7,"key":"REST"},{"floor":13,"key":"REST"},{"floor":15,"key":"REST"}],"neow_cost":"NONE","seed_source_timestamp":480683585429267,"circlet_count":0,"master_deck":["AscendersBane","Strike_R","Strike_R","Strike_R","Strike_R+1","Strike_R","Defend_R","Defend_R","Defend_R","Defend_R","Bash+1","Armaments+1","Entrench","Armaments","Headbutt","Feed"],"relics":["Burning Blood","Anchor","Potion Belt","Darkstone Periapt","Ornamental Fan"],"potions_floor_usage":[6,10,16],"damage_taken":[{"damage":9,"enemies":"Cultist","floor":1,"turns":5},{"damage":0,"enemies":"2 Louse","floor":4,"turns":4},{"damage":0,"enemies":"Jaw Worm","floor":5,"turns":4},{"damage":16,"enemies":"Gremlin Nob","floor":6,"turns":3},{"damage":20,"enemies":"Exordium Wildlife","floor":8,"turns":8},{"damage":48,"enemies":"Lagavulin","floor":10,"turns":7},{"damage":2,"enemies":"Lots of Slimes","floor":12,"turns":5},{"damage":12,"enemies":"Exordium Thugs","floor":14,"turns":5},{"damage":80,"enemies":"The Guardian","floor":16,"turns":12}],"seed_played":"-5513696917919912572","potions_obtained":[{"floor":4,"key":"SteroidPotion"},{"floor":5,"key":"LiquidBronze"},{"floor":8,"key":"Energy Potion"},{"floor":10,"key":"Swift Potion"}],"is_trial":false,"path_per_floor":["M","?","?","M","M","E","R","M","T","E","T","M","R","M","R","B"],"character_chosen":"IRONCLAD","items_purchased":[],"campfire_rested":3,"item_purchase_floors":[],"current_hp_per_floor":[69,53,53,59,65,55,79,65,65,23,23,30,54,52,78,0],"gold":235,"neow_bonus":"RANDOM_COMMON_RELIC","is_prod":false,"is_daily":false,"chose_seed":false,"campfire_upgraded":0,"win_rate":0,"timestamp":1550562493,"path_taken":["M","?","?","M","M","E","R","M","T","E","?","?","R","M","R","BOSS"],"build_version":"2019-01-23","purchased_purges":0,"victory":false,"max_hp_per_floor":[80,80,80,80,80,80,80,80,80,80,80,83,83,87,87,87],"card_choices":[{"not_picked":["Wild Strike","Perfected Strike"],"picked":"Armaments","floor":1},{"not_picked":["Dual Wield","Anger"],"picked":"Entrench","floor":4},{"not_picked":["Metallicize","Clothesline","Iron Wave"],"picked":"SKIP","floor":5},{"not_picked":["Metallicize","Clothesline","Iron Wave"],"picked":"SKIP","floor":5},{"not_picked":["Hemokinesis","Metallicize"],"picked":"Armaments","floor":6},{"not_picked":["Pommel Strike","Body Slam"],"picked":"Headbutt","floor":8},{"not_picked":["Twin Strike","Anger"],"picked":"Feed","floor":10},{"not_picked":["Second Wind","Power Through","Havoc"],"picked":"SKIP","floor":12},{"not_picked":["Sword Boomerang","Headbutt","Disarm"],"picked":"SKIP","floor":14}],"player_experience":444651,"relics_obtained":[{"floor":6,"key":"Potion Belt"},{"floor":10,"key":"Darkstone Periapt"},{"floor":11,"key":"Ornamental Fan"}],"event_choices":[{"damage_healed":0,"gold_gain":0,"player_choice":"Entered Light","damage_taken":16,"max_hp_gain":0,"max_hp_loss":0,"event_name":"Shining Light","floor":2,"gold_loss":0,"cards_upgraded":["Bash","Strike_R"]},{"damage_healed":0,"gold_gain":0,"player_choice":"Grow","damage_taken":0,"max_hp_gain":0,"max_hp_loss":0,"event_name":"Living Wall","floor":3,"gold_loss":0,"cards_upgraded":["Armaments"]}],"is_beta":false,"boss_relics":[],"items_purged_floors":[],"is_endless":false,"potions_floor_spawned":[4,5,8,10],"killed_by":"The Guardian","ascension_level":12}