{"gold_per_floor":[110,124,135,154,174,174,190,190,190,225,17,35,50,0,0,103,103,103,103,28,28],"floor_reached":21,"playtime":1056,"items_purged":[],"score":353,"play_id":"cb48eb88-ddd7-4f54-a5b6-7c28fed97aa4","local_time":"20181119144807","is_ascension_mode":true,"campfire_choices":[{"data":"Die Die Die","floor":6,"key":"SMITH"},{"floor":8,"key":"REST"},{"data":"Noxious Fumes","floor":15,"key":"SMITH"}],"neow_cost":"NONE","seed_source_timestamp":3691656771751,"circlet_count":0,"master_deck":["AscendersBane","Defend_G+1","Defend_G+1","Defend_G+1","Defend_G+1","Defend_G+1","Strike_G+1","Strike_G+1","Strike_G+1","Strike_G+1","Survivor","Neutralize","Die Die Die+1","PiercingWail","Footwork","Footwork","Backstab","Venomology","Noxious Fumes+1","Deflect","Bane","Doppelganger","Acrobatics","Noxious Fumes+1"],"relics":["Ring of the Snake","Dodecahedron","Pantograph","TwistedFunnel","Ectoplasm"],"potions_floor_usage":[4,13,16,16,18,20,21,21,21,21],"damage_taken":[{"damage":0,"enemies":"Jaw Worm","floor":1,"turns":3},{"damage":0,"enemies":"Small Slimes","floor":2,"turns":4},{"damage":2,"enemies":"2 Louse","floor":3,"turns":2},{"damage":9,"enemies":"Large Slime","floor":4,"turns":9},{"damage":0,"enemies":"Exordium Wildlife","floor":5,"turns":3},{"damage":9,"enemies":"Blue Slaver","floor":7,"turns":4},{"damage":20,"enemies":"3 Sentries","floor":10,"turns":9},{"damage":0,"enemies":"Large Slime","floor":12,"turns":6},{"damage":0,"enemies":"2 Fungi Beasts","floor":13,"turns":1},{"damage":0,"enemies":"The Guardian","floor":16,"turns":13},{"damage":14,"enemies":"Spheric Guardian","floor":18,"turns":7},{"damage":10,"enemies":"2 Thieves","floor":20,"turns":5},{"damage":10,"enemies":"Colosseum Slavers","floor":21,"turns":5},{"damage":37,"enemies":"Colosseum Nobs","floor":21,"turns":4}],"seed_played":"-7110584572662055310","potions_obtained":[{"floor":2,"key":"Block Potion"},{"floor":10,"key":"SteroidPotion"},{"floor":12,"key":"PowerPotion"},{"floor":16,"key":"LiquidBronze"}],"is_trial":false,"path_per_floor":["M","M","M","M","M","R","M","R","T","E","$","M","M","?","R","B",null,"M","?","M","?"],"character_chosen":"THE_SILENT","items_purchased":["TwistedFunnel"],"campfire_rested":1,"item_purchase_floors":[11],"current_hp_per_floor":[63,63,61,52,52,52,43,64,64,44,44,44,44,44,44,69,70,56,56,46,0],"gold":28,"neow_bonus":"ONE_RANDOM_RARE_CARD","is_prod":false,"is_daily":false,"chose_seed":false,"campfire_upgraded":2,"win_rate":0,"timestamp":1542646087,"path_taken":["M","M","M","M","M","R","M","R","T","E","$","M","M","?","R","BOSS","M","?","M","?"],"build_version":"2018-11-15","purchased_purges":0,"victory":false,"max_hp_per_floor":[70,70,70,70,70,70,70,70,70,70,70,70,70,70,70,70,70,70,70,70,70],"card_choices":[{"not_picked":["Dodge and Roll","Prepared"],"picked":"PiercingWail","floor":1},{"not_picked":["Poisoned Stab","Dagger Throw"],"picked":"Footwork","floor":2},{"not_picked":["Acrobatics","Blade Dance","PiercingWail"],"picked":"SKIP","floor":3},{"not_picked":["Outmaneuver","Backflip"],"picked":"Footwork","floor":4},{"not_picked":["Bane","Flechettes"],"picked":"Backstab","floor":5},{"not_picked":["Choke","Eviscerate"],"picked":"Venomology","floor":7},{"not_picked":["Slice","Dagger Throw"],"picked":"Noxious Fumes","floor":10},{"not_picked":["Blade Dance","Slice"],"picked":"Deflect","floor":12},{"not_picked":["PiercingWail","Dodge and Roll"],"picked":"Bane","floor":13},{"not_picked":["Bullet Time","Phantasmal Killer"],"picked":"Doppelganger","floor":16},{"not_picked":["Slice","PiercingWail"],"picked":"Acrobatics","floor":18},{"not_picked":["Heel Hook","Dagger Spray+1"],"picked":"Noxious Fumes+1","floor":20}],"player_experience":607914,"relics_obtained":[{"floor":9,"key":"Dodecahedron"},{"floor":10,"key":"Pantograph"}],"event_choices":[{"cards_removed":["Strike_G"],"damage_healed":0,"gold_gain":0,"player_choice":"Card Removal","damage_taken":0,"max_hp_gain":0,"max_hp_loss":0,"event_name":"The Cleric","floor":14,"gold_loss":50},{"damage_healed":0,"gold_gain":0,"player_choice":"Simplicity","damage_taken":0,"max_hp_gain":0,"max_hp_loss":0,"event_name":"Back to Basics","floor":19,"gold_loss":0,"cards_upgraded":["Defend_G","Defend_G","Defend_G","Defend_G","Defend_G","Strike_G","Strike_G","Strike_G","Strike_G"]},{"damage_healed":0,"gold_gain":0,"player_choice":"Fight","damage_taken":0,"max_hp_gain":0,"max_hp_loss":0,"event_name":"Colosseum","floor":21,"gold_loss":0},{"damage_healed":0,"gold_gain":0,"player_choice":"Fought Nobs","damage_taken":0,"max_hp_gain":0,"max_hp_loss":0,"event_name":"Colosseum","floor":21,"gold_loss":0}],"is_beta":false,"boss_relics":[{"not_picked":["Sozu","Coffee Dripper"],"picked":"Ectoplasm"}],"items_purged_floors":[],"is_endless":false,"potions_floor_spawned":[2,10,12,13,16],"killed_by":"Colosseum Nobs","ascension_level":10}