{"gold_per_floor":[115,132,179,193,213,244,244,273,273,283,358,358,358,1,1,100,100,114,114,128,128,128,176,176,259,282,324,324,337,0,0,0,177,177,191,211,211,19,0,0,302,302,350,17,63,0,60,99,169,257,257,257,14,48,48],"floor_reached":55,"playtime":3452,"items_purged":["Strike_MRS","Amnesia"],"score":825,"play_id":"9a527fc2-0948-4588-aab6-c7ffeb6b743a","local_time":"20190109023126","is_ascension_mode":true,"campfire_choices":[{"data":"Singularity","floor":7,"key":"SMITH"},{"floor":15,"key":"REST"},{"data":"DeepEcoloBomb","floor":24,"key":"SMITH"},{"floor":32,"key":"REST"},{"data":"OortCloud","floor":40,"key":"SMITH"},{"floor":42,"key":"RECALL"},{"data":"EnergyFlow","floor":52,"key":"SMITH"}],"neow_cost":"NONE","seed_source_timestamp":38309200682709,"circlet_count":0,"master_deck":["Strike_MRS","Defend_MRS","Defend_MRS","Defend_MRS","Defend_MRS","MasterSpark","UpSweep","Parasite","Parasite","PowerUp","Singularity+1","ShootTheMoon","DeepEcoloBomb+1","6A","Replay:Sssssssssstrike","OortCloud+1","GalacticHalo","GalacticHalo","Blind","FinalSpark+1","MoraleDepletion+1","Robbery+1","RitualDagger","MagicAbsorber+1","PulseMagic+1","DoubleSpark+1","OortCloud+1","SporeBomb","Impatience","J.A.X.","FinalSpark+1","Clumsy","DeepEcoloBomb+1","EnergyRecoil+1","6A+1","EnergyFlow+1","EarthLightRay+1","PowerUp","Orbital+1"],"relics":["MiniHakkero","ShroomBag","Juzu Bracelet","Baseball","ReplayTheSpireMod:TigerMarble","Replay:Ringing Soul","BargainBundle","Lantern","Philosopher\u0027s Stone","Simple Rune","Art of War","Enchiridion","Sling","Kintsugi","SimpleLauncher","Red Mask","Omamori","Guide Book","Replay:WaspNest","Mummified Hand","Blue Doll"],"potions_floor_usage":[8,8,16,23,25,33,33,55],"damage_taken":[{"damage":1,"enemies":"Cultist","floor":1,"turns":4},{"damage":2,"enemies":"Small Slimes","floor":2,"turns":3},{"damage":3,"enemies":"Jaw Worm","floor":4,"turns":4},{"damage":16,"enemies":"3 Louse","floor":5,"turns":4},{"damage":20,"enemies":"Lagavulin","floor":6,"turns":7},{"damage":5,"enemies":"3 Sentries","floor":8,"turns":8},{"damage":10,"enemies":"Large Slime","floor":10,"turns":4},{"damage":10,"enemies":"Hexaghost","floor":16,"turns":10},{"damage":3,"enemies":"3 Byrds","floor":18,"turns":6},{"damage":0,"enemies":"Chosen","floor":20,"turns":4},{"damage":4,"enemies":"Replay:Snechameleon","floor":23,"turns":4},{"damage":42,"enemies":"Slavers","floor":25,"turns":7},{"damage":0,"enemies":"3 Cultists","floor":27,"turns":5},{"damage":3,"enemies":"Centurion and Healer","floor":29,"turns":5},{"damage":49,"enemies":"Collector","floor":33,"turns":10},{"damage":15,"enemies":"3 Darklings","floor":35,"turns":5},{"damage":5,"enemies":"3 Shapes","floor":36,"turns":3},{"damage":0,"enemies":"Writhing Mass","floor":41,"turns":4},{"damage":32,"enemies":"Transient","floor":45,"turns":5},{"damage":6,"enemies":"3 Darklings","floor":47,"turns":3},{"damage":13,"enemies":"Spire Growth","floor":48,"turns":4},{"damage":46,"enemies":"Awakened One","floor":50,"turns":11},{"damage":71,"enemies":"Shield and Spear","floor":54,"turns":4},{"damage":79,"enemies":"The Heart","floor":55,"turns":3}],"seed_played":"-6198448079891632482","potions_obtained":[{"floor":2,"key":"EssenceOfSteel"},{"floor":5,"key":"Dexterity Potion"},{"floor":6,"key":"Block Potion"},{"floor":10,"key":"Swift Potion"},{"floor":18,"key":"Poison Potion"},{"floor":23,"key":"Weak Potion"},{"floor":25,"key":"AttackPotion"},{"floor":27,"key":"Strength Potion"},{"floor":41,"key":"Ancient Potion"},{"floor":47,"key":"SteroidPotion"}],"is_trial":false,"path_per_floor":["M","M","T","M","M","E","R","E","T","M","?","?","?","$","R","B",null,"M","?","M","?","?","E","R","E","T","M","?","M","$","?","R","B",null,"M","M","?","$","?","R","M","R","T","$","M","?","M","M","R","B",null,"R","$","E","B"],"character_chosen":"MARISA","items_purchased":["BargainBundle","OortCloud","GalacticHalo","ChargingUp","Blind","SteroidPotion","Lantern","Sling","SporeBomb","Impatience","SimpleLauncher","Guide Book","EnergyFlow","Mummified Hand"],"campfire_rested":2,"item_purchase_floors":[14,14,14,14,14,14,14,30,30,30,38,44,44,53],"current_hp_per_floor":[75,75,75,75,65,51,51,52,52,48,37,37,40,43,68,67,87,90,90,93,93,90,95,95,62,62,71,55,61,64,67,101,65,120,114,116,116,116,116,116,119,119,119,122,96,96,96,89,89,55,132,132,132,64,0],"gold":48,"neow_bonus":"RANDOM_COMMON_RELIC","is_prod":false,"is_daily":false,"chose_seed":false,"campfire_upgraded":4,"win_rate":0,"timestamp":1547008286,"path_taken":["M","M","?","M","M","E","R","E","T","M","?","?","?","?","R","BOSS","M","?","M","?","?","E","R","E","T","M","?","M","$","?","R","BOSS","M","M","?","$","?","R","M","R","T","$","M","?","M","M","R","BOSS","R","$","E","BOSS"],"build_version":"2019-01-03v4","purchased_purges":2,"victory":false,"max_hp_per_floor":[75,75,75,75,75,75,75,75,75,78,78,78,81,84,84,87,87,90,90,93,93,96,99,99,102,102,105,105,108,111,114,114,117,120,123,126,120,120,120,120,123,123,123,126,126,126,129,132,132,132,132,132,132,135,135],"card_choices":[{"not_picked":["MysteriousBeam","AsteroidBelt"],"picked":"PowerUp","floor":1},{"not_picked":["6A","WitchOfGreed"],"picked":"Singularity","floor":2},{"not_picked":["DragonMeteor","ManaConvection","Occultation"],"picked":"SKIP","floor":4},{"not_picked":["DarkSpark","ChargingUp"],"picked":"DragonMeteor","floor":5},{"not_picked":["GalacticHalo","StarDustReverie"],"picked":"ShootTheMoon","floor":6},{"not_picked":["AsteroidBelt","LuminesStrike"],"picked":"DeepEcoloBomb","floor":8},{"not_picked":["RefractionSpark","SporeBomb"],"picked":"6A","floor":10},{"not_picked":["StarDustReverie","UltimateShortwave"],"picked":"FinalSpark","floor":16},{"not_picked":["AsteroidBelt","DeepEcoloBomb+1"],"picked":"MoraleDepletion+1","floor":18},{"not_picked":["ShootingEcho","ManaConvection+1"],"picked":"Robbery+1","floor":20},{"not_picked":["D6C+1","IllusionStar"],"picked":"MagicAbsorber+1","floor":23},{"not_picked":["MillisecondPulsars","UnstableBomb+1"],"picked":"PulseMagic+1","floor":25},{"not_picked":["ManaConvection","NonDirectionalLaser+1"],"picked":"DoubleSpark+1","floor":27},{"not_picked":["DoubleSpark","GrandCross"],"picked":"OortCloud+1","floor":29},{"not_picked":["MaximisePower","AbsoluteMagnitude"],"picked":"FinalSpark","floor":33},{"not_picked":["WitchOfGreed+1","Orbital+1"],"picked":"DeepEcoloBomb+1","floor":35},{"not_picked":["ManaConvection","GrandCross+1"],"picked":"EnergyRecoil+1","floor":36},{"not_picked":["EventHorizon","D6C"],"picked":"6A+1","floor":41},{"not_picked":["NonDirectionalLaser","LuminesStrike+1","Orbital"],"picked":"SKIP","floor":45},{"not_picked":["ManaRampage","MagicAbsorber"],"picked":"EarthLightRay+1","floor":47},{"not_picked":["GravityBeat+1","SporeBomb"],"picked":"PowerUp","floor":48},{"not_picked":["ShootTheMoon","GrandCross+1"],"picked":"Orbital+1","floor":54}],"player_experience":724660,"relics_obtained":[{"floor":3,"key":"Juzu Bracelet"},{"floor":6,"key":"Baseball"},{"floor":8,"key":"ReplayTheSpireMod:TigerMarble"},{"floor":9,"key":"Replay:Ringing Soul"},{"floor":23,"key":"Simple Rune"},{"floor":25,"key":"Art of War"},{"floor":28,"key":"Enchiridion"},{"floor":43,"key":"Omamori"},{"floor":54,"key":"Blue Doll"}],"event_choices":[{"damage_healed":0,"gold_gain":75,"player_choice":"Gather Gold","damage_taken":11,"max_hp_gain":0,"max_hp_loss":0,"event_name":"World of Goop","floor":11,"gold_loss":0},{"damage_healed":0,"gold_gain":0,"player_choice":"Ignored","damage_taken":0,"max_hp_gain":0,"max_hp_loss":0,"event_name":"Fountain of Cleansing","floor":12,"gold_loss":0},{"damage_healed":0,"gold_gain":0,"player_choice":"2 cards matched","damage_taken":0,"max_hp_gain":0,"max_hp_loss":0,"event_name":"Match and Keep!","floor":13,"gold_loss":0,"cards_obtained":["D6C","Replay:Sssssssssstrike"]},{"damage_healed":0,"gold_gain":0,"player_choice":"Simplicity","damage_taken":0,"max_hp_gain":0,"max_hp_loss":0,"event_name":"Back to Basics","floor":19,"gold_loss":0,"cards_upgraded":[]},{"damage_healed":0,"gold_gain":0,"player_choice":"Ignored","damage_taken":0,"max_hp_gain":0,"max_hp_loss":0,"event_name":"Ghosts","floor":21,"gold_loss":0},{"damage_healed":0,"gold_gain":0,"player_choice":"Joined the Cult","damage_taken":6,"max_hp_gain":0,"max_hp_loss":0,"event_name":"Nest","floor":22,"gold_loss":0,"cards_obtained":["RitualDagger"]},{"damage_healed":0,"gold_gain":0,"player_choice":"Obtained Book","damage_taken":16,"max_hp_gain":0,"max_hp_loss":0,"event_name":"Cursed Tome","floor":28,"gold_loss":0},{"damage_healed":0,"gold_gain":0,"player_choice":"Obtain J.A.X.","damage_taken":0,"max_hp_gain":0,"max_hp_loss":0,"event_name":"Drug Dealer","floor":31,"gold_loss":0,"cards_obtained":["J.A.X."]},{"damage_healed":0,"gold_gain":0,"player_choice":"Max HP","damage_taken":0,"max_hp_gain":0,"max_hp_loss":6,"event_name":"Winding Halls","floor":37,"gold_loss":0},{"damage_healed":0,"gold_gain":0,"player_choice":"Paid","damage_taken":0,"relics_obtained":["Red Mask"],"max_hp_gain":0,"max_hp_loss":0,"event_name":"Tomb of Lord Red Mask","floor":39,"gold_loss":19},{"damage_healed":0,"gold_gain":0,"player_choice":"Paid Gold","damage_taken":0,"relics_obtained":["Replay:WaspNest"],"max_hp_gain":0,"max_hp_loss":0,"event_name":"WeMeetAgain","floor":46,"gold_loss":63}],"is_beta":false,"boss_relics":[{"not_picked":["Calling Bell","Ring of Chaos"],"picked":"Philosopher\u0027s Stone"},{"not_picked":["Lizard Tail","Replay:Drink Me"],"picked":"Kintsugi"}],"items_purged_floors":[14,44],"is_endless":false,"potions_floor_spawned":[2,5,6,10,18,23,25,27,41,47],"killed_by":"The Heart","ascension_level":1}