{"gold_per_floor":[111,111,2,20,95,123,141,154,154,181,197,197,207,207,207,303,303,319,331,347,347,11,11,11,28,28,28],"floor_reached":27,"playtime":1411,"items_purged":["Defend_G","Acrobatics"],"score":400,"play_id":"50b73ba7-9054-4950-bbce-36c222bbbfe2","local_time":"20181208003223","is_ascension_mode":true,"campfire_choices":[{"floor":12,"key":"REST"},{"data":"Noxious Fumes","floor":15,"key":"SMITH"},{"data":"Bane","floor":24,"key":"SMITH"}],"neow_cost":"NONE","seed_source_timestamp":0,"circlet_count":0,"master_deck":["AscendersBane","Defend_G","Defend_G","Defend_G","Defend_G","Survivor","Neutralize","Sucker Punch+1","Heel Hook","Heel Hook+1","Noxious Fumes+1","Sucker Punch","Adrenaline","Bane+1","Flying Knee","Violence","PiercingWail","Bite","Bite","Bite","Bite","Bite","Bane"],"special_seed":0,"relics":["Ring of the Snake","NeowsBlessing","Bag of Marbles","Whetstone","Letter Opener","Runic Pyramid","Frozen Egg 2","Orichalcum"],"potions_floor_usage":[10,10,11,16],"damage_taken":[{"damage":0.0,"enemies":"Cultist","floor":1.0,"turns":1.0},{"damage":0.0,"enemies":"2 Louse","floor":4.0,"turns":1.0},{"damage":0.0,"enemies":"3 Sentries","floor":6.0,"turns":1.0},{"damage":0.0,"enemies":"Small Slimes","floor":7.0,"turns":2.0},{"damage":9.0,"enemies":"2 Fungi Beasts","floor":8.0,"turns":3.0},{"damage":20,"enemies":"Lagavulin","floor":10,"turns":7},{"damage":3,"enemies":"Exordium Thugs","floor":11,"turns":5},{"damage":0,"enemies":"Looter","floor":13,"turns":4},{"damage":29,"enemies":"Hexaghost","floor":16,"turns":9},{"damage":20,"enemies":"Spheric Guardian","floor":18,"turns":6},{"damage":3,"enemies":"Shell Parasite","floor":19,"turns":8},{"damage":9,"enemies":"Centurion and Healer","floor":20,"turns":8},{"damage":23,"enemies":"Snake Plant","floor":25,"turns":5},{"damage":11,"enemies":"3 Cultists","floor":27,"turns":5}],"seed_played":"-6579150476226804530","potions_obtained":[{"floor":4.0,"key":"Regen Potion"},{"floor":6.0,"key":"SkillPotion"},{"floor":10,"key":"Fire Potion"},{"floor":13,"key":"SkillPotion"},{"floor":20,"key":"Explosive Potion"},{"floor":25,"key":"GhostInAJar"}],"is_trial":false,"path_per_floor":["M","?","$","M","?","E","M","M","M","T","E","M","R","M","?","R","B",null,"M","M","M","?","$","?","R","M","T","M"],"character_chosen":"THE_SILENT","items_purchased":["Heel Hook","Violence","PiercingWail"],"campfire_rested":1,"item_purchase_floors":[3,22,22],"current_hp_per_floor":[63,63,63,63,52,52,52,43,43,38,35,56,56,61,61,32,64,44,41,32,32,32,32,32,25,25,22],"gold":28,"neow_bonus":"THREE_ENEMY_KILL","is_prod":false,"is_daily":false,"chose_seed":false,"campfire_upgraded":2,"win_rate":0,"timestamp":1544236343,"path_taken":["M","?","$","?","?","E","M","M","T","E","M","R","M","?","R","BOSS","M","M","M","?","?","?","R","M","T","M"],"build_version":"2018-12-06","purchased_purges":2,"victory":false,"max_hp_per_floor":[70,70,70,70,70,70,70,70,70,70,70,70,70,75,75,75,75,75,75,75,75,75,52,52,52,52,52],"card_choices":[{"not_picked":["Dodge and Roll","Backflip"],"picked":"Sucker Punch","floor":1.0},{"not_picked":["Prepared","Dodge and Roll"],"picked":"Heel Hook","floor":4.0},{"not_picked":["Sucker Punch","Distraction"],"picked":"Noxious Fumes","floor":6.0},{"not_picked":["Eviscerate","Cloak And Dagger","Slice"],"picked":"SKIP","floor":7.0},{"not_picked":["Caltrops","Terror","Accuracy"],"picked":"SKIP","floor":8},{"not_picked":["Predator","Calculated Gamble"],"picked":"Acrobatics","floor":10},{"not_picked":["Outmaneuver","Bouncing Flask","Choke"],"picked":"SKIP","floor":11},{"not_picked":["Underhanded Strike","Grand Finale"],"picked":"Sucker Punch","floor":13},{"not_picked":["Bullet Time","Glass Knife"],"picked":"Adrenaline","floor":16},{"not_picked":["Dodge and Roll","All Out Attack","Terror"],"picked":"SKIP","floor":18},{"not_picked":["Setup+1","Deflect"],"picked":"Bane","floor":19},{"not_picked":["Slice","Blade Dance"],"picked":"Flying Knee","floor":20},{"not_picked":["Masterful Stab+1","Choke"],"picked":"Bane","floor":25}],"player_experience":608970,"relics_obtained":[{"floor":6.0,"key":"Bag of Marbles"},{"floor":9,"key":"Whetstone"},{"floor":10,"key":"Letter Opener"},{"floor":26,"key":"Orichalcum"}],"event_choices":[{"cards_removed":["Strike_G"],"damage_healed":0.0,"max_hp_gain":0.0,"max_hp_loss":0.0,"gold_gain":0.0,"event_name":"Bonfire Elementals","player_choice":"Offered Basic","floor":2.0,"gold_loss":0.0,"damage_taken":0.0},{"damage_healed":0.0,"max_hp_gain":0.0,"max_hp_loss":0.0,"gold_gain":75.0,"event_name":"World of Goop","player_choice":"Gather Gold","floor":5.0,"gold_loss":0.0,"damage_taken":11.0},{"damage_healed":0,"gold_gain":0,"player_choice":"Donut","damage_taken":0,"max_hp_gain":5,"max_hp_loss":0,"event_name":"Big Fish","floor":14,"gold_loss":0},{"damage_healed":0,"gold_gain":0,"player_choice":"Gave Potion","damage_taken":0,"relics_obtained":["Frozen Egg 2"],"max_hp_gain":0,"max_hp_loss":0,"event_name":"WeMeetAgain","floor":21,"gold_loss":0},{"damage_healed":0,"gold_gain":0,"player_choice":"Became a vampire","damage_taken":0,"max_hp_gain":0,"max_hp_loss":23,"event_name":"Vampires","floor":23,"gold_loss":0,"cards_obtained":["Bite","Bite","Bite","Bite","Bite"]}],"is_beta":false,"boss_relics":[{"not_picked":["Velvet Choker","HoveringKite"],"picked":"Runic Pyramid"}],"items_purged_floors":[3,22],"is_endless":false,"potions_floor_spawned":[4,6,10,13,20,25],"killed_by":"3 Cultists","ascension_level":10}