{"gold_per_floor":[114,189,189,199,215,215,242,242,268,280,292,16,34,64,64,142,142,160,178,178],"floor_reached":20,"playtime":678,"items_purged":[],"score":328,"play_id":"d4c23f36-eb04-43c1-bd24-2301e31b2b67","local_time":"20190227181651","is_ascension_mode":true,"campfire_choices":[{"floor":6,"key":"REST"},{"floor":8,"key":"REST"},{"floor":10,"key":"REST"},{"data":"Heavy Blade","floor":15,"key":"SMITH"}],"neow_cost":"TEN_PERCENT_HP_LOSS","seed_source_timestamp":146578664876100,"circlet_count":0,"master_deck":["AscendersBane","Strike_R","Strike_R","Strike_R","Strike_R","Strike_R","Defend_R","Defend_R","Defend_R+1","Defend_R","Bash","Purity+1","Finesse","Spot Weakness","Twin Strike","Metallicize","Demon Form","Heavy Blade+1","Bandage Up","Iron Wave","Anger","Offering"],"relics":["Burning Blood","Blood Vial","MawBank","Tiny Chest","Potion Belt","Velvet Choker"],"potions_floor_usage":[14,20],"damage_taken":[{"damage":12,"enemies":"Jaw Worm","floor":1,"turns":4},{"damage":8,"enemies":"2 Louse","floor":4,"turns":3},{"damage":10,"enemies":"Small Slimes","floor":5,"turns":2},{"damage":30,"enemies":"Gremlin Nob","floor":7,"turns":4},{"damage":13,"enemies":"2 Fungi Beasts","floor":13,"turns":3},{"damage":31,"enemies":"3 Sentries","floor":14,"turns":8},{"damage":37,"enemies":"Hexaghost","floor":16,"turns":8},{"damage":22,"enemies":"Chosen","floor":18,"turns":6},{"damage":30,"enemies":"Shell Parasite","floor":19,"turns":5},{"damage":41,"enemies":"Chosen and Byrds","floor":20,"turns":6}],"seed_played":"2254975495839977817","potions_obtained":[{"floor":7,"key":"Explosive Potion"},{"floor":16,"key":"SpeedPotion"},{"floor":18,"key":"BloodPotion"}],"is_trial":false,"path_per_floor":["M","?","?","M","M","R","E","R","T","R","?","$","M","E","R","B",null,"M","M","M"],"character_chosen":"IRONCLAD","items_purchased":["Heavy Blade","Tiny Chest","Bandage Up"],"campfire_rested":3,"item_purchase_floors":[12,12,12],"current_hp_per_floor":[62,51,31,29,25,45,21,41,41,61,61,61,56,37,37,12,54,44,26,0],"gold":178,"neow_bonus":"RANDOM_COLORLESS_2","is_prod":false,"is_daily":false,"chose_seed":false,"campfire_upgraded":1,"win_rate":0,"timestamp":1551309411,"path_taken":["M","?","?","M","M","R","E","R","T","R","?","?","M","E","R","BOSS","M","M","M"],"build_version":"2019-02-06","purchased_purges":0,"victory":false,"max_hp_per_floor":[68,68,68,68,68,68,68,68,68,68,68,68,68,68,68,68,68,68,68,68],"card_choices":[{"not_picked":["Dropkick","Cleave"],"picked":"Spot Weakness","floor":1},{"not_picked":["Havoc","Evolve"],"picked":"Twin Strike","floor":4},{"not_picked":["Searing Blow","Sentinel"],"picked":"Metallicize","floor":5},{"not_picked":["Cleave","Power Through"],"picked":"Demon Form","floor":7},{"not_picked":["Havoc","Second Wind"],"picked":"Iron Wave","floor":13},{"not_picked":["Bludgeon","Clash"],"picked":"Anger","floor":14},{"not_picked":["Fiend Fire","Immolate"],"picked":"Offering","floor":16},{"not_picked":["Headbutt","Pommel Strike","Entrench"],"picked":"SKIP","floor":18},{"not_picked":["Combust","Havoc","Twin Strike"],"picked":"SKIP","floor":19}],"player_experience":615740,"relics_obtained":[{"floor":7,"key":"Blood Vial"},{"floor":9,"key":"MawBank"},{"floor":14,"key":"Potion Belt"}],"event_choices":[{"damage_healed":0,"gold_gain":75,"player_choice":"Gather Gold","damage_taken":11,"max_hp_gain":0,"max_hp_loss":0,"event_name":"World of Goop","floor":2,"gold_loss":0},{"damage_healed":0,"gold_gain":0,"player_choice":"Entered Light","damage_taken":20,"max_hp_gain":0,"max_hp_loss":0,"event_name":"Shining Light","floor":3,"gold_loss":0,"cards_upgraded":["Defend_R","Purity"]},{"damage_healed":0,"gold_gain":0,"player_choice":"Ignored","damage_taken":0,"max_hp_gain":0,"max_hp_loss":0,"event_name":"Liars Game","floor":11,"gold_loss":0}],"is_beta":true,"boss_relics":[{"not_picked":["Black Star","Coffee Dripper"],"picked":"Velvet Choker"}],"items_purged_floors":[],"is_endless":false,"potions_floor_spawned":[7,16,18],"killed_by":"Chosen and Byrds","ascension_level":16}