{"gold_per_floor":[119,139,159,175,161,194,194,228,254,254,254,219,219,232,232,311,311,311,163,163,118,118,118,118,118,118,18,18,18,18,18,18,18,18,18,18,18,18,18,18,18,18,18,18,18,18,18,18,18,18],"floor_reached":50,"playtime":4004,"items_purged":["Strike_G","Strike_G+1"],"score":779,"play_id":"6ae82bc0-16e8-41cb-be47-1c89aa3ef3a7","local_time":"20190301220802","is_ascension_mode":true,"campfire_choices":[{"data":"Sucker Punch","floor":7,"key":"SMITH"},{"data":"Bouncing Flask","floor":10,"key":"SMITH"},{"data":"Neutralize","floor":13,"key":"SMITH"},{"floor":15,"key":"REST"},{"data":"Footwork","floor":23,"key":"SMITH"},{"floor":25,"key":"REST"},{"floor":32,"key":"REST"},{"data":"Night Terror","floor":40,"key":"SMITH"},{"floor":47,"key":"REST"},{"floor":49,"key":"REST"}],"neow_cost":"NONE","seed_source_timestamp":1267016312841453,"circlet_count":0,"master_deck":["AscendersBane","Defend_G+1","Defend_G+1","Defend_G+1","Defend_G+1","Defend_G+1","Strike_G+1","Strike_G+1","Strike_G+1","Survivor","Neutralize+1","Dagger Spray","Bouncing Flask+1","Sucker Punch+1","Well Laid Plans","Deadly Poison","Night Terror+1","Backflip+1","Footwork+1","PiercingWail","Panache","Noxious Fumes"],"relics":["Velvet Choker","Omamori","Boot","Snake Skull","Ectoplasm","Anchor","Pantograph","Tiny Chest","Ninja Scroll","Shuriken","Philosopher\u0027s Stone","Dream Catcher"],"potions_floor_usage":[8,8,16,24,28,39,45,48,50],"damage_taken":[{"damage":3,"enemies":"Cultist","floor":1,"turns":6},{"damage":0,"enemies":"2 Louse","floor":2,"turns":4},{"damage":2,"enemies":"Jaw Worm","floor":3,"turns":3},{"damage":1,"enemies":"Blue Slaver","floor":4,"turns":4},{"damage":7,"enemies":"Exordium Thugs","floor":5,"turns":4},{"damage":15,"enemies":"Lagavulin","floor":6,"turns":7},{"damage":16,"enemies":"Gremlin Nob","floor":8,"turns":4},{"damage":8,"enemies":"Exordium Wildlife","floor":14,"turns":4},{"damage":12,"enemies":"The Guardian","floor":16,"turns":8},{"damage":24,"enemies":"Spheric Guardian","floor":18,"turns":5},{"damage":14,"enemies":"2 Thieves","floor":21,"turns":4},{"damage":5,"enemies":"Snecko","floor":24,"turns":5},{"damage":14,"enemies":"Gremlin Leader","floor":28,"turns":9},{"damage":0,"enemies":"Centurion and Healer","floor":30,"turns":7},{"damage":12,"enemies":"Automaton","floor":33,"turns":11},{"damage":4,"enemies":"Orb Walker","floor":35,"turns":4},{"damage":19,"enemies":"3 Darklings","floor":39,"turns":6},{"damage":20,"enemies":"Maw","floor":41,"turns":7},{"damage":43,"enemies":"Spire Growth","floor":45,"turns":5},{"damage":0,"enemies":"Transient","floor":46,"turns":5},{"damage":25,"enemies":"Maw","floor":48,"turns":7},{"damage":58,"enemies":"Time Eater","floor":50,"turns":9}],"seed_played":"-7770424361063661014","potions_obtained":[{"floor":3,"key":"Ancient Potion"},{"floor":4,"key":"Swift Potion"},{"floor":5,"key":"Strength Potion"},{"floor":14,"key":"Regen Potion"},{"floor":21,"key":"Swift Potion"},{"floor":24,"key":"Dexterity Potion"},{"floor":35,"key":"Poison Potion"},{"floor":45,"key":"GamblersBrew"},{"floor":48,"key":"Fire Potion"}],"is_trial":false,"path_per_floor":["M","M","M","M","M","E","R","E","T","R","?","?","R","M","R","B",null,"M","$","?","M","T","R","M","R","T","$","E","T","M","T","R","B",null,"M","$","?","?","M","R","M","?","T","$","M","M","R","M","R","B"],"character_chosen":"THE_SILENT","items_purchased":["Footwork"],"campfire_rested":5,"item_purchase_floors":[19],"current_hp_per_floor":[60,60,58,57,50,35,35,19,19,19,19,36,36,28,49,52,66,42,42,42,28,28,28,23,44,44,44,30,30,30,30,51,58,67,63,63,63,63,44,44,24,61,61,61,18,18,36,11,29,0],"gold":18,"neow_bonus":"BOSS_RELIC","is_prod":false,"is_daily":false,"chose_seed":false,"campfire_upgraded":5,"win_rate":0,"timestamp":1551474482,"path_taken":["M","M","M","M","M","E","R","E","T","R","?","?","R","M","R","BOSS","M","$","?","M","?","R","M","R","T","$","E","?","?","?","R","BOSS","M","$","?","?","M","R","M","?","T","?","M","M","R","M","R","BOSS"],"build_version":"2019-01-23","purchased_purges":2,"victory":false,"max_hp_per_floor":[70,70,70,70,70,70,70,70,70,70,70,70,70,70,70,70,70,70,70,70,70,70,70,70,70,70,70,70,70,70,70,70,70,70,70,70,70,70,70,70,70,61,61,61,61,61,61,61,61,61],"card_choices":[{"not_picked":["Deadly Poison","Setup"],"picked":"Dagger Spray","floor":1},{"not_picked":["Tactician","Blur"],"picked":"Bouncing Flask","floor":2},{"not_picked":["Prepared","Concentrate"],"picked":"Sucker Punch","floor":3},{"not_picked":["Concentrate","All Out Attack","Eviscerate"],"picked":"SKIP","floor":4},{"not_picked":["Finisher","Acrobatics","Bane"],"picked":"SKIP","floor":5},{"not_picked":["Calculated Gamble","Bullet Time","Dagger Throw"],"picked":"SKIP","floor":6},{"not_picked":["Dodge and Roll","Dagger Throw"],"picked":"Well Laid Plans","floor":8},{"not_picked":["Blade Dance","Acrobatics"],"picked":"Deadly Poison","floor":14},{"not_picked":["Storm of Steel","A Thousand Cuts"],"picked":"Night Terror","floor":16},{"not_picked":["Deadly Poison+1","Acrobatics"],"picked":"Backflip+1","floor":18},{"not_picked":["Outmaneuver","Bane","Deflect"],"picked":"SKIP","floor":21},{"not_picked":["Poisoned Stab","Deadly Poison"],"picked":"PiercingWail","floor":24},{"not_picked":["Distraction","Prepared","Cloak And Dagger"],"picked":"SKIP","floor":28},{"not_picked":["Outmaneuver","Infinite Blades","Accuracy"],"picked":"SKIP","floor":30},{"not_picked":["Phantasmal Killer","A Thousand Cuts"],"picked":"Venomology","floor":33},{"not_picked":["Predator","Dagger Throw","Expertise"],"picked":"SKIP","floor":35},{"not_picked":["Secret Weapon","Trip"],"picked":"Panache","floor":37},{"not_picked":["Bane+1","Dodge and Roll","Setup+1"],"picked":"SKIP","floor":39},{"not_picked":["Quick Slash+1","Prepared+1","Crippling Poison+1"],"picked":"SKIP","floor":41},{"not_picked":["Flechettes","Poisoned Stab"],"picked":"Noxious Fumes","floor":45},{"not_picked":["Dodge and Roll","Skewer","Acrobatics"],"picked":"SKIP","floor":46},{"not_picked":["Cloak And Dagger+1","Accuracy","Blade Dance"],"picked":"SKIP","floor":48}],"player_experience":688281,"relics_obtained":[{"floor":6,"key":"Omamori"},{"floor":8,"key":"Boot"},{"floor":9,"key":"Snake Skull"},{"floor":22,"key":"Anchor"},{"floor":26,"key":"Pantograph"},{"floor":28,"key":"Tiny Chest"},{"floor":29,"key":"Ninja Scroll"},{"floor":31,"key":"Shuriken"},{"floor":43,"key":"Dream Catcher"}],"event_choices":[{"damage_healed":0,"gold_gain":0,"player_choice":"Ignored","damage_taken":0,"max_hp_gain":0,"max_hp_loss":0,"event_name":"Shining Light","floor":11,"gold_loss":0},{"damage_healed":17,"gold_gain":0,"player_choice":"Healed","damage_taken":0,"max_hp_gain":0,"max_hp_loss":0,"event_name":"The Cleric","floor":12,"gold_loss":35},{"damage_healed":0,"gold_gain":0,"player_choice":"Simplicity","damage_taken":0,"max_hp_gain":0,"max_hp_loss":0,"event_name":"Back to Basics","floor":20,"gold_loss":0,"cards_upgraded":["Defend_G","Defend_G","Defend_G","Defend_G","Defend_G","Strike_G","Strike_G","Strike_G","Strike_G"]},{"damage_healed":0,"gold_gain":0,"player_choice":"Memory 1","damage_taken":0,"max_hp_gain":0,"max_hp_loss":0,"event_name":"SensoryStone","floor":37,"gold_loss":0},{"cards_removed":["Venomology"],"damage_healed":0,"gold_gain":0,"player_choice":"Removed Skill","damage_taken":0,"max_hp_gain":0,"max_hp_loss":0,"event_name":"Falling","floor":38,"gold_loss":0},{"damage_healed":61,"gold_gain":0,"player_choice":"Heal","damage_taken":0,"max_hp_gain":0,"max_hp_loss":9,"event_name":"The Moai Head","floor":42,"gold_loss":0}],"is_beta":false,"boss_relics":[{"not_picked":["Runic Dome","Snecko Eye"],"picked":"Ectoplasm"},{"not_picked":["Pandora\u0027s Box","Sozu"],"picked":"Philosopher\u0027s Stone"}],"items_purged_floors":[19,27],"is_endless":false,"potions_floor_spawned":[3,4,5,6,14,21,24,35,45,48],"killed_by":"Time Eater","ascension_level":13}