{"gold_per_floor":[99,99,99,99,69,69,69,69,69,69,69,69,69,69,69,69,69,69,69,69,69,69,69,69,69,69,69,69,69,69,69,69,69,69,69,15,15,15,15,15,15,15,15,15,15,15,15],"floor_reached":47,"playtime":2125,"items_purged":[],"score":488,"play_id":"e27f0555-ab9a-4bd2-b89d-f16525039619","local_time":"20190226094817","is_ascension_mode":true,"campfire_choices":[{"data":"Disarm","floor":7.0,"key":"SMITH"},{"data":"Pommel Strike","floor":10.0,"key":"SMITH"},{"data":"Shrug It Off","floor":12.0,"key":"SMITH"},{"data":"Body Slam","floor":15.0,"key":"SMITH"},{"data":"Uppercut","floor":23.0,"key":"SMITH"},{"data":"Armaments","floor":25.0,"key":"SMITH"},{"floor":28.0,"key":"REST"},{"floor":32.0,"key":"REST"},{"floor":40,"key":"REST"},{"floor":44,"key":"REST"}],"neow_cost":"NONE","seed_source_timestamp":0,"circlet_count":0,"master_deck":["Strike_R","Defend_R","Defend_R","Defend_R","Defend_R","Bash+1","Disarm+1","Shrug It Off+1","Shrug It Off","Pommel Strike+1","Body Slam+1","Perfected Strike","Feed","Perfected Strike+1","Uppercut+1","Twin Strike","Seeing Red","Armaments+1","Inflame+1","Cleave","Iron Wave+1","RitualDagger","Juggernaut","Perfected Strike","Iron Wave","Metallicize","Body Slam+1","Bludgeon","Uppercut+1","Shrug It Off","True Grit+1"],"special_seed":0,"relics":["Ectoplasm"],"potions_floor_usage":[46,46,47],"damage_taken":[{"damage":0.0,"enemies":"Small Slimes","floor":1.0,"turns":2.0},{"damage":0.0,"enemies":"Cultist","floor":3.0,"turns":3.0},{"damage":0.0,"enemies":"2 Louse","floor":4.0,"turns":2.0},{"damage":3.0,"enemies":"Looter","floor":5.0,"turns":3.0},{"damage":16.0,"enemies":"Lagavulin","floor":6.0,"turns":5.0},{"damage":1.0,"enemies":"2 Fungi Beasts","floor":8.0,"turns":3.0},{"damage":0.0,"enemies":"3 Louse","floor":11.0,"turns":4.0},{"damage":2.0,"enemies":"Large Slime","floor":14.0,"turns":6.0},{"damage":24.0,"enemies":"Slime Boss","floor":16.0,"turns":9.0},{"damage":13.0,"enemies":"3 Byrds","floor":18.0,"turns":6.0},{"damage":4.0,"enemies":"Chosen","floor":19.0,"turns":3.0},{"damage":14.0,"enemies":"Snecko","floor":21.0,"turns":4.0},{"damage":0.0,"enemies":"Cultist and Chosen","floor":22.0,"turns":5.0},{"damage":6.0,"enemies":"Centurion and Healer","floor":24.0,"turns":6.0},{"damage":15.0,"enemies":"Snecko","floor":27.0,"turns":5.0},{"damage":9.0,"enemies":"Snake Plant","floor":29.0,"turns":4.0},{"damage":58.0,"enemies":"Collector","floor":33.0,"turns":12.0},{"damage":1,"enemies":"3 Shapes","floor":35,"turns":4},{"damage":29,"enemies":"3 Darklings","floor":37,"turns":6},{"damage":17,"enemies":"Writhing Mass","floor":39,"turns":9},{"damage":0,"enemies":"4 Shapes","floor":41,"turns":5},{"damage":45,"enemies":"Spire Growth","floor":42,"turns":5},{"damage":20,"enemies":"Maw","floor":45,"turns":7},{"damage":33,"enemies":"Nemesis","floor":46,"turns":8},{"damage":20,"enemies":"Transient","floor":47,"turns":5}],"seed_played":"-5967396858024974022","potions_obtained":[{"floor":1.0,"key":"SteroidPotion"},{"floor":3.0,"key":"GamblersBrew"},{"floor":5.0,"key":"EssenceOfSteel"},{"floor":11.0,"key":"Regen Potion"},{"floor":37,"key":"SpeedPotion"},{"floor":42,"key":"Energy Potion"},{"floor":45,"key":"Regen Potion"}],"is_trial":false,"path_per_floor":["M","?","M","M","M","E","R","M","T","R","M","R","?","M","R","B",null,"M","M","?","M","M","R","M","R","T","M","R","M","?","?","R","B",null,"M","$","M","?","M","R","M","M","T","R","M","E","M"],"character_chosen":"IRONCLAD","items_purchased":["Iron Wave"],"campfire_rested":4,"item_purchase_floors":[36],"current_hp_per_floor":[80,80,80,80,77,61,61,60,60,60,60,60,60,58,58,34,80,70,66,66,52,52,52,49,49,49,34,59,53,53,47,73,30,89,88,88,59,59,42,68,71,26,26,53,33,15,0],"gold":15,"neow_bonus":"BOSS_RELIC","is_prod":false,"is_daily":false,"chose_seed":false,"campfire_upgraded":6,"win_rate":0,"timestamp":1551196097,"path_taken":["M","?","M","M","?","E","R","M","T","R","?","R","?","M","R","BOSS","M","M","?","M","M","R","M","R","T","M","R","M","?","?","R","BOSS","M","$","M","?","M","R","M","M","T","R","M","E","M"],"build_version":"2019-01-23","purchased_purges":0,"victory":false,"max_hp_per_floor":[80,80,80,80,80,80,80,80,80,80,80,80,80,80,80,80,80,83,83,83,83,83,83,86,86,86,86,86,89,89,89,89,89,89,89,89,89,89,89,89,92,92,92,92,92,92,92],"card_choices":[{"not_picked":["Dual Wield","Wild Strike","Power Through"],"picked":"SKIP","floor":1.0},{"not_picked":["Power Through","Warcry"],"picked":"Disarm","floor":3.0},{"not_picked":["Rage","Power Through"],"picked":"Shrug It Off","floor":4.0},{"not_picked":["Clash","Twin Strike"],"picked":"Shrug It Off","floor":5.0},{"not_picked":["Flex","Havoc","Anger"],"picked":"SKIP","floor":6.0},{"not_picked":["Flex","Havoc","Anger"],"picked":"SKIP","floor":6.0},{"not_picked":["Sword Boomerang","Burning Pact"],"picked":"Pommel Strike","floor":8.0},{"not_picked":["Combust","Warcry","Clash"],"picked":"SKIP","floor":11.0},{"not_picked":["Sword Boomerang","Infernal Blade"],"picked":"Perfected Strike","floor":14.0},{"not_picked":["Immolate","Impervious"],"picked":"Feed","floor":16.0},{"not_picked":["Spot Weakness+1","Intimidate"],"picked":"Perfected Strike+1","floor":18.0},{"not_picked":["Flex","Bloodletting"],"picked":"Uppercut","floor":19.0},{"not_picked":["Warcry","Searing Blow"],"picked":"Armaments","floor":21.0},{"not_picked":["Thunderclap","Flex"],"picked":"Inflame+1","floor":22.0},{"not_picked":["Evolve+1","Combust","Wild Strike"],"picked":"SKIP","floor":24.0},{"not_picked":["True Grit","Clothesline"],"picked":"Cleave","floor":27.0},{"not_picked":["Dropkick","Searing Blow"],"picked":"Iron Wave+1","floor":29.0},{"not_picked":["Reaper","Limit Break"],"picked":"Juggernaut","floor":33.0},{"not_picked":["Rampage","Shrug It Off+1"],"picked":"Perfected Strike","floor":35},{"not_picked":["Armaments","True Grit"],"picked":"Metallicize","floor":37},{"not_picked":["Blood for Blood","Ghostly Armor+1"],"picked":"Body Slam+1","floor":39},{"not_picked":["Corruption","Headbutt"],"picked":"Bludgeon","floor":41},{"not_picked":["Havoc+1","Twin Strike"],"picked":"Uppercut+1","floor":42},{"not_picked":["Warcry","Wild Strike+1"],"picked":"Shrug It Off","floor":45},{"not_picked":["Exhume","Thunderclap"],"picked":"True Grit+1","floor":46}],"player_experience":322138,"relics_obtained":[],"event_choices":[{"damage_healed":0.0,"max_hp_gain":0.0,"max_hp_loss":0.0,"gold_gain":0.0,"event_name":"Accursed Blacksmith","player_choice":"Forge","floor":2.0,"gold_loss":0.0,"damage_taken":0.0,"cards_upgraded":["Bash"]},{"damage_healed":0.0,"max_hp_gain":0.0,"max_hp_loss":0.0,"gold_gain":0.0,"cards_transformed":["Strike_R"],"event_name":"Living Wall","player_choice":"Change","floor":13.0,"gold_loss":0.0,"damage_taken":0.0,"cards_obtained":["Body Slam"]},{"damage_healed":0.0,"max_hp_gain":0.0,"max_hp_loss":0.0,"gold_gain":0.0,"cards_transformed":["Strike_R","Strike_R"],"event_name":"Drug Dealer","player_choice":"Became Test Subject","floor":20.0,"gold_loss":0.0,"damage_taken":0.0,"cards_obtained":["Twin Strike","Seeing Red"]},{"damage_healed":0.0,"max_hp_gain":0.0,"max_hp_loss":0.0,"gold_gain":0.0,"event_name":"The Mausoleum","player_choice":"Ignored","floor":30.0,"gold_loss":0.0,"damage_taken":0.0},{"damage_healed":0.0,"max_hp_gain":0.0,"max_hp_loss":0.0,"gold_gain":0.0,"event_name":"Nest","player_choice":"Joined the Cult","floor":31.0,"gold_loss":0.0,"damage_taken":6.0,"cards_obtained":["RitualDagger"]},{"cards_removed":["Strike_R"],"damage_healed":0,"gold_gain":0,"player_choice":"Removed Attack","damage_taken":0,"max_hp_gain":0,"max_hp_loss":0,"event_name":"Falling","floor":38,"gold_loss":0}],"is_beta":false,"boss_relics":[{"not_picked":["Runic Pyramid","White Beast Statue","Runic Dome"]},{"not_picked":[]}],"items_purged_floors":[],"is_endless":false,"potions_floor_spawned":[1,3,5,11,24,27,37,42,45],"killed_by":"Transient","ascension_level":1}