{"gold_per_floor":[110,126,139,139,150,179,179,199,199,234,41,54,54,68,68,165,165,184,218,218,218,218,218,252,252,302,316,18,18,36,36,36,135,135,150,372,384,1383,1383,1383,1411,529,607,547,11,26,60,77,77,77],"floor_reached":51,"playtime":2293,"items_purged":["Shame"],"score":883,"play_id":"ba2b2654-1e23-4ec7-b934-f6904eff1337","local_time":"20190221213745","is_ascension_mode":false,"campfire_choices":[{"floor":7,"key":"REST"},{"floor":15,"key":"REST"},{"floor":23,"key":"REST"},{"floor":29,"key":"REST"},{"floor":32,"key":"REST"},{"floor":40,"key":"REST"},{"floor":49,"key":"REST"}],"neow_cost":"NONE","seed_source_timestamp":132875638366590,"circlet_count":0,"master_deck":["Strike_B+1","Defend_B","Defend_B","Defend_B","Defend_B","Zap+1","Dualcast","Stack","Ball Lightning+1","Leap+1","Loop","Skim","Hologram+1","Consume+1","Chaos+1","Leap+1","Defragment+1","Rainbow+1","White Noise+1","Coolheaded+1","Undo+1","White Noise+1","Double Energy+1","Echo Form+1","Loop+1","Static Discharge+1","Stack+1","Force Field+1","Loop+1","Rainbow+1","Apotheosis+1","Jack Of All Trades+1","Hello World+1","Reinforced Body+1","Loop+1","Storm+1","Electrodynamics+1","Echo Form+1","Loop+1","Capacitor+1","Hello World+1","Stack+1","Force Field+1","Conserve Battery+1","Conserve Battery+1"],"relics":["Cracked Core","Toxic Egg 2","Odd Mushroom","Gremlin Horn","The Courier","Frozen Egg 2","Fusion Hammer","Red Mask","Anchor","Whetstone","Ancient Tea Set","Omamori","Calipers","Nuclear Battery","Sundial","Membership Card","Strawberry","Oddly Smooth Stone","Lantern","Symbiotic Virus","Bronze Scales","Mercury Hourglass","War Paint","Darkstone Periapt","Art of War","Strange Spoon","Dead Branch","FossilizedHelix"],"potions_floor_usage":[6,10,16,19,31,31,35,50,50,50],"damage_taken":[{"damage":0,"enemies":"Small Slimes","floor":1,"turns":3},{"damage":1,"enemies":"Jaw Worm","floor":2,"turns":3},{"damage":0,"enemies":"2 Louse","floor":3,"turns":2},{"damage":23,"enemies":"Exordium Thugs","floor":5,"turns":6},{"damage":6,"enemies":"Lagavulin","floor":6,"turns":5},{"damage":18,"enemies":"The Mushroom Lair","floor":8,"turns":5},{"damage":30,"enemies":"Gremlin Nob","floor":10,"turns":4},{"damage":0,"enemies":"Large Slime","floor":12,"turns":4},{"damage":1,"enemies":"Looter","floor":14,"turns":4},{"damage":17,"enemies":"Hexaghost","floor":16,"turns":10},{"damage":1,"enemies":"Chosen","floor":18,"turns":7},{"damage":34,"enemies":"Masked Bandits","floor":19,"turns":6},{"damage":28,"enemies":"Gremlin Leader","floor":24,"turns":6},{"damage":8,"enemies":"Colosseum Slavers","floor":25,"turns":5},{"damage":4,"enemies":"Spheric Guardian","floor":27,"turns":3},{"damage":0,"enemies":"Centurion and Healer","floor":30,"turns":7},{"damage":21,"enemies":"Cultist and Chosen","floor":31,"turns":6},{"damage":1,"enemies":"Automaton","floor":33,"turns":11},{"damage":5,"enemies":"3 Darklings","floor":35,"turns":7},{"damage":0,"enemies":"Orb Walker","floor":37,"turns":3},{"damage":18,"enemies":"Nemesis","floor":41,"turns":7},{"damage":0,"enemies":"Sphere and 2 Shapes","floor":46,"turns":2},{"damage":0,"enemies":"Giant Head","floor":47,"turns":8},{"damage":0,"enemies":"Maw","floor":48,"turns":6},{"damage":14,"enemies":"Awakened One","floor":50,"turns":8}],"seed_played":"-3276445183899476924","potions_obtained":[{"floor":3,"key":"FocusPotion"},{"floor":5,"key":"Dexterity Potion"},{"floor":8,"key":"Poison Potion"},{"floor":12,"key":"SmokeBomb"},{"floor":16,"key":"Ancient Potion"},{"floor":19,"key":"Energy Potion"},{"floor":24,"key":"Strength Potion"},{"floor":35,"key":"AttackPotion"},{"floor":46,"key":"PowerPotion"},{"floor":47,"key":"Explosive Potion"}],"is_trial":false,"path_per_floor":["M","M","M","?","M","E","R","?","T","E","$","M","?","M","R","B",null,"M","?","?","?","T","R","E","?","T","M","$","R","M","M","R","B",null,"M","?","M","?","?","R","E","$","T","?","$","M","E","M","R","B",null],"character_chosen":"DEFECT","items_purchased":["Frozen Egg 2","Calipers","Membership Card","Force Field+1","Loop+1","Strawberry","Oddly Smooth Stone","Lantern","Rainbow+1","Apotheosis+1","Jack Of All Trades+1","Symbiotic Virus","Bronze Scales","Mercury Hourglass","War Paint","Loop+1","Storm+1","Electrodynamics+1","Echo Form+1","Loop+1","Capacitor+1","Hello World+1","Art of War","Strange Spoon","Dead Branch","Stack+1"],"campfire_rested":7,"item_purchase_floors":[11,28,42,42,42,42,42,42,42,42,42,42,42,42,42,45,45,45,45,45,45,45,45,45,45,45],"current_hp_per_floor":[75,74,74,74,51,45,67,49,49,19,19,19,19,18,40,23,75,74,40,40,40,40,62,34,26,26,22,22,44,44,23,45,44,75,70,70,70,70,70,75,57,64,64,64,64,64,64,64,82,68],"gold":77,"neow_bonus":"THREE_CARDS","is_prod":false,"is_daily":false,"chose_seed":false,"campfire_upgraded":0,"win_rate":0,"timestamp":1550821065,"path_taken":["M","M","M","?","M","E","R","?","T","E","$","M","?","M","R","BOSS","M","?","?","?","?","R","E","?","T","M","$","R","?","M","R","BOSS","M","?","M","?","?","R","E","$","T","?","$","?","E","M","R","BOSS"],"build_version":"2019-01-23","purchased_purges":1,"victory":true,"max_hp_per_floor":[75,75,75,75,75,75,75,75,75,75,75,75,75,75,75,75,75,75,75,75,75,75,75,75,75,75,75,75,75,75,75,75,75,75,75,75,75,75,75,75,75,82,82,82,82,82,82,82,82,82],"card_choices":[{"not_picked":["Cold Snap","BootSequence"],"picked":"Stack","floor":0},{"not_picked":["Rebound","Coolheaded"],"picked":"Ball Lightning","floor":1},{"not_picked":["Blizzard","Double Energy"],"picked":"Leap","floor":2},{"not_picked":["Buffer","Steam"],"picked":"Loop","floor":3},{"not_picked":["Recycle","Compile Driver"],"picked":"Skim","floor":5},{"not_picked":["Stack","Reboot"],"picked":"Hologram","floor":6},{"not_picked":["Barrage","Turbo+1"],"picked":"Consume+1","floor":8},{"not_picked":["Aggregate+1","Rip and Tear"],"picked":"Chaos+1","floor":10},{"not_picked":["Streamline","Steam+1"],"picked":"Leap+1","floor":12},{"not_picked":["Stack+1","Blizzard"],"picked":"Defragment+1","floor":14},{"not_picked":["Thunder Strike","Biased Cognition+1"],"picked":"Rainbow+1","floor":16},{"not_picked":["Coolheaded+1","Sweeping Beam"],"picked":"White Noise+1","floor":18},{"not_picked":["Rip and Tear","Gash"],"picked":"Coolheaded+1","floor":19},{"not_picked":["Coolheaded+1","Hologram+1"],"picked":"Undo+1","floor":24},{"not_picked":["Defragment+1","Conserve Battery+1"],"picked":"White Noise+1","floor":27},{"not_picked":["Streamline","Conserve Battery+1"],"picked":"Double Energy+1","floor":30},{"not_picked":["Multi-Cast+1","Thunder Strike"],"picked":"Echo Form+1","floor":33},{"not_picked":["Melter","Leap+1"],"picked":"Loop+1","floor":35},{"not_picked":["Sweeping Beam+1","FTL"],"picked":"Static Discharge+1","floor":37},{"not_picked":["Consume+1","Skim+1"],"picked":"Stack+1","floor":41},{"not_picked":["Cold Snap","Conserve Battery+1"],"picked":"Force Field+1","floor":46},{"not_picked":["Rebound+1","Tempest+1"],"picked":"Conserve Battery+1","floor":47},{"not_picked":["Sweeping Beam+1","Barrage"],"picked":"Conserve Battery+1","floor":48}],"player_experience":461665,"relics_obtained":[{"floor":6,"key":"Toxic Egg 2"},{"floor":8,"key":"Odd Mushroom"},{"floor":9,"key":"Gremlin Horn"},{"floor":10,"key":"The Courier"},{"floor":19,"key":"Red Mask"},{"floor":22,"key":"Whetstone"},{"floor":24,"key":"Ancient Tea Set"},{"floor":26,"key":"Omamori"},{"floor":41,"key":"Sundial"},{"floor":43,"key":"Darkstone Periapt"},{"floor":47,"key":"FossilizedHelix"}],"event_choices":[{"damage_healed":0,"gold_gain":0,"player_choice":"Leave","damage_taken":0,"max_hp_gain":0,"max_hp_loss":0,"event_name":"The Cleric","floor":4,"gold_loss":0},{"damage_healed":0,"gold_gain":0,"player_choice":"Fought Mushrooms","damage_taken":0,"max_hp_gain":0,"max_hp_loss":0,"event_name":"Mushrooms","floor":8,"gold_loss":0},{"damage_healed":0,"gold_gain":0,"player_choice":"Ignored","damage_taken":0,"max_hp_gain":0,"max_hp_loss":0,"event_name":"Golden Wing","floor":13,"gold_loss":0},{"damage_healed":0,"gold_gain":0,"player_choice":"Fought Bandits","damage_taken":0,"max_hp_gain":0,"max_hp_loss":0,"event_name":"Masked Bandits","floor":19,"gold_loss":0},{"damage_healed":0,"gold_gain":0,"player_choice":"Stole Relic","damage_taken":0,"relics_obtained":["Anchor"],"max_hp_gain":0,"max_hp_loss":0,"event_name":"Addict","floor":20,"gold_loss":0,"cards_obtained":["Shame"]},{"damage_healed":0,"gold_gain":0,"player_choice":"Ignored","damage_taken":0,"max_hp_gain":0,"max_hp_loss":0,"event_name":"Vampires","floor":21,"gold_loss":0},{"damage_healed":0,"gold_gain":0,"player_choice":"Fight","damage_taken":0,"max_hp_gain":0,"max_hp_loss":0,"event_name":"Colosseum","floor":25,"gold_loss":0},{"damage_healed":0,"gold_gain":0,"player_choice":"Fled From Nobs","damage_taken":0,"max_hp_gain":0,"max_hp_loss":0,"event_name":"Colosseum","floor":25,"gold_loss":0},{"damage_healed":0,"gold_gain":222,"player_choice":"Wore Mask","damage_taken":0,"max_hp_gain":0,"max_hp_loss":0,"event_name":"Tomb of Lord Red Mask","floor":36,"gold_loss":0},{"damage_healed":0,"gold_gain":999,"player_choice":"Gold","damage_taken":0,"max_hp_gain":0,"max_hp_loss":0,"event_name":"MindBloom","floor":38,"gold_loss":0,"cards_obtained":["Normality","Normality"]},{"cards_removed":["Strike_B"],"damage_healed":0,"gold_gain":0,"player_choice":"Removed Attack","damage_taken":0,"max_hp_gain":0,"max_hp_loss":0,"event_name":"Falling","floor":39,"gold_loss":0},{"damage_healed":0,"gold_gain":0,"cards_transformed":["Strike_B","Strike_B"],"player_choice":"Transformed Cards","damage_taken":0,"max_hp_gain":0,"max_hp_loss":0,"event_name":"Designer","floor":44,"gold_loss":60,"cards_obtained":["Hello World","Reinforced Body"]}],"is_beta":false,"boss_relics":[{"not_picked":["Lizard Tail","Calling Bell"],"picked":"Fusion Hammer"},{"not_picked":["Velvet Choker","Eternal Feather"],"picked":"Nuclear Battery"}],"items_purged_floors":[28],"is_endless":false,"potions_floor_spawned":[3,5,8,12,16,19,24,25,30,35,46,47],"ascension_level":0}