{"gold_per_floor":[117,129,204,204,218,218,259,273,273,287,33,53,53,74,74,200,200,225,225,225,249,263,263,188,211,211,211,69,69,69,69,69,169,169,169],"floor_reached":35,"playtime":3397,"items_purged":["Injury"],"score":357,"play_id":"2ffbf4f9-7fce-4f9c-a720-348e6581918c","local_time":"20180719004338","is_ascension_mode":false,"campfire_choices":[{"data":"Genetic Algorithm","floor":6,"key":"SMITH"},{"floor":13,"key":"REST"},{"floor":15,"key":"REST"},{"data":"Streamline","floor":23,"key":"SMITH"},{"floor":27,"key":"REST"},{"floor":29,"key":"REST"},{"floor":32,"key":"REST"}],"neow_cost":"","seed_source_timestamp":4508928789092,"circlet_count":0,"master_deck":["Strike_B","Strike_B","Strike_B","Strike_B","Defend_B","Defend_B","Defend_B","Defend_B","Zap","Dualcast","Coolheaded","Steam","Genetic Algorithm+1","All For One","Gash","Machine Learning","Go for the Eyes","White Noise","Buffer","Streamline+1","Zap","Go for the Eyes","Finesse","Fission","Redo+1","Double Energy","Blizzard"],"relics":["Cracked Core","Bloody Idol","Juzu Bracelet","Blood Vial","Question Card","Busted Crown","Nilry\u0027s Codex","Pen Nib","Orrery"],"potions_floor_usage":[16,16,33,33,33],"damage_taken":[{"damage":11,"enemies":"Jaw Worm","floor":1,"turns":3},{"damage":8,"enemies":"Small Slimes","floor":2,"turns":3},{"damage":0,"enemies":"Cultist","floor":5,"turns":3},{"damage":18,"enemies":"3 Sentries","floor":7,"turns":9},{"damage":0,"enemies":"Large Slime","floor":8,"turns":6},{"damage":5,"enemies":"Looter","floor":10,"turns":3},{"damage":0,"enemies":"Blue Slaver","floor":12,"turns":4},{"damage":13,"enemies":"Lots of Slimes","floor":14,"turns":4},{"damage":21,"enemies":"The Guardian","floor":16,"turns":12},{"damage":12,"enemies":"3 Byrds","floor":18,"turns":5},{"damage":9,"enemies":"Shell Parasite","floor":21,"turns":6},{"damage":11,"enemies":"Snecko","floor":22,"turns":6},{"damage":31,"enemies":"Slaver and Parasite","floor":25,"turns":6},{"damage":29,"enemies":"Champ","floor":33,"turns":12},{"damage":75,"enemies":"3 Darklings","floor":35,"turns":6}],"seed_played":"1220633796307231790","potions_obtained":[{"floor":5,"key":"Block Potion"},{"floor":7,"key":"Regen Potion"},{"floor":10,"key":"Weak Potion"},{"floor":14,"key":"Explosive Potion"},{"floor":18,"key":"AttackPotion"},{"floor":22,"key":"SkillPotion"},{"floor":33,"key":"PowerPotion"}],"is_trial":false,"path_per_floor":["M","M","?","?","M","R","E","M","T","M","$","M","R","M","R","B",null,"M","?","?","M","M","R","$","M","T","R","$","R","?","?","R","B",null],"character_chosen":"DEFECT","items_purchased":["Question Card","Go for the Eyes","Finesse"],"campfire_rested":5,"item_purchase_floors":[11,28,28],"current_hp_per_floor":[64,56,45,45,45,45,27,27,27,24,24,26,48,37,59,55,75,63,47,47,40,31,31,31,9,9,31,31,53,53,53,75,51,75,0],"gold":169,"neow_bonus":"","is_prod":false,"is_daily":false,"chose_seed":false,"campfire_upgraded":2,"win_rate":0,"timestamp":1531979018,"path_taken":["M","M","?","?","M","R","E","M","T","M","$","M","R","M","R","BOSS","M","?","?","M","M","R","$","M","T","R","$","R","?","?","R","BOSS","M"],"build_version":"2018-07-12","purchased_purges":1,"victory":false,"max_hp_per_floor":[75,75,75,75,75,75,75,75,75,75,75,75,75,75,75,75,75,75,75,75,75,75,75,75,75,75,75,75,75,75,75,75,75,75,75],"card_choices":[{"not_picked":["Stack","Go for the Eyes"],"picked":"Coolheaded","floor":1},{"not_picked":["Recycle","Tempest"],"picked":"Steam","floor":2},{"not_picked":["Sunder","Beam Cell"],"picked":"Genetic Algorithm","floor":5},{"not_picked":["Recycle","FTL"],"picked":"All For One","floor":7},{"not_picked":["Chill","Go for the Eyes"],"picked":"Gash","floor":8},{"not_picked":["Turbo","Conserve Battery"],"picked":"Machine Learning","floor":10},{"not_picked":["Sunder","Aggregate","Skim"],"picked":"Go for the Eyes","floor":12},{"not_picked":["Reinforced Body","Redo","Stack"],"picked":"White Noise","floor":14},{"not_picked":["Electrodynamics","Seek","Core Surge"],"picked":"Buffer","floor":16},{"not_picked":["Static Discharge"],"picked":"Streamline","floor":18},{"not_picked":["Redo","Consume"],"picked":"SKIP","floor":21},{"not_picked":["Stack+1","Barrage"],"picked":"SKIP","floor":22},{"not_picked":["Darkness","Ball Lightning"],"picked":"SKIP","floor":25},{"not_picked":["Buffer"],"picked":"Fission","floor":33},{"not_picked":["Steam"],"picked":"Redo+1","floor":34},{"not_picked":["Hologram"],"picked":"Double Energy","floor":34},{"not_picked":["Tempest"],"picked":"Blizzard","floor":34}],"player_experience":24017,"relics_obtained":[{"floor":7,"key":"Juzu Bracelet"},{"floor":9,"key":"Blood Vial"},{"floor":19,"key":"Nilry\u0027s Codex"},{"floor":26,"key":"Pen Nib"}],"event_choices":[{"event_name":"World of Goop","player_choice":"Gather Gold","floor":3,"damage_taken":0},{"event_name":"Golden Idol","player_choice":"Take Wound","floor":4,"damage_taken":0},{"event_name":"Cursed Tome","player_choice":"Obtained Book","floor":19,"damage_taken":0},{"event_name":"Match and Keep!","player_choice":"1 cards matched","floor":20,"damage_taken":0},{"event_name":"Beggar","player_choice":"Ignored","floor":30,"damage_taken":0},{"event_name":"Forgotten Altar","player_choice":"Gave Idol","floor":31,"damage_taken":0}],"boss_relics":[{"not_picked":["Fusion Hammer","Runic Dome"],"picked":"Busted Crown"},{"not_picked":["Tiny House","Runic Pyramid"],"picked":"Orrery"}],"items_purged_floors":[24],"is_endless":false,"potions_floor_spawned":[5,7,10,14,18,22,33],"killed_by":"3 Darklings","ascension_level":0}