{"gold_per_floor":[16,16,29,104,123,123,151,163,163,173,173],"floor_reached":11,"playtime":394,"items_purged":[],"score":128,"play_id":"8dd3a7cc-0ecf-4d91-8366-c4a558d580f8","local_time":"20190305134532","is_ascension_mode":true,"campfire_choices":[{"data":"Zap","floor":6,"key":"SMITH"}],"neow_cost":"NO_GOLD","seed_source_timestamp":1534777158738884,"circlet_count":0,"master_deck":["AscendersBane","Strike_B","Strike_B","Strike_B","Strike_B","Defend_B","Defend_B","Defend_B","Defend_B","Zap+1","Dualcast","Defragment","Streamline","Coolheaded","Doom and Gloom"],"relics":["Cracked Core","Girya","Torii"],"potions_floor_usage":[7,11,11],"damage_taken":[{"damage":11,"enemies":"Small Slimes","floor":1,"turns":5},{"damage":0,"enemies":"Cultist","floor":3,"turns":4},{"damage":0,"enemies":"2 Louse","floor":5,"turns":3},{"damage":27,"enemies":"Lagavulin","floor":7,"turns":6},{"damage":12,"enemies":"Looter","floor":8,"turns":4},{"damage":9,"enemies":"Large Slime","floor":10,"turns":5},{"damage":11,"enemies":"3 Sentries","floor":11,"turns":2}],"seed_played":"2144682514901975262","potions_obtained":[{"floor":1,"key":"Ancient Potion"},{"floor":2,"key":"Block Potion"},{"floor":7,"key":"Strength Potion"}],"is_trial":false,"path_per_floor":["M","?","M","?","M","R","E","M","T","M","E"],"character_chosen":"DEFECT","items_purchased":[],"campfire_rested":0,"item_purchase_floors":[],"current_hp_per_floor":[67,67,67,56,56,56,29,17,17,8,0],"gold":173,"neow_bonus":"TWENTY_PERCENT_HP_BONUS","is_prod":false,"is_daily":false,"chose_seed":false,"campfire_upgraded":1,"win_rate":0,"timestamp":1551771932,"path_taken":["M","?","?","?","M","R","E","M","T","M","E"],"build_version":"2019-01-23","purchased_purges":0,"victory":false,"max_hp_per_floor":[85,85,85,85,85,85,85,85,85,85,85],"card_choices":[{"not_picked":["Barrage","Beam Cell"],"picked":"Defragment","floor":1},{"not_picked":["Gash","Aggregate"],"picked":"Streamline","floor":3},{"not_picked":["Streamline","Rip and Tear","Redo"],"picked":"SKIP","floor":5},{"not_picked":["Storm","Redo","Double Energy"],"picked":"SKIP","floor":7},{"not_picked":["Glacier","Aggregate"],"picked":"Coolheaded","floor":8},{"not_picked":["Ball Lightning","Barrage"],"picked":"Doom and Gloom","floor":10}],"player_experience":944213,"relics_obtained":[{"floor":7,"key":"Girya"},{"floor":9,"key":"Torii"}],"event_choices":[{"damage_healed":0,"gold_gain":0,"player_choice":"Got Potions","damage_taken":0,"max_hp_gain":0,"max_hp_loss":0,"event_name":"Lab","floor":2,"gold_loss":0},{"damage_healed":0,"gold_gain":75,"player_choice":"Gather Gold","damage_taken":11,"max_hp_gain":0,"max_hp_loss":0,"event_name":"World of Goop","floor":4,"gold_loss":0}],"is_beta":false,"boss_relics":[],"items_purged_floors":[],"is_endless":false,"potions_floor_spawned":[1,3,7],"killed_by":"3 Sentries","ascension_level":14}