{"gold_per_floor":[109,127,127,137,157,157,209,251,251,251,279,279,293,293,293,293],"floor_reached":16,"playtime":1106,"items_purged":[],"score":118,"play_id":"192706dd-4191-49af-a4c1-20c02a142b58","local_time":"20190204144715","is_ascension_mode":true,"campfire_choices":[{"data":"Zap","floor":6.0,"key":"SMITH"},{"floor":10.0,"key":"REST"},{"floor":15.0,"key":"REST"}],"neow_cost":"","seed_source_timestamp":0,"circlet_count":1,"master_deck":["Strike_B","Strike_B","Strike_B","Strike_B","Defend_B","Defend_B","Defend_B","Defend_B","Zap+1","Dualcast+1","Madness+1","Coolheaded","Cold Snap","Madness","Defragment","Ball Lightning+1","Glacier"],"special_seed":0,"relics":["Cracked Core","Circlet","Omamori","Mummified Hand"],"potions_floor_usage":[],"damage_taken":[{"damage":2.0,"enemies":"2 Louse","floor":1.0,"turns":3.0},{"damage":6.0,"enemies":"Cultist","floor":2.0,"turns":3.0},{"damage":5.0,"enemies":"Small Slimes","floor":4.0,"turns":2.0},{"damage":0.0,"enemies":"3 Louse","floor":5.0,"turns":1.0},{"damage":27.0,"enemies":"Lagavulin","floor":7.0,"turns":9.0},{"damage":9.0,"enemies":"Lots of Slimes","floor":8.0,"turns":4.0},{"damage":22.0,"enemies":"Gremlin Nob","floor":11.0,"turns":4.0},{"damage":0.0,"enemies":"Exordium Wildlife","floor":13.0,"turns":1.0},{"damage":14,"enemies":"Hexaghost","floor":16,"turns":4}],"seed_played":"3273109382018400649","potions_obtained":[{"floor":1.0,"key":"Explosive Potion"},{"floor":7.0,"key":"AttackPotion"},{"floor":11.0,"key":"SkillPotion"}],"is_trial":false,"path_per_floor":["M","M","?","M","M","R","E","M","T","R","E","?","M","?","R","B"],"character_chosen":"DEFECT","items_purchased":[],"campfire_rested":2,"item_purchase_floors":[],"current_hp_per_floor":[73,67,67,62,62,62,35,26,26,48,26,26,26,26,48,34],"gold":293,"neow_bonus":"","is_prod":false,"is_daily":false,"chose_seed":false,"campfire_upgraded":1,"win_rate":0,"timestamp":1549313235,"path_taken":["M","M","?","M","M","R","E","M","T","R","E","?","M","?","R","BOSS"],"build_version":"2019-01-23","purchased_purges":0,"victory":false,"max_hp_per_floor":[75,75,75,75,75,75,75,75,75,75,75,75,75,75,75,75],"card_choices":[{"not_picked":[],"picked":"BettingIsNotGood","floor":0.0},{"not_picked":["Redo","Rebound"],"picked":"Coolheaded","floor":1.0},{"not_picked":["Leap","Steam"],"picked":"Cold Snap","floor":2.0},{"not_picked":["Static Discharge","Reboot","Redo"],"picked":"SKIP","floor":4.0},{"not_picked":["Undo","Stack"],"picked":"Cancel","floor":5.0},{"not_picked":["Consume","Static Discharge"],"picked":"Defragment","floor":7.0},{"not_picked":["White Noise","Redo"],"picked":"Ball Lightning","floor":8.0},{"not_picked":["Rainbow","Cold Snap"],"picked":"Glacier","floor":11.0},{"not_picked":["Gash","Barrage","Static Discharge"],"picked":"SKIP","floor":13.0}],"player_experience":279748,"relics_obtained":[{"floor":7.0,"key":"Omamori"},{"floor":9.0,"key":"Mummified Hand"},{"floor":11.0,"key":"EdensBlessing"}],"event_choices":[{"damage_healed":0.0,"max_hp_gain":0.0,"max_hp_loss":0.0,"gold_gain":0.0,"event_name":"Upgrade Shrine","player_choice":"Upgraded","floor":3.0,"gold_loss":0.0,"damage_taken":0.0,"cards_upgraded":["BettingIsNotGood"]},{"damage_healed":0.0,"max_hp_gain":0.0,"max_hp_loss":0.0,"gold_gain":0.0,"event_name":"Shining Light","player_choice":"Entered Light","floor":14.0,"gold_loss":0.0,"damage_taken":15.0,"cards_upgraded":["Dualcast","Ball Lightning"]}],"is_beta":false,"boss_relics":[],"items_purged_floors":[],"is_endless":false,"potions_floor_spawned":[1,7,11],"killed_by":"Hexaghost","ascension_level":1}