{"gold_per_floor":[117,117,32,49,49,74,74,92,173,191,218,28,47,57,57,134,134,148,73,73],"floor_reached":20,"playtime":698,"items_purged":["Strike_R"],"score":376,"play_id":"22cf69a5-3875-49ae-ac84-4aaf6f5d50e1","local_time":"20190301112835","is_ascension_mode":true,"campfire_choices":[{"data":"Armaments","floor":7,"key":"SMITH"},{"data":"Flame Barrier","floor":15,"key":"SMITH"}],"neow_cost":"NONE","seed_source_timestamp":294863739008600,"circlet_count":0,"master_deck":["AscendersBane","Strike_R","Strike_R","Strike_R","Strike_R","Defend_R","Defend_R","Defend_R","Defend_R","Bash","Cleave","Flame Barrier+1","Armaments+1","Disarm","Infernal Blade","Shrug It Off","Iron Wave","Metamorphosis","Ghostly Armor","Demon Form","Twin Strike+1"],"relics":["Black Blood","NeowsBlessing","Singing Bowl","Incense Burner","Bottled Flame","Nunchaku"],"potions_floor_usage":[11,20,20],"damage_taken":[{"damage":0,"enemies":"Cultist","floor":1,"turns":1},{"damage":0,"enemies":"Jaw Worm","floor":4,"turns":1},{"damage":0,"enemies":"Lagavulin","floor":6,"turns":1},{"damage":4,"enemies":"2 Louse","floor":8,"turns":2},{"damage":7,"enemies":"Blue Slaver","floor":10,"turns":4},{"damage":17,"enemies":"3 Sentries","floor":11,"turns":7},{"damage":10,"enemies":"Exordium Wildlife","floor":13,"turns":5},{"damage":22,"enemies":"Gremlin Gang","floor":14,"turns":4},{"damage":33,"enemies":"The Guardian","floor":16,"turns":10},{"damage":41,"enemies":"Spheric Guardian","floor":18,"turns":6},{"damage":57,"enemies":"Masked Bandits","floor":20,"turns":3}],"seed_played":"-7469771519114401536","potions_obtained":[{"floor":4,"key":"BloodPotion"},{"floor":6,"key":"LiquidBronze"},{"floor":11,"key":"Strength Potion"}],"is_trial":false,"path_per_floor":["M","T","$","M","$","E","R","M","T","M","E","$","M","M","R","B",null,"M","$","?"],"character_chosen":"IRONCLAD","items_purchased":["Flame Barrier","Metamorphosis"],"campfire_rested":0,"item_purchase_floors":[3,12],"current_hp_per_floor":[74,74,74,75,75,75,75,75,75,74,63,63,61,45,45,18,62,31,31,0],"gold":73,"neow_bonus":"THREE_ENEMY_KILL","is_prod":false,"is_daily":false,"chose_seed":false,"campfire_upgraded":2,"win_rate":0,"timestamp":1551457715,"path_taken":["M","?","$","M","$","E","R","M","T","M","E","?","M","?","R","BOSS","M","$","?"],"build_version":"2019-02-06","purchased_purges":1,"victory":false,"max_hp_per_floor":[75,75,75,75,75,75,75,75,75,75,75,75,77,77,77,77,77,77,77,77],"card_choices":[{"not_picked":["Clothesline","Infernal Blade"],"picked":"Cleave","floor":1},{"not_picked":["Searing Blow","Twin Strike"],"picked":"Armaments","floor":4},{"not_picked":["True Grit","Flex"],"picked":"Disarm","floor":6},{"not_picked":["Hemokinesis","True Grit"],"picked":"Infernal Blade","floor":8},{"not_picked":["Flex","Second Wind"],"picked":"Shrug It Off","floor":10},{"not_picked":["Brutality","Thunderclap"],"picked":"Iron Wave","floor":11},{"not_picked":["Sword Boomerang","Havoc","Flex"],"picked":"Singing Bowl","floor":13},{"not_picked":["Iron Wave","Warcry"],"picked":"Ghostly Armor","floor":14},{"not_picked":["Immolate","Offering"],"picked":"Demon Form","floor":16},{"not_picked":["Evolve","Rage"],"picked":"Twin Strike+1","floor":18}],"player_experience":623904,"relics_obtained":[{"floor":2,"key":"Singing Bowl"},{"floor":6,"key":"Incense Burner"},{"floor":9,"key":"Bottled Flame"},{"floor":11,"key":"Nunchaku"}],"event_choices":[{"damage_healed":0,"gold_gain":0,"player_choice":"Fought Bandits","damage_taken":0,"max_hp_gain":0,"max_hp_loss":0,"event_name":"Masked Bandits","floor":20,"gold_loss":0}],"is_beta":true,"boss_relics":[{"not_picked":["White Beast Statue","Tiny House"],"picked":"Black Blood"}],"items_purged_floors":[19],"is_endless":false,"potions_floor_spawned":[4,6,11,14,18],"killed_by":"Masked Bandits","ascension_level":16}