{"gold_per_floor":[218,234,254,254,274,304,335,347,382,394,431,443,465,495,507,621,633,656,668,680],"floor_reached":20,"playtime":1052,"items_purged":[],"score":223,"play_id":"67fd285f-ca46-4d13-8e46-808dede76e97","local_time":"20190131145201","is_ascension_mode":true,"campfire_choices":[{"floor":8,"key":"REST"},{"floor":10,"key":"REST"},{"floor":12,"key":"REST"},{"floor":15,"key":"REST"}],"neow_cost":"NONE","seed_source_timestamp":0,"circlet_count":0,"master_deck":["Defend_G","Defend_G","Defend_G","Defend_G","Defend_G","Strike_G","Strike_G","Strike_G","Strike_G","Strike_G","Survivor","Neutralize","Accuracy","Leg Sweep","Cloak And Dagger","Blade Dance","Finisher","Adrenaline","Blade Dance","Night Terror"],"special_seed":0,"relics":["Ring of the Serpent","Ginger","MawBank","Omamori","Oddly Smooth Stone"],"potions_floor_usage":[6,11,16,16,16],"damage_taken":[{"damage":0,"enemies":"2 Louse","floor":1,"turns":2},{"damage":5,"enemies":"Cultist","floor":2,"turns":5},{"damage":1,"enemies":"Small Slimes","floor":3,"turns":5},{"damage":6,"enemies":"Exordium Wildlife","floor":5,"turns":5},{"damage":27,"enemies":"Lagavulin","floor":6,"turns":8},{"damage":9,"enemies":"3 Louse","floor":7,"turns":4},{"damage":30,"enemies":"Gremlin Nob","floor":11,"turns":5},{"damage":15,"enemies":"Exordium Thugs","floor":13,"turns":4},{"damage":0,"enemies":"Red Slaver","floor":14,"turns":5},{"damage":56,"enemies":"Slime Boss","floor":16,"turns":13},{"damage":15,"enemies":"Spheric Guardian","floor":18,"turns":12},{"damage":49,"enemies":"Masked Bandits","floor":20,"turns":3}],"seed_played":"-2191185980232041771","potions_obtained":[{"floor":1,"key":"SteroidPotion"},{"floor":5,"key":"Strength Potion"},{"floor":6,"key":"GamblersBrew"},{"floor":11,"key":"SpeedPotion"},{"floor":13,"key":"GamblersBrew"}],"is_trial":false,"path_per_floor":["M","M","M","?","M","E","M","R","T","R","E","R","M","M","R","B",null,"M","?","?"],"character_chosen":"THE_SILENT","items_purchased":[],"campfire_rested":4,"item_purchase_floors":[],"current_hp_per_floor":[70,65,64,64,58,31,22,43,43,64,34,55,40,40,61,5,70,55,42,0],"gold":680,"neow_bonus":"HUNDRED_GOLD","is_prod":false,"is_daily":false,"chose_seed":false,"campfire_upgraded":0,"win_rate":0,"timestamp":1548982321,"path_taken":["M","M","M","?","M","E","M","R","T","R","E","R","?","?","R","BOSS","M","?","?"],"build_version":"2019-01-23","purchased_purges":0,"victory":false,"max_hp_per_floor":[70,70,70,70,70,70,70,70,70,70,70,70,70,70,70,70,70,70,75,75],"card_choices":[{"not_picked":["Dagger Throw","Slice"],"picked":"Accuracy","floor":1},{"not_picked":["Slice","Dagger Spray"],"picked":"Leg Sweep","floor":2},{"not_picked":["Dash","Riddle With Holes"],"picked":"Cloak And Dagger","floor":3},{"not_picked":["Dodge and Roll","Dash"],"picked":"Blade Dance","floor":5},{"not_picked":["Deflect","Bane","Dagger Throw"],"picked":"SKIP","floor":6},{"not_picked":["Dagger Throw","Crippling Poison"],"picked":"Finisher","floor":7},{"not_picked":["Expertise","PiercingWail"],"picked":"Adrenaline","floor":11},{"not_picked":["Sucker Punch","Reflex","Flying Knee"],"picked":"SKIP","floor":13},{"not_picked":["Predator","PiercingWail"],"picked":"Blade Dance","floor":14},{"not_picked":["Grand Finale","Tools of the Trade"],"picked":"Night Terror","floor":16},{"not_picked":["Finisher","PiercingWail","Backflip"],"picked":"SKIP","floor":18}],"player_experience":398666,"relics_obtained":[{"floor":4,"key":"Ginger"},{"floor":6,"key":"MawBank"},{"floor":9,"key":"Omamori"},{"floor":11,"key":"Oddly Smooth Stone"}],"event_choices":[{"damage_healed":0,"gold_gain":0,"player_choice":"Relic","damage_taken":0,"max_hp_gain":0,"max_hp_loss":0,"event_name":"Wheel of Change","floor":4,"gold_loss":0},{"damage_healed":0,"gold_gain":0,"player_choice":"Shed Blood","damage_taken":18,"max_hp_gain":5,"max_hp_loss":0,"event_name":"Forgotten Altar","floor":19,"gold_loss":0},{"damage_healed":0,"gold_gain":0,"player_choice":"Fought Bandits","damage_taken":0,"max_hp_gain":0,"max_hp_loss":0,"event_name":"Masked Bandits","floor":20,"gold_loss":0}],"is_beta":false,"boss_relics":[{"not_picked":["Fusion Hammer","Ectoplasm"],"picked":"Ring of the Serpent"}],"items_purged_floors":[],"is_endless":false,"potions_floor_spawned":[1,5,6,11,13],"killed_by":"Masked Bandits","ascension_level":4}