{"gold_per_floor":[146,165,38,213,213,230,250,266,266,266],"floor_reached":10,"playtime":567,"items_purged":[],"score":60,"play_id":"4b960dbb-702e-4ba8-b80a-24f0118388b6","local_time":"20190309000902","is_ascension_mode":false,"campfire_choices":[],"neow_cost":"NONE","seed_source_timestamp":676048382179584,"circlet_count":0,"master_deck":["Strike_R","Strike_R","Strike_R","Strike_R","Strike_R","Defend_R","Defend_R","Defend_R","Defend_R","Bash","Disarm","Dual Wield","Body Slam","Disarm","Entrench","Shrug It Off"],"relics":["Burning Blood","Tiny Chest","Red Skull"],"potions_floor_usage":[10,10],"damage_taken":[{"damage":0,"enemies":"2 Louse","floor":1,"turns":4},{"damage":10,"enemies":"Small Slimes","floor":2,"turns":5},{"damage":9,"enemies":"Jaw Worm","floor":6,"turns":4},{"damage":28,"enemies":"Gremlin Gang","floor":7,"turns":10},{"damage":5,"enemies":"Red Slaver","floor":8,"turns":6},{"damage":20,"enemies":"Gremlin Nob","floor":10,"turns":6}],"seed_played":"-2542786274910330635","potions_obtained":[{"floor":2,"key":"Block Potion"},{"floor":6,"key":"AttackPotion"}],"is_trial":false,"path_per_floor":["M","M","$","?","?","M","M","M","T","E"],"character_chosen":"IRONCLAD","items_purchased":["Body Slam","Disarm"],"campfire_rested":0,"item_purchase_floors":[3,3],"current_hp_per_floor":[80,76,76,76,69,66,44,45,45,25],"gold":266,"neow_bonus":"RANDOM_COMMON_RELIC","is_prod":false,"is_daily":false,"chose_seed":false,"campfire_upgraded":0,"win_rate":0,"timestamp":1552108142,"path_taken":["M","M","$","?","?","M","M","M","T","E"],"build_version":"2019-01-23","purchased_purges":0,"victory":false,"max_hp_per_floor":[80,80,80,80,80,80,80,80,80,80],"card_choices":[{"not_picked":["True Grit","Ghostly Armor"],"picked":"Disarm","floor":1},{"not_picked":["Armaments","Clothesline"],"picked":"Dual Wield","floor":2},{"not_picked":["Hemokinesis","Iron Wave"],"picked":"Entrench","floor":6},{"not_picked":["Reckless Charge","Clothesline"],"picked":"Shrug It Off","floor":7},{"not_picked":["Pommel Strike","Iron Wave","Intimidate"],"picked":"SKIP","floor":8}],"player_experience":1159191,"relics_obtained":[{"floor":9,"key":"Red Skull"}],"event_choices":[{"damage_healed":0,"gold_gain":175,"player_choice":"AGREE","damage_taken":0,"max_hp_gain":0,"max_hp_loss":0,"event_name":"Liars Game","floor":4,"gold_loss":0,"cards_obtained":["Doubt"]},{"cards_removed":["Doubt"],"damage_healed":0,"gold_gain":0,"player_choice":"Card Removal","damage_taken":7,"max_hp_gain":0,"max_hp_loss":0,"event_name":"Golden Wing","floor":5,"gold_loss":0}],"is_beta":false,"boss_relics":[],"items_purged_floors":[],"is_endless":false,"potions_floor_spawned":[2,6],"killed_by":"Gremlin Nob","ascension_level":0}