{"gold_per_floor":[111,111,111,40,56,56,83,83,83,83,101,117,132,149,149,149],"floor_reached":16,"playtime":515,"items_purged":[],"score":153,"play_id":"62229500-f663-4393-a92d-856340ae5232","local_time":"20181223194437","is_ascension_mode":true,"campfire_choices":[{"floor":6,"key":"REST"},{"floor":8,"key":"REST"},{"floor":15,"key":"REST"}],"neow_cost":"PERCENT_DAMAGE","seed_source_timestamp":4917139985564,"circlet_count":0,"master_deck":["AscendersBane","Defend_G","Defend_G","Defend_G","Defend_G","Defend_G","Strike_G","Strike_G","Strike_G","Survivor","Neutralize","Quick Slash","Footwork","Slice","Flechettes","Escape Plan","Flying Knee","Dagger Spray"],"relics":["Ring of the Snake","Nunchaku","Frozen Egg 2","Pear"],"potions_floor_usage":[],"damage_taken":[{"damage":15,"enemies":"Small Slimes","floor":1,"turns":5},{"damage":0,"enemies":"Jaw Worm","floor":5,"turns":5},{"damage":49,"enemies":"Lagavulin","floor":7,"turns":15},{"damage":0,"enemies":"2 Louse","floor":11,"turns":2},{"damage":17,"enemies":"Exordium Thugs","floor":12,"turns":9},{"damage":0,"enemies":"Blue Slaver","floor":13,"turns":3},{"damage":5,"enemies":"Large Slime","floor":14,"turns":6},{"damage":0,"enemies":"Hexaghost","floor":16,"turns":1}],"seed_played":"-6069890139280116334","potions_obtained":[{"floor":5,"key":"FairyPotion"},{"floor":7,"key":"FearPotion"},{"floor":11,"key":"Swift Potion"}],"is_trial":false,"path_per_floor":["M","?","?","$","M","R","E","R","T","?","M","M","M","M","R","B"],"character_chosen":"THE_SILENT","items_purchased":["Footwork"],"campfire_rested":3,"item_purchase_floors":[4],"current_hp_per_floor":[30,30,30,30,30,51,2,23,33,33,33,16,16,11,35,35],"gold":149,"neow_bonus":"ONE_RARE_RELIC","is_prod":false,"is_daily":false,"chose_seed":false,"campfire_upgraded":0,"win_rate":0,"timestamp":1545601477,"path_taken":["M","?","?","?","M","R","E","R","T","?","M","M","?","M","R","BOSS"],"build_version":"2018-12-20","purchased_purges":0,"victory":false,"max_hp_per_floor":[70,70,70,70,70,70,70,70,80,80,80,80,80,80,80,80],"card_choices":[{"not_picked":["Bane","Blur"],"picked":"Quick Slash","floor":1},{"not_picked":["Predator","Poisoned Stab"],"picked":"Slice","floor":5},{"not_picked":["Skewer","Bouncing Flask"],"picked":"Flechettes","floor":7},{"not_picked":["Outmaneuver","Deflect"],"picked":"Escape Plan","floor":11},{"not_picked":["Deadly Poison","Blade Dance"],"picked":"Flying Knee","floor":12},{"not_picked":["Finisher","Bane","Predator"],"picked":"SKIP","floor":13},{"not_picked":["Dodge and Roll","Setup"],"picked":"Dagger Spray","floor":14}],"player_experience":625967,"relics_obtained":[{"floor":7,"key":"Frozen Egg 2"},{"floor":9,"key":"Pear"}],"event_choices":[{"damage_healed":0,"gold_gain":0,"player_choice":"Ignored","damage_taken":0,"max_hp_gain":0,"max_hp_loss":0,"event_name":"Golden Wing","floor":2,"gold_loss":0},{"cards_removed":["Strike_G"],"damage_healed":0,"gold_gain":0,"player_choice":"Forget","damage_taken":0,"max_hp_gain":0,"max_hp_loss":0,"event_name":"Living Wall","floor":3,"gold_loss":0},{"cards_removed":["Strike_G"],"damage_healed":0,"gold_gain":0,"player_choice":"Purged","damage_taken":0,"max_hp_gain":0,"max_hp_loss":0,"event_name":"Purifier","floor":10,"gold_loss":0}],"is_beta":false,"boss_relics":[],"items_purged_floors":[],"is_endless":false,"potions_floor_spawned":[5,7,11,14],"killed_by":"Hexaghost","ascension_level":10}