{"gold_per_floor":[112,125,143,143,166,202,223,223,246,246,260,286,14,35,35,128,128,144,124,124,148,148],"floor_reached":22,"playtime":763,"items_purged":[],"score":323,"play_id":"372b31bc-b482-48d5-a06d-eeec02d09870","local_time":"20190301142130","is_ascension_mode":true,"campfire_choices":[{"data":"Coolheaded","floor":15,"key":"SMITH"}],"neow_cost":"NONE","seed_source_timestamp":1190958964430365,"circlet_count":0,"master_deck":["AscendersBane","Strike_B","Strike_B","Strike_B","Defend_B+1","Defend_B+1","Defend_B","Defend_B","Zap","Dualcast","Coolheaded+1","Sweeping Beam","Gash","Doom and Gloom","Glacier","Coolheaded","FTL","Gash","Seek","Steam","Cold Snap","Genetic Algorithm"],"relics":["Cracked Core","NeowsBlessing","Golden Idol","DataDisk","War Paint","Odd Mushroom","TheAbacus","White Beast Statue","Enchiridion"],"potions_floor_usage":[6,16,18],"damage_taken":[{"damage":0,"enemies":"Jaw Worm","floor":1,"turns":1},{"damage":0,"enemies":"2 Louse","floor":2,"turns":1},{"damage":0,"enemies":"Small Slimes","floor":3,"turns":1},{"damage":4,"enemies":"Looter","floor":5,"turns":5},{"damage":21,"enemies":"3 Sentries","floor":6,"turns":6},{"damage":3,"enemies":"2 Fungi Beasts","floor":7,"turns":3},{"damage":1,"enemies":"Red Slaver","floor":11,"turns":5},{"damage":14,"enemies":"The Mushroom Lair","floor":12,"turns":3},{"damage":0,"enemies":"Blue Slaver","floor":14,"turns":4},{"damage":8,"enemies":"Slime Boss","floor":16,"turns":9},{"damage":0,"enemies":"3 Byrds","floor":18,"turns":4},{"damage":14,"enemies":"2 Thieves","floor":19,"turns":5},{"damage":20,"enemies":"Chosen and Byrds","floor":21,"turns":9},{"damage":12,"enemies":"Snake Plant","floor":22,"turns":2}],"seed_played":"-8239503064328686080","potions_obtained":[{"floor":2,"key":"FearPotion"},{"floor":3,"key":"Explosive Potion"},{"floor":7,"key":"FocusPotion"},{"floor":18,"key":"SteroidPotion"},{"floor":19,"key":"SteroidPotion"}],"is_trial":false,"path_per_floor":["M","M","M","?","M","E","M","?","T","?","M","?","$","M","R","B",null,"M","M","?","M","M"],"character_chosen":"DEFECT","items_purchased":["FTL","TheAbacus"],"campfire_rested":0,"item_purchase_floors":[13,13],"current_hp_per_floor":[64,64,64,64,60,39,36,58,58,51,50,36,36,36,36,28,57,57,43,27,7,0],"gold":148,"neow_bonus":"THREE_ENEMY_KILL","is_prod":false,"is_daily":false,"chose_seed":false,"campfire_upgraded":1,"win_rate":0,"timestamp":1551428490,"path_taken":["M","M","M","?","M","E","M","?","T","?","M","?","$","M","R","BOSS","M","M","?","M","M"],"build_version":"2019-01-23","purchased_purges":0,"victory":false,"max_hp_per_floor":[71,71,71,66,66,66,66,66,66,66,66,66,66,66,66,66,66,66,66,66,66,66],"card_choices":[{"not_picked":["Hologram","Chaos"],"picked":"Coolheaded","floor":1},{"not_picked":["Hologram","Turbo","Stack"],"picked":"SKIP","floor":2},{"not_picked":["Compile Driver","Recycle"],"picked":"Sweeping Beam","floor":3},{"not_picked":["Barrage","Steam Power"],"picked":"Gash","floor":5},{"not_picked":["Darkness","Ball Lightning"],"picked":"Doom and Gloom","floor":6},{"not_picked":["Coolheaded","Steam"],"picked":"Glacier","floor":7},{"not_picked":["Buffer","Steam"],"picked":"Coolheaded","floor":11},{"not_picked":["Fusion","Cold Snap"],"picked":"Gash","floor":14},{"not_picked":["Thunder Strike","Meteor Strike"],"picked":"Seek","floor":16},{"not_picked":["Blizzard","Sweeping Beam"],"picked":"Steam","floor":18},{"not_picked":["Chaos","Ball Lightning+1"],"picked":"Cold Snap","floor":19},{"not_picked":["Cold Snap","Static Discharge"],"picked":"Genetic Algorithm","floor":21}],"player_experience":924068,"relics_obtained":[{"floor":6,"key":"DataDisk"},{"floor":9,"key":"War Paint"},{"floor":12,"key":"Odd Mushroom"},{"floor":20,"key":"Enchiridion"}],"event_choices":[{"damage_healed":0,"gold_gain":0,"player_choice":"Lose Max HP","damage_taken":0,"relics_obtained":["Golden Idol"],"max_hp_gain":0,"max_hp_loss":5,"event_name":"Golden Idol","floor":4,"gold_loss":0},{"damage_healed":22,"gold_gain":0,"player_choice":"Banana","damage_taken":0,"max_hp_gain":0,"max_hp_loss":0,"event_name":"Big Fish","floor":8,"gold_loss":0},{"cards_removed":["Strike_B"],"damage_healed":0,"gold_gain":0,"player_choice":"Card Removal","damage_taken":7,"max_hp_gain":0,"max_hp_loss":0,"event_name":"Golden Wing","floor":10,"gold_loss":0},{"damage_healed":0,"gold_gain":0,"player_choice":"Fought Mushrooms","damage_taken":0,"max_hp_gain":0,"max_hp_loss":0,"event_name":"Mushrooms","floor":12,"gold_loss":0},{"damage_healed":0,"gold_gain":0,"player_choice":"Obtained Book","damage_taken":16,"max_hp_gain":0,"max_hp_loss":0,"event_name":"Cursed Tome","floor":20,"gold_loss":0}],"is_beta":false,"boss_relics":[{"not_picked":["Philosopher\u0027s Stone","Orrery"],"picked":"White Beast Statue"}],"items_purged_floors":[],"is_endless":false,"potions_floor_spawned":[2,3,7,14,18,19,21],"killed_by":"Snake Plant","ascension_level":14}