{"gold_per_floor":[111,131,131,131,131,131,150,150,150,165,193,193,193,203,203,305,305,315,315,325,338,357,384,384],"floor_reached":24,"playtime":1698,"items_purged":[],"score":229,"play_id":"5fd3eb5d-da7f-4a66-a296-053109fe3335","local_time":"20190130222518","is_ascension_mode":true,"campfire_choices":[{"data":"Neutralize","floor":6.0,"key":"SMITH"},{"data":"Dagger Throw","floor":8.0,"key":"SMITH"},{"data":"Quick Slash","floor":13.0,"key":"SMITH"},{"floor":15.0,"key":"REST"}],"neow_cost":"NONE","seed_source_timestamp":0,"circlet_count":0,"master_deck":["Survivor+1","Neutralize+1","Dagger Throw+1","Dagger Spray+1","Cloak And Dagger","Prepared","Quick Slash+1","Deadly Poison","Deadly Poison","Endless Agony","Dash","A Thousand Cuts+1","Adrenaline","Expertise","Prepared","Distraction","Slice","Envenom+1","Finisher","Reflex","Blur","Endless Agony+1","Acrobatics+1","Deadly Poison"],"special_seed":0,"relics":["Ring of the Snake","NeowsBlessing","Thread and Needle","Dream Catcher","Frozen Egg 2","Pandora\u0027s Box","Anchor"],"potions_floor_usage":[],"damage_taken":[{"damage":0.0,"enemies":"Small Slimes","floor":1.0,"turns":1.0},{"damage":0.0,"enemies":"Jaw Worm","floor":2.0,"turns":1.0},{"damage":0.0,"enemies":"2 Louse","floor":7.0,"turns":1.0},{"damage":5.0,"enemies":"Exordium Thugs","floor":10.0,"turns":4.0},{"damage":5.0,"enemies":"3 Sentries","floor":11.0,"turns":5.0},{"damage":0.0,"enemies":"Looter","floor":14.0,"turns":2.0},{"damage":18.0,"enemies":"The Guardian","floor":16.0,"turns":10.0},{"damage":21,"enemies":"2 Thieves","floor":18,"turns":3},{"damage":6,"enemies":"Chosen","floor":20,"turns":3},{"damage":2,"enemies":"3 Cultists","floor":21,"turns":3},{"damage":15,"enemies":"Snake Plant","floor":22,"turns":4},{"damage":14,"enemies":"Gremlin Leader","floor":23,"turns":3},{"damage":24,"enemies":"Shelled Parasite and Fungi","floor":24,"turns":3}],"seed_played":"-7065662285203218020","potions_obtained":[{"floor":1.0,"key":"Energy Potion"},{"floor":10.0,"key":"Swift Potion"},{"floor":14.0,"key":"Energy Potion"},{"floor":23,"key":"SteroidPotion"}],"is_trial":false,"path_per_floor":["M","M","?","?","?","R","M","R","T","M","E","T","R","M","R","B",null,"M","?","M","M","M","E","M"],"character_chosen":"THE_SILENT","items_purchased":[],"campfire_rested":1,"item_purchase_floors":[],"current_hp_per_floor":[70,70,75,60,60,60,60,60,60,55,50,50,50,50,72,54,75,54,54,48,46,31,17,0],"gold":384,"neow_bonus":"THREE_ENEMY_KILL","is_prod":false,"is_daily":false,"chose_seed":false,"campfire_upgraded":3,"win_rate":0,"timestamp":1548908718,"path_taken":["M","M","?","?","?","R","M","R","T","M","E","?","R","M","R","BOSS","M","?","M","M","M","E","M"],"build_version":"2019-01-23","purchased_purges":0,"victory":false,"max_hp_per_floor":[70,70,75,75,75,75,75,75,75,75,75,75,75,75,75,75,75,75,75,75,75,75,75,75],"card_choices":[{"not_picked":["Eviscerate","Predator"],"picked":"Dagger Throw","floor":1.0},{"not_picked":["Concentrate","Catalyst"],"picked":"Dagger Spray","floor":2.0},{"not_picked":["Reflex","Riddle With Holes"],"picked":"Cloak And Dagger","floor":7.0},{"not_picked":["Acrobatics","All Out Attack"],"picked":"Prepared","floor":10.0},{"not_picked":["Wraith Form v2","Backflip"],"picked":"Quick Slash","floor":11.0},{"not_picked":["Dash","Sucker Punch"],"picked":"Deadly Poison","floor":14.0},{"not_picked":["Quick Slash","Accuracy+1"],"picked":"Deadly Poison","floor":15.0},{"not_picked":["Unload","Night Terror"],"picked":"Burst","floor":16.0},{"not_picked":["PiercingWail","Outmaneuver"],"picked":"Reflex","floor":18},{"not_picked":["Choke","PiercingWail+1"],"picked":"Blur","floor":20},{"not_picked":["PiercingWail","Dash"],"picked":"Endless Agony+1","floor":21},{"not_picked":["Prepared","Sucker Punch"],"picked":"Acrobatics+1","floor":22},{"not_picked":["Dagger Spray","Backstab+1"],"picked":"Deadly Poison","floor":23}],"player_experience":112905,"relics_obtained":[{"floor":9.0,"key":"Thread and Needle"},{"floor":11.0,"key":"Dream Catcher"},{"floor":12.0,"key":"Frozen Egg 2"},{"floor":23,"key":"Anchor"}],"event_choices":[{"damage_healed":0.0,"max_hp_gain":5.0,"max_hp_loss":0.0,"gold_gain":0.0,"event_name":"Big Fish","player_choice":"Donut","floor":3.0,"gold_loss":0.0,"damage_taken":0.0},{"damage_healed":0.0,"max_hp_gain":0.0,"max_hp_loss":0.0,"gold_gain":0.0,"event_name":"Shining Light","player_choice":"Entered Light","floor":4.0,"gold_loss":0.0,"damage_taken":15.0,"cards_upgraded":["Defend_G","Survivor"]},{"damage_healed":0.0,"max_hp_gain":0.0,"max_hp_loss":0.0,"gold_gain":0.0,"event_name":"Living Wall","player_choice":"Grow","floor":5.0,"gold_loss":0.0,"damage_taken":0.0,"cards_upgraded":["Dagger Spray"]},{"cards_removed":["Burst"],"damage_healed":0,"gold_gain":0,"player_choice":"Purged","damage_taken":0,"max_hp_gain":0,"max_hp_loss":0,"event_name":"Purifier","floor":19,"gold_loss":0}],"is_beta":false,"boss_relics":[{"not_picked":["Eternal Feather","Snecko Eye"],"picked":"Pandora\u0027s Box"}],"items_purged_floors":[],"is_endless":false,"potions_floor_spawned":[1,10,14,23],"killed_by":"Shelled Parasite and Fungi","ascension_level":1}