{"gold_per_floor":[210,62,137,87,103,103,152,6,31,43,63,63,63,82,82,186,186,171,18,18,28,28,28,28,28,28,28,39,39],"floor_reached":29,"playtime":1215,"items_purged":["Strike_R","Strike_R"],"score":211,"play_id":"73c5658e-92e0-4f48-9ce2-4eedba3cc608","local_time":"20190311020011","is_ascension_mode":false,"campfire_choices":[{"data":"Armaments","floor":6,"key":"SMITH"},{"floor":12,"key":"RECALL"},{"data":"Body Slam","floor":15,"key":"SMITH"},{"data":"Entrench","floor":23,"key":"SMITH"},{"data":"Body Slam","floor":25,"key":"SMITH"},{"data":"Bash","floor":27,"key":"SMITH"}],"neow_cost":"NONE","seed_source_timestamp":851267216569856,"circlet_count":0,"master_deck":["Strike_R","Strike_R","Defend_R","Defend_R","Defend_R","Defend_R","Bash+1","Armaments+1","Inflame","Body Slam+1","Shrug It Off","Entrench+1","Body Slam+1"],"relics":["Black Blood","Lantern","Anchor","Blue Candle"],"potions_floor_usage":[29,29,29],"damage_taken":[{"damage":5,"enemies":"2 Louse","floor":1,"turns":3},{"damage":0,"enemies":"Small Slimes","floor":5,"turns":3},{"damage":0,"enemies":"Jaw Worm","floor":10,"turns":3},{"damage":6,"enemies":"Blue Slaver","floor":11,"turns":4},{"damage":5,"enemies":"Exordium Wildlife","floor":14,"turns":8},{"damage":28,"enemies":"The Guardian","floor":16,"turns":10},{"damage":30,"enemies":"2 Thieves","floor":18,"turns":4},{"damage":18,"enemies":"Colosseum Slavers","floor":20,"turns":7},{"damage":11,"enemies":"Chosen","floor":21,"turns":5},{"damage":6,"enemies":"Snake Plant","floor":28,"turns":4},{"damage":61,"enemies":"Slavers","floor":29,"turns":4}],"seed_played":"-3934903089930847675","potions_obtained":[{"floor":1,"key":"Block Potion"},{"floor":5,"key":"GamblersBrew"},{"floor":14,"key":"LiquidBronze"},{"floor":18,"key":"LiquidBronze"}],"is_trial":false,"path_per_floor":["M","$","?","?","M","R","T","$","T","M","M","R","$","M","R","B",null,"M","$","?","M","?","R","?","R","T","R","M","E"],"character_chosen":"IRONCLAD","items_purchased":["Inflame","Shrug It Off","Anchor"],"campfire_rested":0,"item_purchase_floors":[2,8,19],"current_hp_per_floor":[80,80,69,69,75,75,75,75,75,80,80,80,80,80,80,58,80,60,60,52,51,51,51,51,51,51,51,55,0],"gold":39,"neow_bonus":"HUNDRED_GOLD","is_prod":false,"is_daily":false,"chose_seed":false,"campfire_upgraded":5,"win_rate":0,"timestamp":1552284011,"path_taken":["M","$","?","?","M","R","?","?","T","?","M","R","$","M","R","BOSS","M","$","?","M","?","R","?","R","T","R","M","E"],"build_version":"2019-01-23","purchased_purges":2,"victory":false,"max_hp_per_floor":[80,80,80,80,80,80,80,80,80,80,80,80,80,80,80,80,80,80,80,80,80,80,80,80,80,80,80,80,80],"card_choices":[{"not_picked":["Ghostly Armor","Clash"],"picked":"Armaments","floor":1},{"not_picked":["Whirlwind","Wild Strike"],"picked":"Body Slam","floor":5},{"not_picked":["Pommel Strike","Anger","Whirlwind"],"picked":"SKIP","floor":10},{"not_picked":["Whirlwind","Armaments"],"picked":"Entrench","floor":11},{"not_picked":["Flex","Whirlwind"],"picked":"Body Slam","floor":14},{"not_picked":["Power Through","Evolve","Pummel"],"picked":"SKIP","floor":18},{"not_picked":["Cleave","Spot Weakness","Iron Wave+1"],"picked":"SKIP","floor":21},{"not_picked":["Heavy Blade","Perfected Strike+1","Searing Blow"],"picked":"SKIP","floor":28}],"player_experience":1211595,"relics_obtained":[{"floor":7,"key":"Lantern"},{"floor":26,"key":"Blue Candle"}],"event_choices":[{"damage_healed":0,"gold_gain":75,"player_choice":"Gather Gold","damage_taken":11,"max_hp_gain":0,"max_hp_loss":0,"event_name":"World of Goop","floor":3,"gold_loss":0},{"cards_removed":["Strike_R"],"damage_healed":0,"gold_gain":0,"player_choice":"Card Removal","damage_taken":0,"max_hp_gain":0,"max_hp_loss":0,"event_name":"The Cleric","floor":4,"gold_loss":50},{"damage_healed":0,"gold_gain":0,"player_choice":"Fight","damage_taken":0,"max_hp_gain":0,"max_hp_loss":0,"event_name":"Colosseum","floor":20,"gold_loss":0},{"damage_healed":0,"gold_gain":0,"player_choice":"Fled From Nobs","damage_taken":0,"max_hp_gain":0,"max_hp_loss":0,"event_name":"Colosseum","floor":20,"gold_loss":0},{"damage_healed":0,"gold_gain":0,"player_choice":"Ignored","damage_taken":0,"max_hp_gain":0,"max_hp_loss":0,"event_name":"Ghosts","floor":22,"gold_loss":0},{"damage_healed":0,"gold_gain":0,"player_choice":"Ignored","damage_taken":0,"max_hp_gain":0,"max_hp_loss":0,"event_name":"Vampires","floor":24,"gold_loss":0}],"is_beta":false,"boss_relics":[{"not_picked":["Snecko Eye","Coffee Dripper"],"picked":"Black Blood"}],"items_purged_floors":[2,8],"is_endless":false,"potions_floor_spawned":[1,5,14,16,18,20,28],"killed_by":"Slavers","ascension_level":0}