{"gold_per_floor":[119,136,148,115,128,157,171,171],"floor_reached":8,"playtime":2313,"items_purged":[],"score":65,"play_id":"45367afd-5a7c-4a53-bade-b0ed95f3888f","local_time":"20190201013113","is_ascension_mode":true,"campfire_choices":[],"neow_cost":"PERCENT_DAMAGE","seed_source_timestamp":952179263272116,"circlet_count":0,"master_deck":["Defend_G","Defend_G","Defend_G","Defend_G","Defend_G","Strike_G","Strike_G","Strike_G","Strike_G","Strike_G","Survivor","Neutralize","After Image","PiercingWail","Blur","Noxious Fumes","Caltrops","Calculated Gamble","Prepared"],"relics":["Ring of the Snake","Gremlin Horn"],"potions_floor_usage":[8],"damage_taken":[{"damage":0,"enemies":"Cultist","floor":1,"turns":5},{"damage":0,"enemies":"2 Louse","floor":2,"turns":3},{"damage":5,"enemies":"Small Slimes","floor":3,"turns":7},{"damage":0,"enemies":"Exordium Thugs","floor":4,"turns":5},{"damage":0,"enemies":"Red Slaver","floor":5,"turns":7},{"damage":23,"enemies":"Gremlin Nob","floor":6,"turns":6},{"damage":14,"enemies":"Looter","floor":7,"turns":4},{"damage":11,"enemies":"Lots of Slimes","floor":8,"turns":3}],"seed_played":"-4886887435788842267","potions_obtained":[{"floor":5,"key":"FearPotion"},{"floor":7,"key":"Dexterity Potion"}],"is_trial":false,"path_per_floor":["M","M","M","M","M","E","M","M"],"character_chosen":"THE_SILENT","items_purchased":[],"campfire_rested":0,"item_purchase_floors":[],"current_hp_per_floor":[49,49,44,44,44,21,7,0],"gold":171,"neow_bonus":"THREE_RARE_CARDS","is_prod":false,"is_daily":false,"chose_seed":false,"campfire_upgraded":0,"win_rate":0,"timestamp":1549006273,"path_taken":["M","M","M","M","M","E","M","M"],"build_version":"2019-01-23","purchased_purges":0,"victory":false,"max_hp_per_floor":[70,70,70,70,70,70,70,70],"card_choices":[{"not_picked":["Phantasmal Killer","Grand Finale"],"picked":"After Image","floor":0},{"not_picked":["Underhanded Strike","Dagger Throw"],"picked":"PiercingWail","floor":1},{"not_picked":["Skewer","Quick Slash"],"picked":"Blur","floor":2},{"not_picked":["Underhanded Strike","Masterful Stab","Finisher"],"picked":"SKIP","floor":3},{"not_picked":["Quick Slash","Dagger Throw"],"picked":"Noxious Fumes","floor":4},{"not_picked":["Phantasmal Killer","Deflect"],"picked":"Caltrops","floor":5},{"not_picked":["Sucker Punch","Slice"],"picked":"Calculated Gamble","floor":6},{"not_picked":["Leg Sweep","Slice"],"picked":"Prepared","floor":7}],"player_experience":122667,"relics_obtained":[{"floor":6,"key":"Gremlin Horn"}],"event_choices":[],"is_beta":false,"boss_relics":[],"items_purged_floors":[],"is_endless":false,"potions_floor_spawned":[5,7],"killed_by":"Lots of Slimes","ascension_level":1}