{"gold_per_floor":[113,113,113,124,124,153,177,193,217,93,93,124,124,88,88,192,192,211,211,226,240,339,339,358,358,358,371,371],"floor_reached":28,"playtime":2594,"items_purged":[],"score":276,"play_id":"b1b6c657-caf0-4e63-bd0a-0fcc16b732b1","local_time":"20190311094637","is_ascension_mode":false,"campfire_choices":[{"floor":11,"key":"REST"},{"floor":15,"key":"REST"},{"floor":23,"key":"REST"},{"floor":25,"key":"REST"}],"neow_cost":"NONE","seed_source_timestamp":1235551258612962,"circlet_count":0,"master_deck":["Strike_R","Strike_R","Strike_R","Strike_R","Strike_R","Defend_R","Defend_R+1","Defend_R+1","Defend_R","Bash","Thunderclap+1","Rupture","Thunderclap","Pommel Strike","Combust+1","Heavy Blade","Cleave","Rupture","Demon Form","Thunderclap","Flame Barrier","Dual Wield","Anger","Ghostly Armor","Heavy Blade","Demon Form","Anger","Dropkick","Heavy Blade"],"relics":["Burning Blood","Red Skull","Matryoshka","Bag of Marbles","Orichalcum","Bag of Preparation","War Paint","Sundial","Orrery","Dream Catcher"],"potions_floor_usage":[16,16,27,27],"damage_taken":[{"damage":0,"enemies":"Small Slimes","floor":1,"turns":4},{"damage":3,"enemies":"2 Louse","floor":4,"turns":3},{"damage":49,"enemies":"Gremlin Nob","floor":6,"turns":5},{"damage":5,"enemies":"Jaw Worm","floor":8,"turns":4},{"damage":21,"enemies":"3 Sentries","floor":12,"turns":5},{"damage":5,"enemies":"Slime Boss","floor":16,"turns":7},{"damage":18,"enemies":"Shell Parasite","floor":18,"turns":5},{"damage":22,"enemies":"Chosen","floor":20,"turns":5},{"damage":40,"enemies":"Sentry and Sphere","floor":21,"turns":6},{"damage":14,"enemies":"Snecko","floor":24,"turns":5},{"damage":59,"enemies":"Cultist and Chosen","floor":27,"turns":6},{"damage":25,"enemies":"Book of Stabbing","floor":28,"turns":4}],"seed_played":"3878940410429509716","potions_obtained":[{"floor":6,"key":"Block Potion"},{"floor":8,"key":"Fire Potion"},{"floor":18,"key":"Fire Potion"},{"floor":21,"key":"Block Potion"}],"is_trial":false,"path_per_floor":["M","?","?","M","?","E","T","M","T","$","R","E","?","$","R","B",null,"M","?","M","M","?","R","M","R","T","M","E"],"character_chosen":"IRONCLAD","items_purchased":["Combust","Heavy Blade","Rupture"],"campfire_rested":4,"item_purchase_floors":[10,10,14],"current_hp_per_floor":[88,88,85,88,93,50,50,51,51,51,78,63,44,44,71,72,93,81,81,65,31,31,58,50,77,77,24,0],"gold":371,"neow_bonus":"TEN_PERCENT_HP_BONUS","is_prod":false,"is_daily":false,"chose_seed":false,"campfire_upgraded":0,"win_rate":0.0,"timestamp":1552308397,"path_taken":["M","?","?","M","?","E","?","?","T","?","R","E","?","$","R","BOSS","M","?","M","?","?","R","M","R","T","M","E"],"build_version":"2019-01-23","purchased_purges":0,"victory":false,"max_hp_per_floor":[88,88,88,88,93,93,93,93,93,93,93,93,93,93,93,93,93,93,93,93,93,93,93,93,93,93,93,93],"card_choices":[{"not_picked":["Pommel Strike","Rupture"],"picked":"Thunderclap","floor":1},{"not_picked":["Clash","Armaments"],"picked":"Rupture","floor":4},{"not_picked":["Warcry","Armaments"],"picked":"Thunderclap","floor":6},{"not_picked":["Pummel","Iron Wave"],"picked":"Pommel Strike","floor":8},{"not_picked":["Sever Soul","Dual Wield"],"picked":"Cleave","floor":12},{"not_picked":["Limit Break","Brutality"],"picked":"Demon Form","floor":16},{"not_picked":["True Grit","Entrench"],"picked":"Thunderclap","floor":17},{"not_picked":["Reckless Charge","Iron Wave"],"picked":"Flame Barrier","floor":17},{"not_picked":["Shrug It Off","Second Wind"],"picked":"Dual Wield","floor":17},{"not_picked":["Armaments","Metallicize"],"picked":"Anger","floor":17},{"not_picked":["Body Slam","Flame Barrier"],"picked":"Ghostly Armor","floor":17},{"not_picked":["Headbutt+1","Pummel+1"],"picked":"Heavy Blade","floor":18},{"not_picked":["Intimidate+1","Blood for Blood"],"picked":"Anger","floor":20},{"not_picked":["Metallicize","Reckless Charge+1"],"picked":"Dropkick","floor":21},{"not_picked":["Anger+1","Iron Wave+1"],"picked":"Heavy Blade","floor":24},{"not_picked":["Thunderclap","Seeing Red","Perfected Strike"],"picked":"SKIP","floor":27}],"player_experience":67813,"relics_obtained":[{"floor":6,"key":"Matryoshka"},{"floor":7,"key":"Bag of Marbles"},{"floor":7,"key":"Orichalcum"},{"floor":9,"key":"Bag of Preparation"},{"floor":9,"key":"War Paint"},{"floor":12,"key":"Sundial"},{"floor":26,"key":"Dream Catcher"}],"event_choices":[{"damage_healed":0,"gold_gain":0,"player_choice":"Leave","damage_taken":0,"max_hp_gain":0,"max_hp_loss":0,"event_name":"The Cleric","floor":2,"gold_loss":0},{"damage_healed":0,"gold_gain":0,"player_choice":"Success","damage_taken":3,"relics_obtained":["Red Skull"],"max_hp_gain":0,"max_hp_loss":0,"event_name":"Scrap Ooze","floor":3,"gold_loss":0},{"damage_healed":0,"gold_gain":0,"player_choice":"Donut","damage_taken":0,"max_hp_gain":5,"max_hp_loss":0,"event_name":"Big Fish","floor":5,"gold_loss":0},{"damage_healed":0,"gold_gain":0,"player_choice":"Entered Light","damage_taken":19,"max_hp_gain":0,"max_hp_loss":0,"event_name":"Shining Light","floor":13,"gold_loss":0,"cards_upgraded":["Combust","Thunderclap"]},{"damage_healed":0,"gold_gain":0,"player_choice":"Copied","damage_taken":0,"max_hp_gain":0,"max_hp_loss":0,"event_name":"Duplicator","floor":19,"gold_loss":0,"cards_obtained":["Demon Form"]},{"damage_healed":0,"gold_gain":99,"player_choice":"Stole From Cult","damage_taken":0,"max_hp_gain":0,"max_hp_loss":0,"event_name":"Nest","floor":22,"gold_loss":0}],"is_beta":false,"boss_relics":[{"not_picked":["Empty Cage","Runic Dome"],"picked":"Orrery"}],"items_purged_floors":[],"is_endless":false,"potions_floor_spawned":[6,8,18,21],"killed_by":"Book of Stabbing","ascension_level":0}