{"gold_per_floor":[20,20,34,134,152,152,172,183,236,256,270,289,239,255,255,255],"floor_reached":16,"playtime":2055,"items_purged":[],"score":148,"play_id":"a85bc116-3333-4f2c-8d4a-4e28c7e880ff","local_time":"20190305142054","is_ascension_mode":false,"campfire_choices":[{"data":"Footwork","floor":6,"key":"SMITH"},{"floor":15,"key":"REST"}],"neow_cost":"NO_GOLD","seed_source_timestamp":0,"circlet_count":0,"master_deck":["Defend_G","Defend_G","Defend_G","Defend_G","Strike_G","Strike_G","Strike_G","Strike_G","Strike_G","Survivor","Neutralize","PiercingWail","Footwork+1","Backflip","Blur","Prepared","Well Laid Plans","Backflip"],"special_seed":0,"relics":["Ring of the Snake","Bird Faced Urn","Bag of Preparation"],"potions_floor_usage":[5,16],"damage_taken":[{"damage":0,"enemies":"Small Slimes","floor":1,"turns":4},{"damage":0,"enemies":"Cultist","floor":3,"turns":4},{"damage":0,"enemies":"2 Louse","floor":5,"turns":4},{"damage":0,"enemies":"Exordium Wildlife","floor":7,"turns":5},{"damage":0,"enemies":"2 Fungi Beasts","floor":8,"turns":8},{"damage":17,"enemies":"Gremlin Gang","floor":10,"turns":8},{"damage":10,"enemies":"Exordium Thugs","floor":11,"turns":10},{"damage":3,"enemies":"3 Louse","floor":12,"turns":5},{"damage":0,"enemies":"2 Fungi Beasts","floor":14,"turns":6},{"damage":75,"enemies":"Hexaghost","floor":16,"turns":22}],"seed_played":"4169934049078476520","potions_obtained":[{"floor":3,"key":"Ancient Potion"},{"floor":5,"key":"Fruit Juice"},{"floor":12,"key":"Strength Potion"}],"is_trial":false,"path_per_floor":["M","$","M","?","M","R","M","M","T","M","M","M","?","M","R","B"],"character_chosen":"THE_SILENT","items_purchased":[],"campfire_rested":1,"item_purchase_floors":[],"current_hp_per_floor":[70,70,70,70,75,75,75,75,75,58,50,49,49,53,75,0],"gold":255,"neow_bonus":"ONE_RARE_RELIC","is_prod":false,"is_daily":false,"chose_seed":false,"campfire_upgraded":1,"win_rate":0.0,"timestamp":1551792054,"path_taken":["M","$","M","?","M","R","M","?","T","M","M","M","?","M","R","BOSS"],"build_version":"2019-01-23","purchased_purges":0,"victory":false,"max_hp_per_floor":[70,70,70,70,75,75,75,75,75,75,75,75,75,75,75,75],"card_choices":[{"not_picked":["Dagger Throw","Masterful Stab"],"picked":"PiercingWail","floor":1},{"not_picked":["Riddle With Holes","Reflex"],"picked":"Footwork","floor":3},{"not_picked":["Bane","Dodge and Roll","Underhanded Strike"],"picked":"SKIP","floor":5},{"not_picked":["Cloak And Dagger","Quick Slash"],"picked":"Backflip","floor":7},{"not_picked":["Slice","Riddle With Holes"],"picked":"Blur","floor":8},{"not_picked":["Dash","Quick Slash","Dagger Throw"],"picked":"SKIP","floor":10},{"not_picked":["Sucker Punch","Dash"],"picked":"Prepared","floor":11},{"not_picked":["PiercingWail","Dash"],"picked":"Well Laid Plans","floor":12},{"not_picked":["Poisoned Stab","Unload"],"picked":"Backflip","floor":14}],"player_experience":44650,"relics_obtained":[{"floor":9,"key":"Bag of Preparation"}],"event_choices":[{"damage_healed":0,"gold_gain":100,"player_choice":"Pray","damage_taken":0,"max_hp_gain":0,"max_hp_loss":0,"event_name":"Golden Shrine","floor":4,"gold_loss":0},{"cards_removed":["Defend_G"],"damage_healed":0,"gold_gain":0,"player_choice":"Card Removal","damage_taken":0,"max_hp_gain":0,"max_hp_loss":0,"event_name":"The Cleric","floor":13,"gold_loss":50}],"is_beta":false,"boss_relics":[],"items_purged_floors":[],"is_endless":false,"potions_floor_spawned":[3,5,12],"killed_by":"Hexaghost","ascension_level":0}