{"gold_per_floor":[115,1,15,25,25,60,60,70,97,127,137,137,97,97,97,97],"floor_reached":16,"playtime":724,"items_purged":["Strike_B"],"score":135,"play_id":"10315176-9885-4656-8551-e96973100ffe","local_time":"20190308004423","is_ascension_mode":false,"campfire_choices":[{"data":"Machine Learning","floor":7,"key":"SMITH"},{"data":"Double Energy","floor":15,"key":"SMITH"}],"neow_cost":"CURSE","seed_source_timestamp":211757453364044,"circlet_count":0,"master_deck":["Strike_B","Strike_B","Strike_B","Defend_B","Defend_B","Defend_B","Defend_B","Zap+1","Dualcast","Normality","Machine Learning+1","FTL","Double Energy+1","Steam","Sweeping Beam","FTL+1","Conserve Battery","Gash","Coolheaded"],"relics":["Cracked Core","Anchor","Bag of Preparation","Strawberry","Mango"],"potions_floor_usage":[6],"damage_taken":[{"damage":4,"enemies":"Cultist","floor":1,"turns":4},{"damage":6,"enemies":"Jaw Worm","floor":3,"turns":3},{"damage":9,"enemies":"2 Louse","floor":4,"turns":3},{"damage":21,"enemies":"3 Sentries","floor":6,"turns":6},{"damage":6,"enemies":"Large Slime","floor":8,"turns":5},{"damage":10,"enemies":"Lagavulin","floor":10,"turns":8},{"damage":5,"enemies":"Lots of Slimes","floor":11,"turns":3},{"damage":29,"enemies":"Slime Boss","floor":16,"turns":10}],"seed_played":"-1265486371751062734","potions_obtained":[{"floor":3,"key":"Fruit Juice"},{"floor":6,"key":"Ancient Potion"},{"floor":10,"key":"LiquidBronze"},{"floor":11,"key":"Ancient Potion"}],"is_trial":false,"path_per_floor":["M","$","M","M","$","E","R","M","T","E","M","?","?","?","R","B"],"character_chosen":"DEFECT","items_purchased":["Double Energy"],"campfire_rested":0,"item_purchase_floors":[2],"current_hp_per_floor":[71,71,65,56,56,40,40,34,34,31,26,9,9,23,23,0],"gold":97,"neow_bonus":"THREE_RARE_CARDS","is_prod":false,"is_daily":false,"chose_seed":false,"campfire_upgraded":2,"win_rate":0,"timestamp":1552002263,"path_taken":["M","$","?","M","$","E","R","M","T","E","M","?","?","?","R","BOSS"],"build_version":"2019-01-23","purchased_purges":1,"victory":false,"max_hp_per_floor":[75,75,75,75,75,80,80,80,80,87,87,87,87,101,101,101],"card_choices":[{"not_picked":["Thunder Strike","Fission"],"picked":"Machine Learning","floor":0},{"not_picked":["Streamline","Force Field"],"picked":"FTL","floor":1},{"not_picked":["Stack","Darkness"],"picked":"Steam","floor":3},{"not_picked":["Cold Snap","Consume"],"picked":"Sweeping Beam","floor":4},{"not_picked":["Turbo","Rip and Tear"],"picked":"FTL","floor":6},{"not_picked":["Compile Driver","Glacier"],"picked":"Conserve Battery","floor":8},{"not_picked":["Meteor Strike","Capacitor"],"picked":"Gash","floor":10},{"not_picked":["White Noise","Ball Lightning"],"picked":"Coolheaded","floor":11}],"player_experience":103532,"relics_obtained":[{"floor":6,"key":"Anchor"},{"floor":9,"key":"Bag of Preparation"},{"floor":10,"key":"Strawberry"}],"event_choices":[{"damage_healed":0,"gold_gain":0,"player_choice":"Entered Light","damage_taken":17,"max_hp_gain":0,"max_hp_loss":0,"event_name":"Shining Light","floor":12,"gold_loss":0,"cards_upgraded":["FTL","Zap"]},{"damage_healed":0,"gold_gain":0,"player_choice":"Left Gold","damage_taken":0,"max_hp_gain":0,"max_hp_loss":0,"event_name":"World of Goop","floor":13,"gold_loss":40},{"damage_healed":0,"gold_gain":0,"player_choice":"Gave Potion","damage_taken":0,"relics_obtained":["Mango"],"max_hp_gain":0,"max_hp_loss":0,"event_name":"WeMeetAgain","floor":14,"gold_loss":0}],"is_beta":false,"boss_relics":[],"items_purged_floors":[2],"is_endless":false,"potions_floor_spawned":[3,6,10,11],"killed_by":"Slime Boss","ascension_level":0}