{"gold_per_floor":[99,49,49,49,49,49,25,25,25,25,25,10,10,10,10,10,10,0,0,0,0,0,0,0,0,0,0,0,0,0,0,0,0],"floor_reached":33,"playtime":619,"items_purged":[],"score":268,"play_id":"51f2d432-2110-4ae4-b17b-8d1d08fcb174","local_time":"20190305140004","is_ascension_mode":false,"campfire_choices":[{"data":"Flex","floor":6,"key":"SMITH"},{"data":"Defend_R","floor":15,"key":"PURGE"},{"data":"Strike_R+1","floor":23,"key":"PURGE"},{"data":"Reaper","floor":25,"key":"SMITH"},{"data":"Pommel Strike","floor":27,"key":"SMITH"},{"data":"Bash","floor":32,"key":"SMITH"}],"neow_cost":"NONE","seed_source_timestamp":1535422333185891,"circlet_count":0,"master_deck":["Strike_R+1","Strike_R+1","Strike_R+1","Defend_R+1","Bash+1","Carnage","Flex+1","Clash","Pommel Strike+1","Whirlwind","Thunderclap","Ghostly Armor","Reaper+1","Exhume","Pummel"],"relics":["Ectoplasm","Mercury Hourglass","Peace Pipe","Busted Crown","Pocketwatch"],"potions_floor_usage":[11,11,12,16],"damage_taken":[{"damage":0,"enemies":"Cultist","floor":1,"turns":2},{"damage":1,"enemies":"Jaw Worm","floor":3,"turns":2},{"damage":0,"enemies":"Small Slimes","floor":5,"turns":3},{"damage":0,"enemies":"2 Fungi Beasts","floor":8,"turns":2},{"damage":1,"enemies":"3 Louse","floor":10,"turns":2},{"damage":0,"enemies":"3 Sentries","floor":11,"turns":1},{"damage":8,"enemies":"Looter","floor":12,"turns":2},{"damage":0,"enemies":"Large Slime","floor":13,"turns":1},{"damage":12,"enemies":"Slime Boss","floor":16,"turns":5},{"damage":20,"enemies":"2 Thieves","floor":18,"turns":3},{"damage":0,"enemies":"3 Byrds","floor":24,"turns":2},{"damage":99,"enemies":"Champ","floor":33,"turns":8}],"seed_played":"5764517504254824516","potions_obtained":[{"floor":1,"key":"SteroidPotion"},{"floor":5,"key":"LiquidBronze"},{"floor":11,"key":"SkillPotion"},{"floor":12,"key":"EssenceOfSteel"},{"floor":16,"key":"BloodPotion"},{"floor":18,"key":"SkillPotion"}],"is_trial":false,"path_per_floor":["M","?","M","?","M","R","$","M","T","M","E","M","M","?","R","B",null,"M","?","?","?","?","R","M","R","T","R","$","?","?","$","R","B"],"character_chosen":"IRONCLAD","items_purchased":["Pommel Strike"],"campfire_rested":0,"item_purchase_floors":[7],"current_hp_per_floor":[80,80,79,79,79,79,79,79,79,78,78,70,70,70,70,68,80,70,70,70,70,55,55,80,80,80,80,80,80,80,80,80,0],"gold":0,"neow_bonus":"BOSS_RELIC","is_prod":false,"is_daily":false,"chose_seed":false,"campfire_upgraded":4,"win_rate":0,"timestamp":1551772804,"path_taken":["M","?","M","?","M","R","$","M","T","M","E","M","?","?","R","BOSS","M","?","?","?","?","R","M","R","T","R","$","?","?","?","R","BOSS"],"build_version":"2019-01-23","purchased_purges":0,"victory":false,"max_hp_per_floor":[80,80,80,80,80,80,80,80,80,80,80,80,80,80,80,80,80,80,80,80,80,85,85,85,85,85,85,85,85,85,85,85,85],"card_choices":[{"not_picked":["Power Through","Shrug It Off"],"picked":"Carnage","floor":1},{"not_picked":["Anger","Body Slam"],"picked":"Flex","floor":3},{"not_picked":["Reckless Charge","Shrug It Off"],"picked":"Clash","floor":5},{"not_picked":["Anger","Hemokinesis"],"picked":"Whirlwind","floor":8},{"not_picked":["Searing Blow","Wild Strike"],"picked":"Thunderclap","floor":10},{"not_picked":["Carnage","Uppercut","Cleave"],"picked":"SKIP","floor":11},{"not_picked":["Armaments","Uppercut"],"picked":"Ghostly Armor","floor":12},{"not_picked":["Clothesline","Sentinel"],"picked":"Reaper","floor":13},{"not_picked":["Fiend Fire","Dark Embrace"],"picked":"Exhume","floor":16},{"not_picked":[],"picked":"Pummel","floor":18},{"not_picked":["Power Through"],"picked":"SKIP","floor":24}],"player_experience":944607,"relics_obtained":[{"floor":9,"key":"Mercury Hourglass"},{"floor":11,"key":"Peace Pipe"},{"floor":26,"key":"Pocketwatch"}],"event_choices":[{"cards_removed":["Strike_R"],"damage_healed":0,"gold_gain":0,"player_choice":"Card Removal","damage_taken":0,"max_hp_gain":0,"max_hp_loss":0,"event_name":"The Cleric","floor":2,"gold_loss":50},{"cards_removed":["Defend_R"],"damage_healed":0,"gold_gain":0,"player_choice":"Offered Basic","damage_taken":0,"max_hp_gain":0,"max_hp_loss":0,"event_name":"Bonfire Elementals","floor":4,"gold_loss":0},{"cards_removed":["Defend_R"],"damage_healed":0,"gold_gain":0,"player_choice":"Forget","damage_taken":0,"max_hp_gain":0,"max_hp_loss":0,"event_name":"Living Wall","floor":14,"gold_loss":0},{"damage_healed":0,"gold_gain":99,"player_choice":"Stole From Cult","damage_taken":0,"max_hp_gain":0,"max_hp_loss":0,"event_name":"Nest","floor":19,"gold_loss":0},{"damage_healed":0,"gold_gain":0,"player_choice":"Ignored","damage_taken":0,"max_hp_gain":0,"max_hp_loss":0,"event_name":"Beggar","floor":20,"gold_loss":0},{"damage_healed":0,"gold_gain":0,"player_choice":"Simplicity","damage_taken":0,"max_hp_gain":0,"max_hp_loss":0,"event_name":"Back to Basics","floor":21,"gold_loss":0,"cards_upgraded":["Strike_R","Strike_R","Strike_R","Strike_R","Defend_R"]},{"damage_healed":0,"gold_gain":0,"player_choice":"Shed Blood","damage_taken":20,"max_hp_gain":5,"max_hp_loss":0,"event_name":"Forgotten Altar","floor":22,"gold_loss":0},{"damage_healed":0,"gold_gain":0,"player_choice":"Ignored","damage_taken":0,"max_hp_gain":0,"max_hp_loss":0,"event_name":"Vampires","floor":29,"gold_loss":0},{"damage_healed":0,"gold_gain":0,"player_choice":"Ignored","damage_taken":0,"max_hp_gain":0,"max_hp_loss":0,"event_name":"Ghosts","floor":30,"gold_loss":0}],"is_beta":false,"boss_relics":[{"not_picked":["Mark of Pain","Coffee Dripper"],"picked":"Busted Crown"}],"items_purged_floors":[],"is_endless":false,"potions_floor_spawned":[1,5,11,12,16,18],"killed_by":"Champ","ascension_level":0}