{"gold_per_floor":[114,39,39,39,51,51,51,86,86,86,98,13,40,57,57,129,129,144,162,162,172,172,63,63,63,90,90,110,110,110,122,122,199,199,217,237,81,434,434,434,446,446,473,373,387,13,13,28,28,28,28],"floor_reached":52,"playtime":2274,"items_purged":["Shame","Strike_G"],"score":1791,"play_id":"135fe74b-4c96-4660-9c51-4f67779e2b2e","local_time":"20190311122313","is_ascension_mode":true,"campfire_choices":[{"data":"Cloak And Dagger","floor":6.0,"key":"SMITH"},{"data":"Noxious Fumes","floor":10.0,"key":"SMITH"},{"data":"Neutralize","floor":15.0,"key":"SMITH"},{"floor":24.0,"key":"REST"},{"floor":29.0,"key":"REST"},{"floor":32.0,"key":"REST"},{"floor":40,"key":"REST"},{"floor":42,"key":"RECALL"},{"floor":47,"key":"REST"},{"floor":49,"key":"REST"}],"neow_cost":"NONE","seed_source_timestamp":395398512934523,"circlet_count":0,"master_deck":["AscendersBane","Defend_G+1","Defend_G","Defend_G","Defend_G","Strike_G","Strike_G","Survivor+1","Neutralize+1","Cloak And Dagger+1","Dagger Throw","Noxious Fumes+1","Heel Hook","Leg Sweep+1","Bouncing Flask+1","Cloak And Dagger+1","Adrenaline+1","Leg Sweep+1","Heel Hook","PiercingWail+1","Catalyst+1","Backflip+1","Night Terror+1","Neutralize","Burst+1","Catalyst+1","Footwork","Corpse Explosion+1","Blur+1","Deflect+1","Heel Hook","Dodge and Roll+1","Noxious Fumes","Noxious Fumes"],"special_seed":0,"relics":["Ring of the Snake","NeowsBlessing","Toxic Egg 2","Bottled Tornado","Bottled Lightning","Fusion Hammer","War Paint","Strawberry","Orrery","Old Coin","Pen Nib","ClockworkSouvenir"],"potions_floor_usage":[38,38,50,51],"damage_taken":[{"damage":0.0,"enemies":"Small Slimes","floor":1.0,"turns":1.0},{"damage":0.0,"enemies":"2 Louse","floor":5.0,"turns":1.0},{"damage":0.0,"enemies":"3 Sentries","floor":8.0,"turns":1.0},{"damage":0.0,"enemies":"Jaw Worm","floor":11.0,"turns":4.0},{"damage":14.0,"enemies":"Lagavulin","floor":13.0,"turns":7.0},{"damage":0.0,"enemies":"2 Fungi Beasts","floor":14.0,"turns":4.0},{"damage":19.0,"enemies":"Slime Boss","floor":16.0,"turns":7.0},{"damage":0.0,"enemies":"Shell Parasite","floor":18.0,"turns":4.0},{"damage":6.0,"enemies":"2 Thieves","floor":19.0,"turns":4.0},{"damage":8.0,"enemies":"Snecko","floor":21.0,"turns":6.0},{"damage":0.0,"enemies":"Centurion and Healer","floor":28.0,"turns":6.0},{"damage":22.0,"enemies":"Sentry and Sphere","floor":31.0,"turns":5.0},{"damage":63.0,"enemies":"Automaton","floor":33.0,"turns":8.0},{"damage":2.0,"enemies":"Orb Walker","floor":35.0,"turns":3.0},{"damage":0.0,"enemies":"3 Darklings","floor":36.0,"turns":2.0},{"damage":5,"enemies":"2 Orb Walkers","floor":38,"turns":4},{"damage":0,"enemies":"Sphere and 2 Shapes","floor":41,"turns":5},{"damage":7,"enemies":"Maw","floor":45,"turns":7},{"damage":17,"enemies":"Jaw Worm Horde","floor":48,"turns":5},{"damage":10,"enemies":"Time Eater","floor":50,"turns":4},{"damage":57,"enemies":"Donu and Deca","floor":51,"turns":8}],"seed_played":"1027104075479207557","potions_obtained":[{"floor":5.0,"key":"SpeedPotion"},{"floor":11.0,"key":"Dexterity Potion"},{"floor":13.0,"key":"Regen Potion"},{"floor":16.0,"key":"SteroidPotion"},{"floor":19.0,"key":"FearPotion"},{"floor":33.0,"key":"Block Potion"},{"floor":38,"key":"Poison Potion"}],"is_trial":false,"path_per_floor":["M","?","?","$","M","R","?","E","T","R","M","$","E","M","R","B",null,"M","M","?","M","?","$","R","?","T","?","M","R","?","M","R","B",null,"M","M","$","?","?","R","M","R","T","$","M","$","R","M","R","B","B",null],"character_chosen":"THE_SILENT","items_purchased":["Leg Sweep+1","Catalyst+1","Backflip+1","Heel Hook","Noxious Fumes","ClockworkSouvenir","Regen Potion"],"campfire_rested":6,"item_purchase_floors":[12,23,23,37,46,46,46],"current_hp_per_floor":[59,59,64,64,64,64,57,57,57,57,57,57,43,43,43,39,63,63,57,37,29,44,44,66,66,73,73,73,83,83,61,83,20,67,65,65,65,60,60,83,83,83,83,83,76,76,83,66,83,73,31],"gold":28,"neow_bonus":"THREE_ENEMY_KILL","is_prod":false,"is_daily":false,"chose_seed":false,"campfire_upgraded":3,"win_rate":0,"timestamp":1552306993,"path_taken":["M","?","?","?","M","R","?","E","T","R","M","?","E","M","R","BOSS","M","M","?","M","?","?","R","?","T","?","?","R","?","M","R","BOSS","M","M","?","?","?","R","M","R","T","$","M","$","R","M","R","BOSS","BOSS"],"build_version":"2019-01-23","purchased_purges":2,"victory":true,"max_hp_per_floor":[66,66,71,71,71,71,71,71,71,71,71,71,71,71,71,71,71,71,71,76,76,76,76,76,76,83,83,83,83,83,83,83,83,83,83,83,83,83,83,83,83,83,83,83,83,83,83,83,83,83,83],"card_choices":[{"not_picked":["Sucker Punch","Acrobatics"],"picked":"Cloak And Dagger","floor":1.0},{"not_picked":["Expertise","PiercingWail"],"picked":"Dagger Throw","floor":5.0},{"not_picked":["Blade Dance","Slice"],"picked":"Noxious Fumes","floor":8.0},{"not_picked":["Infinite Blades","Flechettes"],"picked":"Heel Hook","floor":11.0},{"not_picked":["Dash","Leg Sweep+1"],"picked":"Bouncing Flask+1","floor":13.0},{"not_picked":["Bane","Tactician+1"],"picked":"Cloak And Dagger+1","floor":14.0},{"not_picked":["Unload","Burst+1"],"picked":"Adrenaline+1","floor":16.0},{"not_picked":["Bouncing Flask+1","Quick Slash+1"],"picked":"Leg Sweep+1","floor":18.0},{"not_picked":["Terror+1","Endless Agony"],"picked":"Heel Hook","floor":19.0},{"not_picked":["Dagger Spray","Underhanded Strike"],"picked":"PiercingWail+1","floor":21.0},{"not_picked":["Poisoned Stab","Terror+1","Flying Knee"],"picked":"SKIP","floor":28.0},{"not_picked":["Dagger Spray","Underhanded Strike","Sucker Punch"],"picked":"SKIP","floor":31.0},{"not_picked":["Bullet Time+1","Adrenaline+1"],"picked":"Burst+1","floor":33.0},{"not_picked":["Predator","Sucker Punch"],"picked":"Catalyst+1","floor":34.0},{"not_picked":["Catalyst+1","Reflex+1"],"picked":"Footwork","floor":34.0},{"not_picked":["PiercingWail+1","Accuracy"],"picked":"Corpse Explosion+1","floor":34.0},{"not_picked":["Dagger Throw+1","Infinite Blades"],"picked":"Blur+1","floor":35.0},{"not_picked":["Terror+1","Bane"],"picked":"Deflect+1","floor":36.0},{"not_picked":["Acrobatics+1","Dagger Throw"],"picked":"Dodge and Roll+1","floor":38},{"not_picked":["Well Laid Plans","Grand Finale","Calculated Gamble+1"],"picked":"SKIP","floor":41},{"not_picked":["Poisoned Stab+1","All Out Attack","Tactician+1"],"picked":"SKIP","floor":45},{"not_picked":["Blur+1","Prepared+1"],"picked":"Noxious Fumes","floor":48}],"player_experience":1351679,"relics_obtained":[{"floor":8.0,"key":"Toxic Egg 2"},{"floor":9.0,"key":"Bottled Tornado"},{"floor":13.0,"key":"Bottled Lightning"},{"floor":26.0,"key":"Strawberry"},{"floor":38,"key":"Old Coin"},{"floor":43,"key":"Pen Nib"}],"event_choices":[{"cards_removed":["Strike_G"],"damage_healed":0.0,"max_hp_gain":0.0,"max_hp_loss":0.0,"gold_gain":0.0,"event_name":"The Cleric","player_choice":"Card Removal","floor":2.0,"gold_loss":75.0,"damage_taken":0.0},{"damage_healed":0.0,"max_hp_gain":5.0,"max_hp_loss":0.0,"gold_gain":0.0,"event_name":"Big Fish","player_choice":"Donut","floor":3.0,"gold_loss":0.0,"damage_taken":0.0},{"cards_removed":["Defend_G"],"damage_healed":0.0,"max_hp_gain":0.0,"max_hp_loss":0.0,"gold_gain":0.0,"event_name":"Golden Wing","player_choice":"Card Removal","floor":7.0,"gold_loss":0.0,"damage_taken":7.0},{"damage_healed":0.0,"max_hp_gain":5.0,"max_hp_loss":0.0,"gold_gain":0.0,"event_name":"Forgotten Altar","player_choice":"Shed Blood","floor":20.0,"gold_loss":0.0,"damage_taken":25.0},{"damage_healed":15.0,"max_hp_gain":0.0,"max_hp_loss":0.0,"gold_gain":0.0,"event_name":"The Library","player_choice":"Heal","floor":22.0,"gold_loss":0.0,"damage_taken":0.0},{"damage_healed":0.0,"max_hp_gain":0.0,"max_hp_loss":0.0,"gold_gain":0.0,"event_name":"Addict","player_choice":"Stole Relic","floor":25.0,"gold_loss":0.0,"damage_taken":0.0,"relics_obtained":["War Paint"],"cards_obtained":["Shame"]},{"damage_healed":0.0,"max_hp_gain":0.0,"max_hp_loss":0.0,"gold_gain":0.0,"cards_transformed":["Strike_G"],"event_name":"Transmorgrifier","player_choice":"Transformed","floor":27.0,"gold_loss":0.0,"damage_taken":0.0,"cards_obtained":["Night Terror"]},{"damage_healed":0.0,"max_hp_gain":0.0,"max_hp_loss":0.0,"gold_gain":0.0,"event_name":"Match and Keep!","player_choice":"1 cards matched","floor":30.0,"gold_loss":0.0,"damage_taken":0.0,"cards_obtained":["Neutralize"]},{"damage_healed":0,"gold_gain":0,"player_choice":"Fight","damage_taken":0,"max_hp_gain":0,"max_hp_loss":0,"event_name":"Mysterious Sphere","floor":38,"gold_loss":0},{"damage_healed":0,"gold_gain":0,"player_choice":"Ignored","damage_taken":0,"max_hp_gain":0,"max_hp_loss":0,"event_name":"Tomb of Lord Red Mask","floor":39,"gold_loss":0}],"is_beta":false,"boss_relics":[{"not_picked":["Black Star","Sozu"],"picked":"Fusion Hammer"},{"not_picked":["HoveringKite","Calling Bell"],"picked":"Orrery"}],"items_purged_floors":[37,44],"is_endless":false,"potions_floor_spawned":[5,11,13,14,16,19,33,38,48],"ascension_level":20}