{"gold_per_floor":[116,136,16,16,16,16,42,60,84,84,94,94,111,128,128,228,228,238,62,62,76,76,93,8,20,20,20,20,39,53,53,53,53],"floor_reached":33,"playtime":1658,"items_purged":["Strike_R","Strike_R"],"score":274,"play_id":"515d13c2-8e7d-4dcc-ac1c-816ce04ab6c3","local_time":"20190303152102","is_ascension_mode":false,"campfire_choices":[{"data":"Searing Blow","floor":6,"key":"SMITH"},{"data":"Searing Blow+1","floor":10,"key":"SMITH"},{"data":"Searing Blow+2","floor":12,"key":"SMITH"},{"floor":15,"key":"REST"},{"floor":28,"key":"REST"},{"floor":32,"key":"REST"}],"neow_cost":"NONE","seed_source_timestamp":211275505991424,"circlet_count":0,"master_deck":["Strike_R","Strike_R+1","Defend_R+1","Defend_R","Defend_R","Defend_R","Bash","Fiend Fire","Searing Blow+3","Shrug It Off","Dark Embrace","Shrug It Off","Shrug It Off","Double Tap","Armaments","Disarm","Disarm","Writhe"],"relics":["Burning Blood","Red Skull","Regal Pillow","Lizard Tail","Happy Flower","Strawberry","Pear"],"potions_floor_usage":[16,21,25,33],"damage_taken":[{"damage":0,"enemies":"2 Louse","floor":1,"turns":2},{"damage":11,"enemies":"Jaw Worm","floor":2,"turns":2},{"damage":28,"enemies":"Lagavulin","floor":7,"turns":5},{"damage":0,"enemies":"Cultist","floor":8,"turns":2},{"damage":10,"enemies":"Gremlin Gang","floor":11,"turns":5},{"damage":17,"enemies":"Exordium Thugs","floor":13,"turns":4},{"damage":0,"enemies":"3 Louse","floor":14,"turns":4},{"damage":52,"enemies":"Hexaghost","floor":16,"turns":11},{"damage":28,"enemies":"Shell Parasite","floor":18,"turns":5},{"damage":23,"enemies":"3 Byrds","floor":21,"turns":8},{"damage":4,"enemies":"Snake Plant","floor":23,"turns":5},{"damage":49,"enemies":"Sentry and Sphere","floor":25,"turns":10},{"damage":25,"enemies":"Centurion and Healer","floor":29,"turns":7},{"damage":11,"enemies":"Shelled Parasite and Fungi","floor":30,"turns":7},{"damage":169,"enemies":"Automaton","floor":33,"turns":16}],"seed_played":"338764109479961434","potions_obtained":[{"floor":8,"key":"Swift Potion"},{"floor":11,"key":"PowerPotion"},{"floor":13,"key":"Explosive Potion"},{"floor":16,"key":"GamblersBrew"},{"floor":21,"key":"Explosive Potion"},{"floor":30,"key":"Fire Potion"}],"is_trial":false,"path_per_floor":["M","M","$","?","?","R","E","M","T","R","M","R","M","M","R","B",null,"M","$","$","M","?","M","?","M","T","$","R","M","M","$","R","B"],"character_chosen":"IRONCLAD","items_purchased":["Shrug It Off","Disarm"],"campfire_rested":3,"item_purchase_floors":[3,19],"current_hp_per_floor":[80,75,75,59,59,59,37,43,43,43,39,39,28,34,73,27,80,58,58,58,41,41,43,50,7,17,17,61,42,37,37,81,0],"gold":53,"neow_bonus":"TRANSFORM_CARD","is_prod":false,"is_daily":false,"chose_seed":false,"campfire_upgraded":3,"win_rate":0,"timestamp":1551644462,"path_taken":["M","M","$","?","?","R","E","M","T","R","M","R","M","M","R","BOSS","M","?","$","?","?","M","?","M","T","?","R","M","M","$","R","BOSS"],"build_version":"2019-01-23","purchased_purges":2,"victory":false,"max_hp_per_floor":[80,80,80,80,80,80,80,80,80,80,80,80,80,80,80,80,80,80,80,80,80,80,80,87,87,97,97,97,97,97,97,97,97],"card_choices":[{"not_picked":["Headbutt","Clothesline"],"picked":"Searing Blow","floor":1},{"not_picked":["Clothesline","Thunderclap","Combust"],"picked":"SKIP","floor":2},{"not_picked":["Wild Strike","Perfected Strike"],"picked":"Dark Embrace","floor":7},{"not_picked":["Anger","Thunderclap"],"picked":"Shrug It Off","floor":8},{"not_picked":["Thunderclap","Corruption","Clothesline"],"picked":"SKIP","floor":11},{"not_picked":["Dropkick","Metallicize"],"picked":"Shrug It Off","floor":13},{"not_picked":["Anger","Twin Strike","Feel No Pain"],"picked":"SKIP","floor":14},{"not_picked":["Feed","Impervious"],"picked":"Double Tap","floor":16},{"not_picked":["Rage","Battle Trance+1"],"picked":"Armaments","floor":18},{"not_picked":["Shrug It Off","Twin Strike"],"picked":"Disarm","floor":21},{"not_picked":["Heavy Blade","Perfected Strike","Flex"],"picked":"SKIP","floor":23},{"not_picked":["Perfected Strike","Anger","Fire Breathing"],"picked":"SKIP","floor":25},{"not_picked":["Havoc","Impervious","Clash"],"picked":"SKIP","floor":29},{"not_picked":["Pommel Strike+1","Sword Boomerang","Corruption+1"],"picked":"SKIP","floor":30}],"player_experience":1124661,"relics_obtained":[{"floor":7,"key":"Red Skull"},{"floor":9,"key":"Regal Pillow"},{"floor":26,"key":"Pear"}],"event_choices":[{"damage_healed":0,"gold_gain":0,"player_choice":"Entered Light","damage_taken":16,"max_hp_gain":0,"max_hp_loss":0,"event_name":"Shining Light","floor":4,"gold_loss":0,"cards_upgraded":["Strike_R","Defend_R"]},{"damage_healed":0,"gold_gain":0,"player_choice":"Leave","damage_taken":0,"max_hp_gain":0,"max_hp_loss":0,"event_name":"FaceTrader","floor":5,"gold_loss":0},{"damage_healed":0,"gold_gain":0,"player_choice":"Opened","damage_taken":0,"relics_obtained":["Happy Flower"],"max_hp_gain":0,"max_hp_loss":0,"event_name":"The Mausoleum","floor":22,"gold_loss":0,"cards_obtained":["Writhe"]},{"damage_healed":0,"gold_gain":0,"player_choice":"Obtained Relic","damage_taken":0,"relics_obtained":["Strawberry"],"max_hp_gain":0,"max_hp_loss":0,"event_name":"Addict","floor":24,"gold_loss":85}],"is_beta":false,"boss_relics":[{"not_picked":["Runic Dome","Pandora\u0027s Box"],"picked":"Lizard Tail"}],"items_purged_floors":[3,19],"is_endless":false,"potions_floor_spawned":[8,11,13,16,21,23,30],"killed_by":"Automaton","ascension_level":0}