{"gold_per_floor":[113,62,82,99,99,129,129,163,163,181,181,200,230,180,180,278,278,291,271,15,32,48,77,77,112,112,112,212,231,245,258,258,353,353,371,371,116,130,54,54,71,71,96,96,122,141,160,0,0,0],"floor_reached":51,"playtime":1989,"items_purged":[],"score":879,"play_id":"39a180e5-ed6b-41ab-b850-f3133135d471","local_time":"20190128001719","is_ascension_mode":true,"campfire_choices":[{"floor":7,"key":"REST"},{"floor":11,"key":"REST"},{"data":"Cloak And Dagger","floor":15,"key":"SMITH"},{"floor":24,"key":"REST"},{"floor":32,"key":"REST"},{"data":"1","floor":40,"key":"LIFT"},{"data":"2","floor":42,"key":"LIFT"},{"floor":49,"key":"REST"}],"neow_cost":"NONE","seed_source_timestamp":748828190969091,"circlet_count":0,"master_deck":["Defend_G","Defend_G","Defend_G","Defend_G","Defend_G","Strike_G","Survivor","Neutralize","Cloak And Dagger","Cloak And Dagger","Endless Agony","Cloak And Dagger+1","Infinite Blades","Storm of Steel","Panache","Infinite Blades","Endless Agony+1","Infinite Blades","Cloak And Dagger+1","PiercingWail+1","Endless Agony+1","Backflip+1","Envenom","Accuracy+1","Terror","Blade Dance","Infinite Blades+1"],"relics":["WristBlade","Molten Egg 2","Pantograph","Kunai","Odd Mushroom","Empty Cage","Sundial","Anchor","Girya","Runic Pyramid","Ninja Scroll","Potion Belt","Bottled Lightning","Red Mask"],"potions_floor_usage":[6,13,18,21,23,29,33,35,45,47,47],"damage_taken":[{"damage":1,"enemies":"Jaw Worm","floor":1,"turns":3},{"damage":6,"enemies":"Small Slimes","floor":3,"turns":4},{"damage":0,"enemies":"2 Louse","floor":4,"turns":3},{"damage":29,"enemies":"Lagavulin","floor":6,"turns":9},{"damage":36,"enemies":"Gremlin Nob","floor":8,"turns":5},{"damage":1,"enemies":"Large Slime","floor":10,"turns":5},{"damage":0,"enemies":"Red Slaver","floor":12,"turns":4},{"damage":6,"enemies":"The Mushroom Lair","floor":13,"turns":3},{"damage":20,"enemies":"Slime Boss","floor":16,"turns":11},{"damage":14,"enemies":"2 Thieves","floor":18,"turns":4},{"damage":4,"enemies":"Spheric Guardian","floor":21,"turns":3},{"damage":14,"enemies":"Snake Plant","floor":22,"turns":4},{"damage":31,"enemies":"Slavers","floor":23,"turns":6},{"damage":26,"enemies":"Gremlin Leader","floor":25,"turns":6},{"damage":0,"enemies":"3 Cultists","floor":29,"turns":4},{"damage":0,"enemies":"Snecko","floor":30,"turns":5},{"damage":0,"enemies":"Cultist and Chosen","floor":31,"turns":3},{"damage":4,"enemies":"Collector","floor":33,"turns":8},{"damage":8,"enemies":"3 Darklings","floor":35,"turns":4},{"damage":0,"enemies":"3 Shapes","floor":38,"turns":1},{"damage":14,"enemies":"Maw","floor":41,"turns":6},{"damage":18,"enemies":"Reptomancer","floor":45,"turns":5},{"damage":23,"enemies":"Sphere and 2 Shapes","floor":46,"turns":6},{"damage":4,"enemies":"Jaw Worm Horde","floor":47,"turns":4},{"damage":23,"enemies":"Time Eater","floor":50,"turns":9}],"seed_played":"-8874067155367490072","potions_obtained":[{"floor":1,"key":"GamblersBrew"},{"floor":3,"key":"Dexterity Potion"},{"floor":8,"key":"Strength Potion"},{"floor":13,"key":"Strength Potion"},{"floor":18,"key":"SpeedPotion"},{"floor":19,"key":"Regen Potion"},{"floor":22,"key":"Weak Potion"},{"floor":25,"key":"PowerPotion"},{"floor":33,"key":"Regen Potion"},{"floor":35,"key":"Regen Potion"},{"floor":45,"key":"Dexterity Potion"}],"is_trial":false,"path_per_floor":["M","$","M","M","?","E","R","E","T","M","R","M","?","?","R","B",null,"M","?","$","M","M","E","R","E","T","?","?","M","M","M","R","B",null,"M","?","$","M","$","R","M","R","T","?","E","M","M","?","R","B",null],"character_chosen":"THE_SILENT","items_purchased":["Cloak And Dagger","Panache","Infinite Blades","Ninja Scroll","Terror"],"campfire_rested":5,"item_purchase_floors":[2,20,20,37,39],"current_hp_per_floor":[69,69,63,63,68,39,61,25,25,24,46,46,40,40,40,45,75,61,61,61,66,52,21,43,17,17,17,17,17,17,17,39,60,75,72,72,72,72,72,72,58,58,58,58,54,31,27,27,48,48],"gold":0,"neow_bonus":"BOSS_RELIC","is_prod":false,"is_daily":false,"chose_seed":false,"campfire_upgraded":1,"win_rate":0,"timestamp":1548670639,"path_taken":["M","$","M","M","?","E","R","E","T","M","R","M","?","?","R","BOSS","M","?","$","M","?","E","R","E","T","?","?","M","M","?","R","BOSS","M","?","$","M","$","R","M","R","T","?","E","M","M","?","R","BOSS"],"build_version":"2019-01-23","purchased_purges":0,"victory":true,"max_hp_per_floor":[70,70,70,70,75,75,75,75,75,75,75,75,75,75,75,75,75,75,75,75,75,75,75,75,75,75,75,75,75,75,75,75,75,75,75,75,75,75,75,75,75,75,75,71,71,71,71,71,71,71],"card_choices":[{"not_picked":["Eviscerate","Masterful Stab"],"picked":"Cloak And Dagger","floor":1},{"not_picked":["Poisoned Stab","Caltrops"],"picked":"Endless Agony","floor":3},{"not_picked":["PiercingWail","Bane","Poisoned Stab"],"picked":"SKIP","floor":4},{"not_picked":["Endless Agony","Backstab"],"picked":"Cloak And Dagger","floor":6},{"not_picked":["Slice+1","Outmaneuver","Flying Knee+1"],"picked":"SKIP","floor":8},{"not_picked":["Blade Dance","Bouncing Flask"],"picked":"Infinite Blades","floor":10},{"not_picked":["Quick Slash+1","Deadly Poison","Backstab+1"],"picked":"SKIP","floor":12},{"not_picked":["A Thousand Cuts","Unload+1"],"picked":"Storm of Steel","floor":16},{"not_picked":["Eviscerate+1","Poisoned Stab+1","Sucker Punch+1"],"picked":"SKIP","floor":18},{"not_picked":["Well Laid Plans","Dagger Throw+1"],"picked":"Endless Agony+1","floor":21},{"not_picked":["Outmaneuver","Setup"],"picked":"Infinite Blades","floor":22},{"not_picked":["Backflip","Acrobatics+1"],"picked":"Cloak And Dagger+1","floor":23},{"not_picked":["Riddle With Holes+1","Dash+1"],"picked":"PiercingWail+1","floor":25},{"not_picked":["Wraith Form v2","Deadly Poison"],"picked":"Endless Agony+1","floor":29},{"not_picked":["Bane+1","Deflect","Dodge and Roll"],"picked":"SKIP","floor":30},{"not_picked":["Dagger Throw+1","Escape Plan"],"picked":"Backflip+1","floor":31},{"not_picked":["Tools of the Trade","Night Terror"],"picked":"Envenom","floor":33},{"not_picked":["Noxious Fumes","Outmaneuver+1","Endless Agony+1"],"picked":"SKIP","floor":35},{"not_picked":["Dagger Spray+1","All Out Attack+1"],"picked":"Accuracy+1","floor":38},{"not_picked":["Bane+1","Skewer+1","Quick Slash+1"],"picked":"SKIP","floor":41},{"not_picked":["Outmaneuver+1","Leg Sweep+1"],"picked":"Blade Dance","floor":45},{"not_picked":["Flying Knee+1","PiercingWail"],"picked":"Infinite Blades+1","floor":46},{"not_picked":["Acrobatics+1","Bane+1","Backflip+1"],"picked":"SKIP","floor":47}],"player_experience":377276,"relics_obtained":[{"floor":6,"key":"Molten Egg 2"},{"floor":8,"key":"Pantograph"},{"floor":9,"key":"Kunai"},{"floor":13,"key":"Odd Mushroom"},{"floor":23,"key":"Sundial"},{"floor":25,"key":"Anchor"},{"floor":26,"key":"Girya"},{"floor":43,"key":"Potion Belt"},{"floor":45,"key":"Bottled Lightning"}],"event_choices":[{"damage_healed":0,"gold_gain":0,"player_choice":"Donut","damage_taken":0,"max_hp_gain":5,"max_hp_loss":0,"event_name":"Big Fish","floor":5,"gold_loss":0},{"damage_healed":0,"gold_gain":0,"player_choice":"Fought Mushrooms","damage_taken":0,"max_hp_gain":0,"max_hp_loss":0,"event_name":"Mushrooms","floor":13,"gold_loss":0},{"cards_removed":["Strike_G"],"damage_healed":0,"gold_gain":0,"player_choice":"Card Removal","damage_taken":0,"max_hp_gain":0,"max_hp_loss":0,"event_name":"The Cleric","floor":14,"gold_loss":50},{"damage_healed":0,"gold_gain":0,"player_choice":"Bought 1 Potion","damage_taken":0,"max_hp_gain":0,"max_hp_loss":0,"event_name":"The Woman in Blue","floor":19,"gold_loss":0},{"damage_healed":0,"gold_gain":0,"player_choice":"Ignored","damage_taken":0,"max_hp_gain":0,"max_hp_loss":0,"event_name":"Vampires","floor":27,"gold_loss":0},{"damage_healed":0,"gold_gain":100,"player_choice":"Pray","damage_taken":0,"max_hp_gain":0,"max_hp_loss":0,"event_name":"Golden Shrine","floor":28,"gold_loss":0},{"cards_removed":["Strike_G"],"damage_healed":0,"gold_gain":0,"player_choice":"Removed Attack","damage_taken":0,"max_hp_gain":0,"max_hp_loss":0,"event_name":"Falling","floor":36,"gold_loss":0},{"damage_healed":0,"gold_gain":0,"player_choice":"Max HP","damage_taken":0,"max_hp_gain":0,"max_hp_loss":4,"event_name":"Winding Halls","floor":44,"gold_loss":0},{"damage_healed":0,"gold_gain":0,"player_choice":"Paid","damage_taken":0,"relics_obtained":["Red Mask"],"max_hp_gain":0,"max_hp_loss":0,"event_name":"Tomb of Lord Red Mask","floor":48,"gold_loss":160}],"is_beta":false,"boss_relics":[{"not_picked":["Coffee Dripper","Ectoplasm"],"picked":"Empty Cage"},{"not_picked":["Orrery","White Beast Statue"],"picked":"Runic Pyramid"}],"items_purged_floors":[],"is_endless":false,"potions_floor_spawned":[1,3,8,13,18,22,25,33,35,45],"ascension_level":3}