{"gold_per_floor":[118,67,81,81,93,93,121,121,171,204,189],"floor_reached":11,"playtime":475,"items_purged":[],"score":117,"play_id":"e77663c3-2088-462f-99c2-da6d0d543cbf","local_time":"20181231161435","is_ascension_mode":true,"campfire_choices":[{"data":"Shrug It Off","floor":6,"key":"SMITH"},{"floor":8,"key":"REST"}],"neow_cost":"NONE","seed_source_timestamp":3745280211177,"circlet_count":0,"master_deck":["Strike_R","Strike_R","Strike_R","Strike_R","Strike_R","Defend_R","Defend_R","Defend_R","Defend_R","Havoc","Shrug It Off+1","Warcry","Havoc","Bludgeon","Corruption"],"relics":["Burning Blood","NeowsBlessing","Boot","Du-Vu Doll"],"potions_floor_usage":[7,7],"damage_taken":[{"damage":0,"enemies":"Small Slimes","floor":1,"turns":1},{"damage":0,"enemies":"Cultist","floor":3,"turns":1},{"damage":0,"enemies":"2 Louse","floor":5,"turns":1},{"damage":77,"enemies":"Lagavulin","floor":7,"turns":16},{"damage":38,"enemies":"3 Sentries","floor":10,"turns":7},{"damage":0,"enemies":"Looter","floor":11,"turns":2}],"seed_played":"-8545629649219624657","potions_obtained":[{"floor":3,"key":"BloodPotion"},{"floor":5,"key":"PowerPotion"},{"floor":10,"key":"EssenceOfSteel"}],"is_trial":false,"path_per_floor":["M","$","M","?","M","R","E","R","T","E","M"],"character_chosen":"IRONCLAD","items_purchased":["Shrug It Off"],"campfire_rested":1,"item_purchase_floors":[2],"current_hp_per_floor":[78,78,80,80,80,80,17,41,41,9,9],"gold":189,"neow_bonus":"THREE_ENEMY_KILL","is_prod":false,"is_daily":false,"chose_seed":false,"campfire_upgraded":1,"win_rate":0,"timestamp":1546280075,"path_taken":["M","$","M","?","?","R","E","R","T","E","M"],"build_version":"2018-12-20","purchased_purges":0,"victory":false,"max_hp_per_floor":[80,80,80,80,80,80,80,80,80,80,80],"card_choices":[{"not_picked":["Wild Strike","Anger"],"picked":"Havoc","floor":1},{"not_picked":["Thunderclap","Blood for Blood"],"picked":"Warcry","floor":3},{"not_picked":["Body Slam","Thunderclap"],"picked":"Havoc","floor":5},{"not_picked":["Hemokinesis","Heavy Blade"],"picked":"Bludgeon","floor":7},{"not_picked":["Sentinel","Armaments"],"picked":"Corruption","floor":10}],"player_experience":648472,"relics_obtained":[{"floor":7,"key":"Boot"},{"floor":10,"key":"Du-Vu Doll"}],"event_choices":[{"cards_removed":["Bash"],"damage_healed":0,"gold_gain":0,"player_choice":"Offered Basic","damage_taken":0,"max_hp_gain":0,"max_hp_loss":0,"event_name":"Bonfire Elementals","floor":4,"gold_loss":0}],"is_beta":false,"boss_relics":[],"items_purged_floors":[],"is_endless":false,"potions_floor_spawned":[3,5,10],"killed_by":"Looter","ascension_level":9}