{"gold_per_floor":[114,114,114,114,133,133,157,157,157,105,84,107,130,163,163,254,254,272,272,272,301,301,301,316,178,178,178,48,60,79,110,110,184,184,204,216,216,228,228,228,228],"floor_reached":41,"playtime":2022,"items_purged":["Strike_B"],"score":818,"play_id":"46990aa9-f464-4ff2-a4fd-955a7bfe6ee8","local_time":"20190219133449","is_ascension_mode":true,"campfire_choices":[{"floor":6.0,"key":"REST"},{"data":"Zap","floor":8.0,"key":"SMITH"},{"data":"Dualcast","floor":15.0,"key":"SMITH"},{"floor":23.0,"key":"REST"},{"floor":32.0,"key":"REST"},{"floor":40,"key":"REST"}],"neow_cost":"NONE","seed_source_timestamp":11619597168605,"circlet_count":0,"master_deck":["AscendersBane","Strike_B+1","Defend_B","Defend_B","Defend_B","Defend_B","Zap+1","Dualcast+1","Thunder Strike","Cold Snap","Coolheaded","Coolheaded","Go for the Eyes+1","Doom and Gloom","Seek","Auto Shields","Melter","Electrodynamics","Echo Form","Cold Snap","Chill"],"special_seed":0,"relics":["Cracked Core","Bloody Idol","Pocketwatch","The Courier","Whetstone","Fusion Hammer","Red Mask","Vajra","Unceasing Top","Du-Vu Doll","Inserter"],"potions_floor_usage":[36,41],"damage_taken":[{"damage":9.0,"enemies":"Jaw Worm","floor":1.0,"turns":4.0},{"damage":0.0,"enemies":"Small Slimes","floor":5.0,"turns":2.0},{"damage":4.0,"enemies":"2 Louse","floor":7.0,"turns":2.0},{"damage":0.0,"enemies":"Exordium Thugs","floor":12.0,"turns":4.0},{"damage":4.0,"enemies":"Blue Slaver","floor":13.0,"turns":3.0},{"damage":4.0,"enemies":"3 Sentries","floor":14.0,"turns":10.0},{"damage":38.0,"enemies":"Hexaghost","floor":16.0,"turns":10.0},{"damage":9.0,"enemies":"Shell Parasite","floor":18.0,"turns":6.0},{"damage":0.0,"enemies":"Masked Bandits","floor":21.0,"turns":2.0},{"damage":0.0,"enemies":"Spheric Guardian","floor":24.0,"turns":3.0},{"damage":10.0,"enemies":"Snecko","floor":29.0,"turns":5.0},{"damage":9.0,"enemies":"Snake Plant","floor":30.0,"turns":4.0},{"damage":20.0,"enemies":"Book of Stabbing","floor":31.0,"turns":6.0},{"damage":65.0,"enemies":"Champ","floor":33.0,"turns":12.0},{"damage":22.0,"enemies":"3 Darklings","floor":35.0,"turns":4.0},{"damage":3,"enemies":"Orb Walker","floor":36,"turns":4},{"damage":13,"enemies":"4 Shapes","floor":38,"turns":5},{"damage":56,"enemies":"Giant Head","floor":41,"turns":9}],"seed_played":"-6289325197969637587","potions_obtained":[{"floor":13.0,"key":"Weak Potion"},{"floor":16.0,"key":"Explosive Potion"},{"floor":21.0,"key":"Strength Potion"},{"floor":29.0,"key":"LiquidBronze"},{"floor":35.0,"key":"EssenceOfSteel"},{"floor":36,"key":"FocusPotion"}],"is_trial":false,"path_per_floor":["M","?","?","T","M","R","M","R","T","?","$","M","M","E","R","B",null,"M","?","$","?","$","R","M","$","T","?","$","M","M","E","R","B",null,"M","M","?","M","$","R","E"],"character_chosen":"DEFECT","items_purchased":["Coolheaded","Vajra","Melter"],"campfire_rested":4,"item_purchase_floors":[11,25,28],"current_hp_per_floor":[55,55,31,31,31,52,48,48,48,48,48,48,44,40,40,2,54,45,45,45,50,50,71,71,71,71,71,71,66,62,47,68,8,55,38,40,40,32,32,53,0],"gold":228,"neow_bonus":"ONE_RANDOM_RARE_CARD","is_prod":false,"is_daily":false,"chose_seed":false,"campfire_upgraded":2,"win_rate":0,"timestamp":1550604889,"path_taken":["M","?","?","?","M","R","M","R","T","?","$","M","M","E","R","BOSS","M","?","?","?","$","R","M","?","T","?","$","M","?","E","R","BOSS","M","M","?","M","$","R","E"],"build_version":"2019-01-23","purchased_purges":1,"victory":false,"max_hp_per_floor":[71,71,71,71,71,71,71,71,71,71,71,71,71,71,71,71,71,71,71,71,71,71,71,71,71,71,71,71,71,71,71,71,71,71,71,71,71,71,71,71,71],"card_choices":[{"not_picked":["Go for the Eyes","Hello World"],"picked":"Cold Snap","floor":1.0},{"not_picked":["Sweeping Beam","Hologram"],"picked":"Coolheaded","floor":5.0},{"not_picked":["Force Field","Turbo","Compile Driver"],"picked":"SKIP","floor":7.0},{"not_picked":["Redo","Beam Cell","Chill"],"picked":"SKIP","floor":12.0},{"not_picked":["Loop","Rebound"],"picked":"Go for the Eyes","floor":13.0},{"not_picked":["BootSequence","Darkness"],"picked":"Doom and Gloom","floor":14.0},{"not_picked":["Reboot","All For One"],"picked":"Seek","floor":16.0},{"not_picked":["Beam Cell","FTL","Redo"],"picked":"SKIP","floor":18.0},{"not_picked":["Rip and Tear","Doom and Gloom"],"picked":"Auto Shields","floor":21.0},{"not_picked":["Turbo","Chill","Static Discharge"],"picked":"SKIP","floor":24.0},{"not_picked":["Aggregate","Storm"],"picked":"Electrodynamics","floor":29.0},{"not_picked":["Barrage","Sweeping Beam","Lockon"],"picked":"SKIP","floor":30.0},{"not_picked":["Gash","Steam","Beam Cell"],"picked":"SKIP","floor":31.0},{"not_picked":["Rainbow","Creative AI"],"picked":"Echo Form","floor":33.0},{"not_picked":["Hologram","Static Discharge+1","Steam"],"picked":"SKIP","floor":35.0},{"not_picked":["Fusion","Coolheaded"],"picked":"Cold Snap","floor":36},{"not_picked":["Rebound+1","Capacitor"],"picked":"Chill","floor":38}],"player_experience":298005,"relics_obtained":[{"floor":4.0,"key":"Pocketwatch"},{"floor":9.0,"key":"The Courier"},{"floor":14.0,"key":"Whetstone"},{"floor":21.0,"key":"Red Mask"},{"floor":26.0,"key":"Unceasing Top"},{"floor":31.0,"key":"Du-Vu Doll"}],"event_choices":[{"damage_healed":0.0,"max_hp_gain":0.0,"max_hp_loss":0.0,"gold_gain":0.0,"event_name":"Golden Wing","player_choice":"Ignored","floor":2.0,"gold_loss":0.0,"damage_taken":0.0},{"damage_healed":0.0,"max_hp_gain":0.0,"max_hp_loss":0.0,"gold_gain":0.0,"event_name":"Golden Idol","player_choice":"Take Damage","floor":3.0,"gold_loss":0.0,"damage_taken":24.0,"relics_obtained":["Golden Idol"]},{"damage_healed":0.0,"max_hp_gain":0.0,"max_hp_loss":0.0,"gold_gain":0.0,"event_name":"World of Goop","player_choice":"Left Gold","floor":10.0,"gold_loss":52.0,"damage_taken":0.0},{"damage_healed":0.0,"max_hp_gain":0.0,"max_hp_loss":0.0,"gold_gain":0.0,"event_name":"Forgotten Altar","player_choice":"Gave Idol","floor":19.0,"relics_lost":["Golden Idol"],"gold_loss":0.0,"damage_taken":0.0,"relics_obtained":["Bloody Idol"]},{"damage_healed":0.0,"max_hp_gain":0.0,"max_hp_loss":0.0,"gold_gain":0.0,"event_name":"Masked Bandits","player_choice":"Fought Bandits","floor":21.0,"gold_loss":0.0,"damage_taken":0.0},{"cards_removed":["Strike_B"],"damage_healed":0.0,"max_hp_gain":0.0,"max_hp_loss":0.0,"gold_gain":0.0,"event_name":"Purifier","player_choice":"Purged","floor":27.0,"gold_loss":0.0,"damage_taken":0.0},{"cards_removed":["Strike_B"],"damage_healed":0,"gold_gain":0,"player_choice":"Purged","damage_taken":0,"max_hp_gain":0,"max_hp_loss":0,"event_name":"Purifier","floor":37,"gold_loss":0}],"is_beta":false,"boss_relics":[{"not_picked":["Pandora\u0027s Box","Philosopher\u0027s Stone"],"picked":"Fusion Hammer"},{"not_picked":["Coffee Dripper","Lizard Tail"],"picked":"Inserter"}],"items_purged_floors":[28],"is_endless":false,"potions_floor_spawned":[13,16,21,29,35,36],"killed_by":"Giant Head","ascension_level":20}