{"gold_per_floor":[114,39,57,57,71,71,101,174,257,284,125,125,125,107,107,203,203,218,235,252,270,145,180,180,180],"floor_reached":25,"playtime":3490,"items_purged":["Strike_G","Strike_G","Strike_G"],"score":268,"play_id":"e5e41456-340e-4cda-9ef0-2636b34a0af5","local_time":"20190310223812","is_ascension_mode":true,"campfire_choices":[{"data":"Cloak And Dagger","floor":6.0,"key":"SMITH"},{"data":"Leg Sweep","floor":15.0,"key":"SMITH"},{"data":"After Image","floor":24.0,"key":"SMITH"}],"neow_cost":"NONE","seed_source_timestamp":0,"circlet_count":0,"master_deck":["Defend_G","Defend_G","Defend_G","Defend_G","Defend_G","Strike_G","Strike_G","Survivor","Neutralize","Cloak And Dagger+1","Backflip","Backflip","Footwork+1","Adrenaline","Dodge and Roll","Leg Sweep+1","After Image+1","Quick Slash+1","Dash","Footwork"],"special_seed":0,"relics":["Ring of the Snake","NeowsBlessing","MawBank","Centennial Puzzle","Bottled Lightning","Sozu","Art of War"],"potions_floor_usage":[],"damage_taken":[{"damage":0.0,"enemies":"Cultist","floor":1.0,"turns":1.0},{"damage":0.0,"enemies":"2 Louse","floor":3.0,"turns":1.0},{"damage":0.0,"enemies":"Jaw Worm","floor":5.0,"turns":1.0},{"damage":38.0,"enemies":"Gremlin Nob","floor":7.0,"turns":5.0},{"damage":14.0,"enemies":"3 Sentries","floor":8.0,"turns":14.0},{"damage":0.0,"enemies":"Large Slime","floor":10.0,"turns":7.0},{"damage":1.0,"enemies":"Exordium Thugs","floor":14.0,"turns":4.0},{"damage":5.0,"enemies":"The Guardian","floor":16.0,"turns":31.0},{"damage":1.0,"enemies":"Spheric Guardian","floor":18.0,"turns":14.0},{"damage":0.0,"enemies":"3 Byrds","floor":19.0,"turns":9.0},{"damage":4.0,"enemies":"Snecko","floor":20.0,"turns":9.0},{"damage":8.0,"enemies":"Snake Plant","floor":21.0,"turns":8.0},{"damage":28.0,"enemies":"Slavers","floor":23.0,"turns":22.0},{"damage":46,"enemies":"Gremlin Leader","floor":25,"turns":6}],"seed_played":"2132361572487613494","potions_obtained":[{"floor":1.0,"key":"FearPotion"},{"floor":5.0,"key":"Swift Potion"},{"floor":7.0,"key":"EntropicBrew"}],"is_trial":false,"path_per_floor":["M","$","M","?","M","R","E","?","T","M","$","?","?","M","R","B",null,"M","M","M","M","$","E","R","E"],"character_chosen":"THE_SILENT","items_purchased":["Leg Sweep"],"campfire_rested":0,"item_purchase_floors":[11],"current_hp_per_floor":[70,70,70,70,70,70,32,18,18,18,18,23,23,22,22,17,75,74,74,70,62,62,34,34,0],"gold":180,"neow_bonus":"THREE_ENEMY_KILL","is_prod":false,"is_daily":false,"chose_seed":false,"campfire_upgraded":3,"win_rate":0,"timestamp":1552275492,"path_taken":["M","?","M","?","?","R","E","?","T","M","$","?","?","M","R","BOSS","M","M","M","M","$","E","R","E"],"build_version":"2019-01-23","purchased_purges":3,"victory":false,"max_hp_per_floor":[70,70,70,70,70,70,70,70,70,70,70,75,75,75,75,75,75,75,75,75,75,75,75,75,75],"card_choices":[{"not_picked":["Infinite Blades","Dagger Spray"],"picked":"Cloak And Dagger","floor":1.0},{"not_picked":["Bane","Quick Slash"],"picked":"Backflip","floor":3.0},{"not_picked":["Flying Knee","Choke"],"picked":"Backflip","floor":5.0},{"not_picked":["Endless Agony","Cloak And Dagger"],"picked":"Footwork","floor":7.0},{"not_picked":["Cloak And Dagger","Acrobatics"],"picked":"Adrenaline","floor":8.0},{"not_picked":["Sucker Punch","Prepared"],"picked":"Dodge and Roll","floor":10.0},{"not_picked":["Backflip","Bane","Deflect"],"picked":"SKIP","floor":14.0},{"not_picked":["Phantasmal Killer","Corpse Explosion"],"picked":"After Image","floor":16.0},{"not_picked":["Outmaneuver","Slice"],"picked":"Quick Slash+1","floor":18.0},{"not_picked":["Caltrops+1","Underhanded Strike"],"picked":"Dash","floor":19.0},{"not_picked":["Deadly Poison","Well Laid Plans"],"picked":"Footwork","floor":20.0},{"not_picked":["Choke","Flying Knee+1","Masterful Stab+1"],"picked":"SKIP","floor":21.0},{"not_picked":["Leg Sweep","A Thousand Cuts","Prepared+1"],"picked":"SKIP","floor":23.0}],"player_experience":261105,"relics_obtained":[{"floor":7.0,"key":"MawBank"},{"floor":8.0,"key":"Centennial Puzzle"},{"floor":9.0,"key":"Bottled Lightning"},{"floor":23.0,"key":"Art of War"}],"event_choices":[{"damage_healed":0.0,"max_hp_gain":0.0,"max_hp_loss":0.0,"gold_gain":0.0,"event_name":"Match and Keep!","player_choice":"0 cards matched","floor":4.0,"gold_loss":0.0,"damage_taken":0.0,"cards_obtained":[]},{"damage_healed":0.0,"max_hp_gain":0.0,"max_hp_loss":0.0,"gold_gain":0.0,"event_name":"Dead Adventurer","player_choice":"Searched \u00271\u0027 times","floor":8.0,"gold_loss":0.0,"damage_taken":0.0},{"damage_healed":0.0,"max_hp_gain":5.0,"max_hp_loss":0.0,"gold_gain":0.0,"event_name":"Big Fish","player_choice":"Donut","floor":12.0,"gold_loss":0.0,"damage_taken":0.0},{"damage_healed":0.0,"max_hp_gain":0.0,"max_hp_loss":0.0,"gold_gain":0.0,"event_name":"Accursed Blacksmith","player_choice":"Forge","floor":13.0,"gold_loss":0.0,"damage_taken":0.0,"cards_upgraded":["Footwork"]}],"is_beta":false,"boss_relics":[{"not_picked":["Black Star","White Beast Statue"],"picked":"Sozu"}],"items_purged_floors":[2,11,22],"is_endless":false,"potions_floor_spawned":[1,5,7,18,19],"killed_by":"Gremlin Leader","ascension_level":4}