{"gold_per_floor":[10,26,26,101,17,17,36,36,59,59,90,105,105,47,47,122,122,140,140,10,10,25,25,60,60,60,60],"floor_reached":27,"playtime":957,"items_purged":["Strike_G"],"score":431,"play_id":"a0465b9c-7405-425f-980c-36f7c6df3b1e","local_time":"20190306115103","is_ascension_mode":true,"campfire_choices":[{"data":"Footwork","floor":6,"key":"SMITH"},{"data":"Neutralize","floor":8,"key":"SMITH"},{"floor":10,"key":"REST"},{"data":"Accuracy","floor":13,"key":"SMITH"},{"floor":15,"key":"REST"},{"data":"PiercingWail","floor":23,"key":"SMITH"}],"neow_cost":"NO_GOLD","seed_source_timestamp":379898639243151,"circlet_count":0,"master_deck":["AscendersBane","Defend_G","Defend_G","Defend_G","Defend_G","Defend_G","Strike_G","Strike_G","Strike_G","Strike_G","Survivor+1","Neutralize+1","Storm of Steel+1","Dagger Spray","Backflip","Footwork+1","Accuracy+1","Dagger Throw","Blade Dance","Blade Dance","Burst+1","PiercingWail+1","Malaise"],"relics":["Ring of the Snake","War Paint","Potion Belt","Vajra","Busted Crown","The Courier","Matryoshka"],"potions_floor_usage":[11,16,22,24],"damage_taken":[{"damage":12,"enemies":"Jaw Worm","floor":1,"turns":8},{"damage":0,"enemies":"Small Slimes","floor":2,"turns":2},{"damage":1,"enemies":"2 Louse","floor":7,"turns":3},{"damage":28,"enemies":"Gremlin Nob","floor":11,"turns":5},{"damage":3,"enemies":"Looter","floor":12,"turns":3},{"damage":11,"enemies":"Hexaghost","floor":16,"turns":12},{"damage":0,"enemies":"Shell Parasite","floor":18,"turns":6},{"damage":10,"enemies":"Chosen","floor":22,"turns":6},{"damage":44,"enemies":"Gremlin Leader","floor":24,"turns":9},{"damage":1,"enemies":"Shelled Parasite and Fungi","floor":27,"turns":4}],"seed_played":"8411354181064476845","potions_obtained":[{"floor":7,"key":"Block Potion"},{"floor":12,"key":"PowerPotion"},{"floor":16,"key":"Fire Potion"}],"is_trial":false,"path_per_floor":["M","M","?","?","$","R","M","R","T","R","E","M","R","$","R","B",null,"M","?","$","?","M","R","E","?","T","M"],"character_chosen":"THE_SILENT","items_purchased":["Footwork","Blade Dance","Block Potion"],"campfire_rested":2,"item_purchase_floors":[5,14,20],"current_hp_per_floor":[47,47,36,25,25,25,24,24,24,43,15,12,12,12,31,20,55,55,55,55,55,45,45,1,1,1,0],"gold":60,"neow_bonus":"THREE_RARE_CARDS","is_prod":false,"is_daily":false,"chose_seed":false,"campfire_upgraded":4,"win_rate":0,"timestamp":1551869463,"path_taken":["M","M","?","?","?","R","M","R","T","R","E","M","R","$","R","BOSS","M","?","$","?","?","R","E","?","T","M"],"build_version":"2019-01-23","purchased_purges":1,"victory":false,"max_hp_per_floor":[66,66,66,66,66,66,66,66,66,66,66,66,66,66,66,66,66,66,66,66,66,66,66,66,66,66,66],"card_choices":[{"not_picked":["Unload","Grand Finale"],"picked":"Storm of Steel","floor":0},{"not_picked":["Outmaneuver","Bane"],"picked":"Dagger Spray","floor":1},{"not_picked":["Predator","Heel Hook"],"picked":"Backflip","floor":2},{"not_picked":["Expertise","Riddle With Holes"],"picked":"Accuracy","floor":7},{"not_picked":["Tactician","Bane"],"picked":"Dagger Throw","floor":11},{"not_picked":["Sucker Punch","Prepared"],"picked":"Blade Dance","floor":12},{"not_picked":["Unload","Storm of Steel"],"picked":"Burst","floor":16},{"not_picked":["Poisoned Stab"],"picked":"SKIP","floor":18},{"not_picked":["Catalyst"],"picked":"SKIP","floor":22},{"not_picked":[],"picked":"Malaise","floor":24}],"player_experience":906414,"relics_obtained":[{"floor":9,"key":"Potion Belt"},{"floor":11,"key":"Vajra"},{"floor":24,"key":"The Courier"},{"floor":26,"key":"Matryoshka"}],"event_choices":[{"damage_healed":0,"gold_gain":0,"player_choice":"Success","damage_taken":11,"relics_obtained":["War Paint"],"max_hp_gain":0,"max_hp_loss":0,"event_name":"Scrap Ooze","floor":3,"gold_loss":0},{"damage_healed":0,"gold_gain":75,"player_choice":"Gather Gold","damage_taken":11,"max_hp_gain":0,"max_hp_loss":0,"event_name":"World of Goop","floor":4,"gold_loss":0},{"damage_healed":0,"gold_gain":0,"player_choice":"Read","damage_taken":0,"max_hp_gain":0,"max_hp_loss":0,"event_name":"The Library","floor":19,"gold_loss":0,"cards_obtained":["PiercingWail"]},{"damage_healed":0,"gold_gain":0,"player_choice":"Forge","damage_taken":0,"max_hp_gain":0,"max_hp_loss":0,"event_name":"Accursed Blacksmith","floor":21,"gold_loss":0,"cards_upgraded":["Burst"]}],"is_beta":false,"boss_relics":[{"not_picked":["Ring of the Serpent","HoveringKite"],"picked":"Busted Crown"}],"items_purged_floors":[20],"is_endless":false,"potions_floor_spawned":[7,12,16],"killed_by":"Shelled Parasite and Fungi","ascension_level":18}