{"gold_per_floor":[111,128,98,115,115,150,150,150,150,171,171,171,202,223,223,319,319,342,174,99,112,126,169,169,183,183,37,37,87,112,133,133,222,222,235,568,568,585,585,611,99,99,99,128,147,162,162,173,173,173],"floor_reached":51,"playtime":4431,"items_purged":["Blizzard"],"score":1227,"play_id":"f410eb5e-f785-44dc-943d-52551bbd4149","local_time":"20190307135339","is_ascension_mode":true,"campfire_choices":[{"floor":8,"key":"REST"},{"data":"Sunder","floor":11,"key":"SMITH"},{"data":"Beam Cell","floor":15,"key":"SMITH"},{"data":"Enlightenment","floor":24,"key":"SMITH"},{"data":"Fission","floor":32,"key":"SMITH"},{"data":"Sunder","floor":42,"key":"SMITH"},{"floor":49,"key":"REST"}],"neow_cost":"NONE","seed_source_timestamp":1704014072820798,"circlet_count":0,"master_deck":["AscendersBane","Zap","Dualcast","Cold Snap","Sunder+1","Ball Lightning","Beam Cell+1","Go for the Eyes","Core Surge","Sweeping Beam","Undo","Sunder+1","Sweeping Beam","Gash","Tempest","FTL","Enlightenment+1","Glacier+1","Reprogram","Fission+1","FTL","Coolheaded+1","Thunder Strike","Madness","Madness","Meteor Strike","Echo Form","BootSequence","Darkness+1"],"relics":["FrozenCore","NeowsBlessing","Pantograph","Ornamental Fan","Meat on the Bone","Gambling Chip","Pandora\u0027s Box","Cables","Mercury Hourglass","Mango","Runic Capacitor","Lantern","Omamori"],"potions_floor_usage":[6,6,21,31,40,45,50,50],"damage_taken":[{"damage":0,"enemies":"Jaw Worm","floor":1,"turns":1},{"damage":0,"enemies":"Cultist","floor":2,"turns":1},{"damage":0,"enemies":"Small Slimes","floor":4,"turns":1},{"damage":28,"enemies":"Gremlin Nob","floor":6,"turns":3},{"damage":7,"enemies":"Looter","floor":10,"turns":3},{"damage":18,"enemies":"3 Sentries","floor":13,"turns":5},{"damage":8,"enemies":"3 Louse","floor":14,"turns":2},{"damage":40,"enemies":"Hexaghost","floor":16,"turns":8},{"damage":9,"enemies":"3 Byrds","floor":18,"turns":3},{"damage":10,"enemies":"Shell Parasite","floor":21,"turns":3},{"damage":6,"enemies":"Centurion and Healer","floor":22,"turns":4},{"damage":21,"enemies":"Slavers","floor":23,"turns":6},{"damage":0,"enemies":"Cultist and Chosen","floor":25,"turns":4},{"damage":1,"enemies":"Chosen and Byrds","floor":30,"turns":4},{"damage":0,"enemies":"Shelled Parasite and Fungi","floor":31,"turns":6},{"damage":40,"enemies":"Champ","floor":33,"turns":11},{"damage":3,"enemies":"Orb Walker","floor":35,"turns":3},{"damage":20,"enemies":"3 Shapes","floor":38,"turns":4},{"damage":15,"enemies":"Reptomancer","floor":40,"turns":6},{"damage":6,"enemies":"Giant Head","floor":44,"turns":7},{"damage":17,"enemies":"3 Darklings","floor":45,"turns":5},{"damage":25,"enemies":"Spire Growth","floor":46,"turns":4},{"damage":18,"enemies":"Sphere and 2 Shapes","floor":48,"turns":4},{"damage":46,"enemies":"Awakened One","floor":50,"turns":11}],"seed_played":"-2403845994780610028","potions_obtained":[{"floor":3,"key":"EntropicBrew"},{"floor":3,"key":"LiquidBronze"},{"floor":4,"key":"GamblersBrew"},{"floor":10,"key":"Ancient Potion"},{"floor":13,"key":"Energy Potion"},{"floor":23,"key":"SkillPotion"},{"floor":25,"key":"Regen Potion"},{"floor":31,"key":"Strength Potion"},{"floor":44,"key":"Energy Potion"},{"floor":45,"key":"Dexterity Potion"}],"is_trial":false,"path_per_floor":["M","M","?","M","?","E","?","R","T","M","R","?","E","M","R","B",null,"M","$","?","M","M","E","R","M","T","$","?","?","M","M","R","B",null,"M","?","?","M","?","E","$","R","T","E","M","M","$","M","R","B",null],"character_chosen":"DEFECT","items_purchased":["FTL","Enlightenment","Fission","FTL","Echo Form","Runic Capacitor","BootSequence"],"campfire_rested":2,"item_purchase_floors":[19,19,27,27,41,41,41],"current_hp_per_floor":[64,64,64,64,64,36,25,44,44,37,37,58,40,44,44,36,57,48,48,48,38,44,35,35,35,35,35,48,48,47,47,47,36,57,54,54,42,34,34,57,57,57,57,51,46,33,33,27,50,41],"gold":173,"neow_bonus":"THREE_ENEMY_KILL","is_prod":false,"is_daily":false,"chose_seed":false,"campfire_upgraded":5,"win_rate":0,"timestamp":1551945219,"path_taken":["M","M","?","?","?","E","?","R","T","M","R","?","E","M","R","BOSS","M","$","?","M","M","E","R","M","T","$","?","?","M","M","R","BOSS","M","?","?","M","?","E","$","R","T","E","M","M","$","M","R","BOSS"],"build_version":"2019-01-23","purchased_purges":1,"victory":true,"max_hp_per_floor":[71,71,71,71,64,64,64,64,64,64,64,64,64,64,64,64,64,64,64,64,64,64,64,64,64,64,64,64,64,64,64,64,64,64,64,64,64,64,64,78,78,78,78,78,78,78,78,78,78,78],"card_choices":[{"not_picked":["Steam","Steam Power"],"picked":"Cold Snap","floor":1},{"not_picked":["Sweeping Beam","Steam"],"picked":"Sunder","floor":2},{"not_picked":["Gash","Compile Driver"],"picked":"Ball Lightning","floor":4},{"not_picked":["Stack","Go for the Eyes","Gash"],"picked":"SKIP","floor":6},{"not_picked":["Gash","Meteor Strike"],"picked":"Beam Cell","floor":10},{"not_picked":["Hologram","Chaos","Conserve Battery"],"picked":"SKIP","floor":13},{"not_picked":["Redo","Stack"],"picked":"Go for the Eyes","floor":14},{"not_picked":["Rainbow","Amplify"],"picked":"Core Surge","floor":16},{"not_picked":["Tempest","Conserve Battery","Rebound"],"picked":"SKIP","floor":18},{"not_picked":["Sunder","Consume"],"picked":"Glacier","floor":21},{"not_picked":["Redo","Go for the Eyes"],"picked":"Reprogram","floor":22},{"not_picked":["Compile Driver+1","Redo","Lockon"],"picked":"SKIP","floor":23},{"not_picked":["Stack+1","Cold Snap","Turbo"],"picked":"SKIP","floor":25},{"not_picked":["Go for the Eyes","Leap"],"picked":"Coolheaded+1","floor":30},{"not_picked":["Sweeping Beam","Biased Cognition","Static Discharge"],"picked":"SKIP","floor":31},{"not_picked":["Biased Cognition","Hyperbeam"],"picked":"Thunder Strike","floor":33},{"not_picked":["Sweeping Beam","Rebound+1","Barrage"],"picked":"SKIP","floor":35},{"not_picked":["Barrage","Compile Driver","Double Energy"],"picked":"SKIP","floor":38},{"not_picked":["Streamline","Loop"],"picked":"Meteor Strike","floor":40},{"not_picked":["Barrage","Hello World"],"picked":"Darkness+1","floor":44},{"not_picked":["Go for the Eyes","Rebound+1","Auto Shields"],"picked":"SKIP","floor":45},{"not_picked":["Loop+1","Barrage","Rebound+1"],"picked":"SKIP","floor":46},{"not_picked":["Cold Snap","Reprogram","Rebound"],"picked":"SKIP","floor":48}],"player_experience":962281,"relics_obtained":[{"floor":6,"key":"Pantograph"},{"floor":9,"key":"Meat on the Bone"},{"floor":13,"key":"Gambling Chip"},{"floor":23,"key":"Cables"},{"floor":26,"key":"Mercury Hourglass"},{"floor":40,"key":"Mango"},{"floor":43,"key":"Lantern"},{"floor":44,"key":"Omamori"}],"event_choices":[{"damage_healed":0,"gold_gain":0,"player_choice":"Bought 2 Potions","damage_taken":0,"max_hp_gain":0,"max_hp_loss":0,"event_name":"The Woman in Blue","floor":3,"gold_loss":0},{"damage_healed":0,"gold_gain":0,"player_choice":"Lose Max HP","damage_taken":0,"relics_obtained":["Golden Idol"],"max_hp_gain":0,"max_hp_loss":7,"event_name":"Golden Idol","floor":5,"gold_loss":0},{"damage_healed":0,"gold_gain":0,"player_choice":"Success","damage_taken":11,"relics_obtained":["Ornamental Fan"],"max_hp_gain":0,"max_hp_loss":0,"event_name":"Scrap Ooze","floor":7,"gold_loss":0},{"damage_healed":21,"gold_gain":0,"player_choice":"Banana","damage_taken":0,"max_hp_gain":0,"max_hp_loss":0,"event_name":"Big Fish","floor":12,"gold_loss":0},{"cards_removed":["Storm"],"damage_healed":0,"gold_gain":0,"player_choice":"Gave Gold","damage_taken":0,"max_hp_gain":0,"max_hp_loss":0,"event_name":"Beggar","floor":20,"gold_loss":75},{"damage_healed":13,"gold_gain":0,"player_choice":"Heal","damage_taken":0,"max_hp_gain":0,"max_hp_loss":0,"event_name":"The Library","floor":28,"gold_loss":0},{"damage_healed":0,"gold_gain":50,"player_choice":"Stole From Cult","damage_taken":0,"max_hp_gain":0,"max_hp_loss":0,"event_name":"Nest","floor":29,"gold_loss":0},{"damage_healed":0,"gold_gain":333,"player_choice":"Gave Idol","damage_taken":0,"max_hp_gain":0,"max_hp_loss":0,"event_name":"The Moai Head","floor":36,"relics_lost":["Golden Idol"],"gold_loss":0},{"damage_healed":0,"gold_gain":0,"player_choice":"Embrace Madness","damage_taken":12,"max_hp_gain":0,"max_hp_loss":0,"event_name":"Winding Halls","floor":37,"gold_loss":0,"cards_obtained":["Madness","Madness"]},{"damage_healed":0,"gold_gain":0,"player_choice":"Upgraded","damage_taken":0,"max_hp_gain":0,"max_hp_loss":0,"event_name":"Upgrade Shrine","floor":39,"gold_loss":0,"cards_upgraded":["Glacier"]}],"is_beta":false,"boss_relics":[{"not_picked":["Ectoplasm","Snecko Eye"],"picked":"Pandora\u0027s Box"},{"not_picked":["Fusion Hammer","Calling Bell"],"picked":"FrozenCore"}],"items_purged_floors":[41],"is_endless":false,"potions_floor_spawned":[4,10,13,18,23,25,30,31,38,44,45,48],"ascension_level":15}