{"gold_per_floor":[111,134,134,134,152,152,188,212,212,247,75,136,171,186,186,282,282,317,377,418,418,478,478,478,563,563,601,642,666,706,744,744,839,839,860,878,625,639,639,639,664,664],"floor_reached":42,"playtime":4077,"items_purged":["Normality"],"score":870,"play_id":"251f465f-fb96-409b-a6a1-05d85115d4c7","local_time":"20190306144644","is_ascension_mode":true,"campfire_choices":[{"data":"Recycle","floor":6,"key":"SMITH"},{"data":"Zap","floor":15,"key":"SMITH"},{"floor":23,"key":"REST"},{"data":"Darkness","floor":32,"key":"SMITH"},{"floor":40,"key":"REST"}],"neow_cost":"NONE","seed_source_timestamp":1621165201497746,"circlet_count":0,"master_deck":["AscendersBane","Strike_B","Strike_B","Defend_B","Defend_B","Defend_B","Defend_B","Zap+1","Dualcast","Self Repair","Recycle+1","Glacier","BootSequence","Force Field","HandOfGreed","Electrodynamics","Force Field","Seek","Hologram","Capacitor","Auto Shields","Capacitor","Hello World","Self Repair+1","Darkness+1","Sunder","Rainbow","Clumsy","Parasite","Hologram","Self Repair+1","Storm+1","Consume","Chill","Defragment+1"],"relics":["Cracked Core","DataDisk","Golden Idol","Blood Vial","Blue Candle","Lantern","Runic Pyramid","Red Mask","Sundial","Tiny Chest","The Courier","Nunchaku","Frozen Egg 2","Calling Bell","Ancient Tea Set","Pantograph","Peace Pipe"],"potions_floor_usage":[7,10,16,16,16,25,27,29,41],"damage_taken":[{"damage":0,"enemies":"Cultist","floor":1,"turns":4},{"damage":3,"enemies":"Jaw Worm","floor":5,"turns":4},{"damage":12,"enemies":"Lagavulin","floor":7,"turns":11},{"damage":0,"enemies":"2 Louse","floor":8,"turns":3},{"damage":49,"enemies":"Gremlin Nob","floor":10,"turns":7},{"damage":12,"enemies":"Lots of Slimes","floor":12,"turns":5},{"damage":2,"enemies":"Exordium Thugs","floor":13,"turns":6},{"damage":3,"enemies":"Exordium Wildlife","floor":14,"turns":4},{"damage":15,"enemies":"Slime Boss","floor":16,"turns":9},{"damage":8,"enemies":"3 Byrds","floor":18,"turns":3},{"damage":0,"enemies":"Masked Bandits","floor":19,"turns":2},{"damage":0,"enemies":"Chosen","floor":20,"turns":7},{"damage":28,"enemies":"Shelled Parasite and Fungi","floor":22,"turns":10},{"damage":43,"enemies":"Slavers","floor":25,"turns":6},{"damage":8,"enemies":"Centurion and Healer","floor":27,"turns":7},{"damage":13,"enemies":"Book of Stabbing","floor":28,"turns":9},{"damage":0,"enemies":"Cultist and Chosen","floor":29,"turns":7},{"damage":0,"enemies":"Gremlin Leader","floor":30,"turns":10},{"damage":0,"enemies":"3 Cultists","floor":31,"turns":3},{"damage":22,"enemies":"Automaton","floor":33,"turns":12},{"damage":6,"enemies":"Orb Walker","floor":35,"turns":4},{"damage":37,"enemies":"3 Darklings","floor":36,"turns":11},{"damage":23,"enemies":"Spire Growth","floor":38,"turns":6},{"damage":14,"enemies":"4 Shapes","floor":41,"turns":6},{"damage":83,"enemies":"Reptomancer","floor":42,"turns":2}],"seed_played":"3572991509338788699","potions_obtained":[{"floor":5,"key":"Strength Potion"},{"floor":7,"key":"Strength Potion"},{"floor":13,"key":"EntropicBrew"},{"floor":14,"key":"AttackPotion"},{"floor":22,"key":"Block Potion"},{"floor":25,"key":"Regen Potion"},{"floor":28,"key":"Swift Potion"},{"floor":31,"key":"GamblersBrew"},{"floor":41,"key":"SteroidPotion"}],"is_trial":false,"path_per_floor":["M","T","?","?","M","R","E","M","T","E","$","M","M","M","R","B",null,"M","?","M","T","M","R","?","E","T","M","E","M","E","M","R","B",null,"M","M","$","M","?","R","M","E"],"character_chosen":"DEFECT","items_purchased":["HandOfGreed","Storm+1","Consume","Chill"],"campfire_rested":2,"item_purchase_floors":[11,37,37,37],"current_hp_per_floor":[71,71,71,71,72,72,67,69,69,29,29,26,33,39,39,33,62,56,58,67,67,48,69,69,35,35,51,47,66,72,72,72,67,71,72,52,52,48,48,69,72,0],"gold":664,"neow_bonus":"TEN_PERCENT_HP_BONUS","is_prod":false,"is_daily":false,"chose_seed":false,"campfire_upgraded":3,"win_rate":0,"timestamp":1551862004,"path_taken":["M","?","?","?","?","R","E","M","T","E","?","M","M","M","R","BOSS","M","?","M","?","M","R","?","E","T","M","E","M","E","M","R","BOSS","M","M","$","?","?","R","M","E"],"build_version":"2019-01-23","purchased_purges":1,"victory":false,"max_hp_per_floor":[78,78,72,72,72,72,72,72,72,72,72,72,72,72,72,72,72,72,72,72,72,72,72,72,72,72,72,72,72,72,72,72,72,72,72,72,72,72,72,72,72,72],"card_choices":[{"not_picked":["Streamline","Stack"],"picked":"Self Repair","floor":1},{"not_picked":["Cold Snap","Go for the Eyes"],"picked":"Glacier","floor":5},{"not_picked":["Reprogram","Melter"],"picked":"BootSequence","floor":7},{"not_picked":["Go for the Eyes","Skim","Hologram"],"picked":"SKIP","floor":8},{"not_picked":["Beam Cell","Rip and Tear"],"picked":"Force Field","floor":10},{"not_picked":["Recycle","White Noise","Compile Driver"],"picked":"SKIP","floor":12},{"not_picked":["Reinforced Body","FTL"],"picked":"Electrodynamics","floor":13},{"not_picked":["Beam Cell","Coolheaded"],"picked":"Force Field","floor":14},{"not_picked":["Reboot","Machine Learning"],"picked":"Seek","floor":16},{"not_picked":["FTL","Rebound"],"picked":"Hologram","floor":18},{"not_picked":["Aggregate","Sweeping Beam+1"],"picked":"Capacitor","floor":19},{"not_picked":["Compile Driver","Recycle","Ball Lightning"],"picked":"SKIP","floor":20},{"not_picked":["Storm","Turbo"],"picked":"Auto Shields","floor":22},{"not_picked":["Go for the Eyes","Coolheaded+1"],"picked":"Capacitor","floor":25},{"not_picked":["Rebound","Coolheaded+1"],"picked":"Hello World","floor":27},{"not_picked":["Recycle","All For One"],"picked":"Self Repair+1","floor":28},{"not_picked":["Gash","Steam"],"picked":"Darkness","floor":29},{"not_picked":["Skim","Go for the Eyes","Coolheaded"],"picked":"SKIP","floor":30},{"not_picked":["Undo","Reprogram"],"picked":"Sunder","floor":31},{"not_picked":["Fission","Electrodynamics+1"],"picked":"Rainbow","floor":33},{"not_picked":["Beam Cell","Barrage"],"picked":"Hologram","floor":35},{"not_picked":["Genetic Algorithm","Redo"],"picked":"Self Repair+1","floor":36},{"not_picked":["Recycle+1","Melter"],"picked":"Defragment+1","floor":38},{"not_picked":["Beam Cell+1","Conserve Battery+1","Redo"],"picked":"SKIP","floor":41}],"player_experience":949482,"relics_obtained":[{"floor":2,"key":"DataDisk"},{"floor":7,"key":"Blood Vial"},{"floor":9,"key":"Blue Candle"},{"floor":10,"key":"Lantern"},{"floor":19,"key":"Red Mask"},{"floor":21,"key":"Sundial"},{"floor":25,"key":"Tiny Chest"},{"floor":26,"key":"The Courier"},{"floor":28,"key":"Nunchaku"},{"floor":30,"key":"Frozen Egg 2"},{"floor":34,"key":"Ancient Tea Set"},{"floor":34,"key":"Pantograph"},{"floor":34,"key":"Peace Pipe"}],"event_choices":[{"damage_healed":0,"gold_gain":0,"player_choice":"Lose Max HP","damage_taken":0,"relics_obtained":["Golden Idol"],"max_hp_gain":0,"max_hp_loss":6,"event_name":"Golden Idol","floor":3,"gold_loss":0},{"damage_healed":0,"gold_gain":0,"cards_transformed":["Strike_B"],"player_choice":"Transformed","damage_taken":0,"max_hp_gain":0,"max_hp_loss":0,"event_name":"Transmorgrifier","floor":4,"gold_loss":0,"cards_obtained":["Recycle"]},{"damage_healed":0,"gold_gain":0,"player_choice":"Fought Bandits","damage_taken":0,"max_hp_gain":0,"max_hp_loss":0,"event_name":"Masked Bandits","floor":19,"gold_loss":0},{"cards_removed":["Strike_B"],"damage_healed":0,"gold_gain":0,"player_choice":"Purged","damage_taken":0,"max_hp_gain":0,"max_hp_loss":0,"event_name":"Purifier","floor":24,"gold_loss":0},{"damage_healed":0,"gold_gain":0,"player_choice":"Ignored","damage_taken":0,"max_hp_gain":0,"max_hp_loss":0,"event_name":"The Moai Head","floor":39,"gold_loss":0}],"is_beta":false,"boss_relics":[{"not_picked":["Black Star","Cursed Key"],"picked":"Runic Pyramid"},{"not_picked":["Snecko Eye","Velvet Choker"],"picked":"Calling Bell"}],"items_purged_floors":[37],"is_endless":false,"potions_floor_spawned":[5,7,13,14,22,25,28,31,35,41],"killed_by":"Reptomancer","ascension_level":14}