{"gold_per_floor":[116,136,136,152,164,164,264,274,274,302,317,349,349,372,372,372],"floor_reached":16,"playtime":756,"items_purged":[],"score":171,"play_id":"f394bd5b-2f88-426c-b43a-aa04d5dcbb40","local_time":"20190306133832","is_ascension_mode":true,"campfire_choices":[{"data":"True Grit","floor":6,"key":"SMITH"},{"data":"Feel No Pain","floor":15,"key":"SMITH"}],"neow_cost":"NONE","seed_source_timestamp":1620394808476704,"circlet_count":0,"master_deck":["AscendersBane","Strike_R","Strike_R","Strike_R","Strike_R","Strike_R","Defend_R","Defend_R","Defend_R","Defend_R","Bash+1","Clothesline","True Grit+1","Dropkick","Headbutt","Flex","Feel No Pain+1","Offering","Metallicize"],"relics":["Burning Blood","Letter Opener","Orichalcum","Unceasing Top","Golden Idol"],"potions_floor_usage":[10],"damage_taken":[{"damage":1,"enemies":"Small Slimes","floor":1,"turns":4},{"damage":7,"enemies":"Cultist","floor":2,"turns":5},{"damage":0,"enemies":"2 Louse","floor":4,"turns":3},{"damage":12,"enemies":"Exordium Thugs","floor":5,"turns":5},{"damage":9,"enemies":"Blue Slaver","floor":8,"turns":5},{"damage":1,"enemies":"Gremlin Nob","floor":10,"turns":3},{"damage":4,"enemies":"3 Louse","floor":11,"turns":3},{"damage":14,"enemies":"3 Sentries","floor":12,"turns":11},{"damage":27,"enemies":"2 Fungi Beasts","floor":14,"turns":4},{"damage":60,"enemies":"Hexaghost","floor":16,"turns":16}],"seed_played":"8332970480522041552","potions_obtained":[{"floor":5,"key":"Poison Potion"},{"floor":11,"key":"SteroidPotion"},{"floor":12,"key":"Ancient Potion"}],"is_trial":false,"path_per_floor":["M","M","?","M","M","R","?","M","T","E","M","E","?","M","R","B"],"character_chosen":"IRONCLAD","items_purchased":[],"campfire_rested":0,"item_purchase_floors":[],"current_hp_per_floor":[85,84,84,88,82,82,82,79,79,84,86,78,78,57,57,0],"gold":372,"neow_bonus":"TEN_PERCENT_HP_BONUS","is_prod":false,"is_daily":false,"chose_seed":false,"campfire_upgraded":2,"win_rate":0,"timestamp":1551857912,"path_taken":["M","M","?","?","?","R","?","?","T","E","M","E","?","M","R","BOSS"],"build_version":"2019-01-23","purchased_purges":0,"victory":false,"max_hp_per_floor":[88,88,88,88,88,88,88,88,88,88,88,88,81,81,81,81],"card_choices":[{"not_picked":["Flex","Pommel Strike"],"picked":"Clothesline","floor":1},{"not_picked":["Clothesline","Havoc"],"picked":"True Grit","floor":2},{"not_picked":["Reckless Charge","Cleave"],"picked":"Dropkick","floor":4},{"not_picked":["Flex","Twin Strike"],"picked":"Headbutt","floor":5},{"not_picked":["Headbutt","Wild Strike"],"picked":"Flex","floor":8},{"not_picked":["Twin Strike","Power Through"],"picked":"Feel No Pain","floor":10},{"not_picked":["Headbutt","Rupture"],"picked":"Offering","floor":11},{"not_picked":["Intimidate","Heavy Blade","Twin Strike"],"picked":"SKIP","floor":12},{"not_picked":["Hemokinesis","Havoc"],"picked":"Metallicize","floor":14}],"player_experience":948726,"relics_obtained":[{"floor":9,"key":"Letter Opener"},{"floor":10,"key":"Orichalcum"},{"floor":12,"key":"Unceasing Top"}],"event_choices":[{"damage_healed":0,"gold_gain":0,"player_choice":"Upgraded","damage_taken":0,"max_hp_gain":0,"max_hp_loss":0,"event_name":"Upgrade Shrine","floor":3,"gold_loss":0,"cards_upgraded":["Bash"]},{"damage_healed":0,"gold_gain":100,"player_choice":"Pray","damage_taken":0,"max_hp_gain":0,"max_hp_loss":0,"event_name":"Golden Shrine","floor":7,"gold_loss":0},{"damage_healed":0,"gold_gain":0,"player_choice":"Lose Max HP","damage_taken":0,"relics_obtained":["Golden Idol"],"max_hp_gain":0,"max_hp_loss":7,"event_name":"Golden Idol","floor":13,"gold_loss":0}],"is_beta":false,"boss_relics":[],"items_purged_floors":[],"is_endless":false,"potions_floor_spawned":[5,11,12],"killed_by":"Hexaghost","ascension_level":10}