{"gold_per_floor":[110,130,75,88,88,88,105,118,118,137,168,168,187,187,187,261,261,276,326,241,258,258],"floor_reached":22,"playtime":774,"items_purged":[],"score":338,"play_id":"1eefcb9a-6b59-420e-bc6e-5ebcc2e8a83a","local_time":"20190228121224","is_ascension_mode":true,"campfire_choices":[{"data":"Iron Wave","floor":6,"key":"SMITH"},{"floor":12,"key":"REST"},{"floor":15,"key":"DIG"}],"neow_cost":"NONE","seed_source_timestamp":211018276210200,"circlet_count":0,"master_deck":["AscendersBane","Bash","Corruption","Metallicize","Iron Wave+1","Inflame+1","Headbutt","Barricade+1","Seeing Red","Parasite","Demon Form+1","Flame Barrier","Reckless Charge","Metallicize+1","Bludgeon","Offering","Uppercut","Sentinel","Inflame+1","Hemokinesis","Disarm","Inflame+1","Heavy Blade","Reaper"],"relics":["Runic Dome","Frozen Egg 2","Shovel","Prayer Wheel","Mummified Hand","Pandora\u0027s Box","Question Card"],"potions_floor_usage":[16],"damage_taken":[{"damage":0,"enemies":"2 Louse","floor":1,"turns":4},{"damage":1,"enemies":"Cultist","floor":2,"turns":3},{"damage":4,"enemies":"Small Slimes","floor":4,"turns":4},{"damage":3,"enemies":"Blue Slaver","floor":7,"turns":4},{"damage":8,"enemies":"2 Fungi Beasts","floor":8,"turns":4},{"damage":15,"enemies":"Large Slime","floor":10,"turns":4},{"damage":16,"enemies":"3 Sentries","floor":11,"turns":9},{"damage":14,"enemies":"3 Louse","floor":13,"turns":4},{"damage":41,"enemies":"Slime Boss","floor":16,"turns":11},{"damage":12,"enemies":"Chosen","floor":18,"turns":3},{"damage":38,"enemies":"3 Byrds","floor":21,"turns":4},{"damage":16,"enemies":"Centurion and Healer","floor":22,"turns":2}],"seed_played":"8502067696703416791","potions_obtained":[{"floor":4,"key":"SpeedPotion"},{"floor":7,"key":"Block Potion"},{"floor":13,"key":"Energy Potion"}],"is_trial":false,"path_per_floor":["M","M","?","M","$","R","M","M","T","M","E","R","M","?","R","B",null,"M","?","?","M","M"],"character_chosen":"IRONCLAD","items_purchased":[],"campfire_rested":1,"item_purchase_floors":[],"current_hp_per_floor":[68,67,67,63,63,63,60,52,52,37,21,43,29,47,47,6,58,46,46,46,8,0],"gold":258,"neow_bonus":"BOSS_RELIC","is_prod":false,"is_daily":false,"chose_seed":false,"campfire_upgraded":1,"win_rate":0,"timestamp":1551373944,"path_taken":["M","M","?","M","?","R","M","M","T","?","E","R","M","?","R","BOSS","M","?","?","M","M"],"build_version":"2019-02-06","purchased_purges":0,"victory":false,"max_hp_per_floor":[75,75,75,75,75,75,75,75,75,75,75,75,75,75,75,75,75,75,75,75,75,75],"card_choices":[{"not_picked":["Havoc","Sword Boomerang"],"picked":"Corruption","floor":1},{"not_picked":["Thunderclap","Cleave"],"picked":"Metallicize","floor":2},{"not_picked":["Cleave","Havoc"],"picked":"Iron Wave","floor":4},{"not_picked":["Twin Strike","Clothesline"],"picked":"Inflame+1","floor":7},{"not_picked":["Wild Strike","Havoc","Pommel Strike"],"picked":"SKIP","floor":8},{"not_picked":["Rupture+1","Sentinel"],"picked":"Headbutt","floor":10},{"not_picked":["Dark Embrace+1","Perfected Strike"],"picked":"Barricade+1","floor":11},{"not_picked":["Dual Wield","Rampage"],"picked":"Seeing Red","floor":13},{"not_picked":["Clash","Wild Strike","Carnage"],"picked":"SKIP","floor":13},{"not_picked":["Impervious","Juggernaut+1"],"picked":"Demon Form+1","floor":16},{"not_picked":["Clothesline","Searing Blow"],"picked":"Disarm","floor":18},{"not_picked":["True Grit","Dual Wield+1"],"picked":"Inflame+1","floor":18},{"not_picked":["Flex","Headbutt","Body Slam"],"picked":"Heavy Blade","floor":21},{"not_picked":["Sword Boomerang","True Grit","Pummel"],"picked":"Reaper","floor":21}],"player_experience":620954,"relics_obtained":[{"floor":9,"key":"Shovel"},{"floor":11,"key":"Prayer Wheel"},{"floor":15,"key":"Mummified Hand"}],"event_choices":[{"damage_healed":0,"gold_gain":0,"player_choice":"Paid Gold","damage_taken":0,"relics_obtained":["Frozen Egg 2"],"max_hp_gain":0,"max_hp_loss":0,"event_name":"WeMeetAgain","floor":3,"gold_loss":55},{"damage_healed":18,"gold_gain":0,"player_choice":"Healed and dodged fight","damage_taken":0,"max_hp_gain":0,"max_hp_loss":0,"event_name":"Mushrooms","floor":14,"gold_loss":0,"cards_obtained":["Parasite"]},{"damage_healed":0,"gold_gain":50,"player_choice":"Stole From Cult","damage_taken":0,"max_hp_gain":0,"max_hp_loss":0,"event_name":"Nest","floor":19,"gold_loss":0},{"damage_healed":0,"gold_gain":0,"player_choice":"Obtained Relic","damage_taken":0,"relics_obtained":["Question Card"],"max_hp_gain":0,"max_hp_loss":0,"event_name":"Addict","floor":20,"gold_loss":85}],"is_beta":true,"boss_relics":[{"not_picked":["Ectoplasm","White Beast Statue"],"picked":"Pandora\u0027s Box"}],"items_purged_floors":[],"is_endless":false,"potions_floor_spawned":[4,7,8,10,13],"killed_by":"Centurion and Healer","ascension_level":16}