{"gold_per_floor":[117,117,117,166,191,227,2,37,64,64,88,88,41,41],"floor_reached":14,"playtime":498,"items_purged":["Regret"],"score":101,"play_id":"ff082504-7369-4c82-b797-32a090926f6c","local_time":"20190310023943","is_ascension_mode":true,"campfire_choices":[{"data":"Bash","floor":10,"key":"SMITH"},{"data":"True Grit","floor":12,"key":"SMITH"}],"neow_cost":"CURSE","seed_source_timestamp":30973147612406,"circlet_count":0,"master_deck":["Strike_R","Strike_R","Strike_R","Strike_R","Strike_R","Defend_R","Defend_R","Defend_R","Defend_R","Bash+1","Writhe","Impervious","Anger","Injury","True Grit+1","Feed","Shrug It Off","Armaments"],"relics":["Burning Blood","Happy Flower","Golden Idol","Boot","Omamori","Blood Vial","Regal Pillow"],"potions_floor_usage":[8],"damage_taken":[{"damage":15,"enemies":"Jaw Worm","floor":1,"turns":4},{"damage":2,"enemies":"Cultist","floor":5,"turns":3},{"damage":41,"enemies":"Lagavulin","floor":6,"turns":8},{"damage":29,"enemies":"3 Sentries","floor":8,"turns":10},{"damage":6,"enemies":"2 Louse","floor":11,"turns":2},{"damage":34,"enemies":"Exordium Thugs","floor":14,"turns":7}],"seed_played":"2837180433060138735","potions_obtained":[{"floor":6,"key":"Explosive Potion"},{"floor":11,"key":"Poison Potion"}],"is_trial":false,"path_per_floor":["M","?","?","T","M","E","$","E","T","R","M","R","$","M"],"character_chosen":"IRONCLAD","items_purchased":["Omamori","Armaments"],"campfire_rested":0,"item_purchase_floors":[7,13],"current_hp_per_floor":[71,71,71,71,75,40,40,20,20,20,25,25,25,0],"gold":41,"neow_bonus":"THREE_RARE_CARDS","is_prod":false,"is_daily":false,"chose_seed":false,"campfire_upgraded":2,"win_rate":0,"timestamp":1552181983,"path_taken":["M","?","?","?","M","E","$","E","T","R","?","R","$","M"],"build_version":"2019-01-23","purchased_purges":1,"victory":false,"max_hp_per_floor":[80,80,80,80,80,80,80,83,83,83,86,86,86,86],"card_choices":[{"not_picked":["Juggernaut","Barricade"],"picked":"Impervious","floor":0},{"not_picked":["Havoc","Infernal Blade"],"picked":"Anger","floor":1},{"not_picked":["Twin Strike","Wild Strike"],"picked":"True Grit","floor":5},{"not_picked":["Pommel Strike","Searing Blow"],"picked":"Feed","floor":6},{"not_picked":["Rage","Dual Wield","Cleave"],"picked":"SKIP","floor":8},{"not_picked":["Flex","Pommel Strike"],"picked":"Shrug It Off","floor":11}],"player_experience":145882,"relics_obtained":[{"floor":6,"key":"Boot"},{"floor":8,"key":"Blood Vial"},{"floor":9,"key":"Regal Pillow"}],"event_choices":[{"damage_healed":0,"gold_gain":0,"player_choice":"Box","damage_taken":0,"relics_obtained":["Happy Flower"],"max_hp_gain":0,"max_hp_loss":0,"event_name":"Big Fish","floor":2,"gold_loss":0,"cards_obtained":["Regret"]},{"damage_healed":0,"gold_gain":0,"player_choice":"Take Wound","damage_taken":0,"relics_obtained":["Golden Idol"],"max_hp_gain":0,"max_hp_loss":0,"event_name":"Golden Idol","floor":3,"gold_loss":0,"cards_obtained":["Injury"]}],"is_beta":false,"boss_relics":[],"items_purged_floors":[7],"is_endless":false,"potions_floor_spawned":[6,11],"killed_by":"Exordium Thugs","ascension_level":1}