{"gold_per_floor":[116,191,191,207,222,222,239,239,264,279,289,307,307,69,69,172,172,188,198,298,49,64,75,75,91,114,114,128,143,18,18,18,114,114,130,144,144,0,12,12,12,24,47,47,67,86,8,22,22,22],"floor_reached":50,"playtime":5005,"items_purged":["Defend_G","Defend_G","Strike_G"],"score":492,"play_id":"977b0ba3-5263-409c-9ac1-bfa414f9e73f","local_time":"20190305164908","is_ascension_mode":false,"campfire_choices":[{"data":"Well Laid Plans","floor":6,"key":"SMITH"},{"data":"Survivor","floor":8,"key":"SMITH"},{"data":"Cloak And Dagger","floor":13,"key":"SMITH"},{"data":"Infinite Blades","floor":15,"key":"SMITH"},{"floor":24,"key":"REST"},{"floor":27,"key":"REST"},{"floor":32,"key":"REST"},{"data":"A Thousand Cuts","floor":40,"key":"SMITH"},{"data":"Accuracy","floor":44,"key":"SMITH"},{"floor":49,"key":"REST"}],"neow_cost":"NONE","seed_source_timestamp":6157308195524,"circlet_count":0,"master_deck":["Defend_G","Defend_G","Strike_G","Strike_G","Strike_G","Survivor+1","Neutralize+1","Well Laid Plans+1","Cloak And Dagger+1","Infinite Blades+1","Blur","A Thousand Cuts+1","Escape Plan","Deflect+1","Blade Dance+1","Cloak And Dagger","Accuracy+1","Deflect","Accuracy+1","Deflect","Infinite Blades","Injury","After Image","Blade Dance","After Image","Footwork","Prepared+1","Deflect","Deflect","Deflect","Blade Dance","Finisher+1","Dodge and Roll+1","Pain","Unload","Prepared"],"relics":["Ring of the Snake","Bronze Scales","Cursed Key","Pocketwatch","Gremlin Horn","Dream Catcher","Orrery","Red Mask","Potion Belt"],"potions_floor_usage":[11,16,16,16,20,22,25,45,50,50,50],"damage_taken":[{"damage":0,"enemies":"2 Louse","floor":1,"turns":3},{"damage":0,"enemies":"Small Slimes","floor":4,"turns":3},{"damage":0,"enemies":"Jaw Worm","floor":5,"turns":7},{"damage":8,"enemies":"2 Fungi Beasts","floor":7,"turns":4},{"damage":0,"enemies":"Blue Slaver","floor":10,"turns":4},{"damage":7,"enemies":"Gremlin Gang","floor":11,"turns":5},{"damage":0,"enemies":"Looter","floor":12,"turns":3},{"damage":2,"enemies":"Hexaghost","floor":16,"turns":10},{"damage":5,"enemies":"3 Byrds","floor":18,"turns":3},{"damage":4,"enemies":"Chosen","floor":19,"turns":4},{"damage":7,"enemies":"Colosseum Slavers","floor":20,"turns":5},{"damage":21,"enemies":"Colosseum Nobs","floor":20,"turns":5},{"damage":12,"enemies":"Snake Plant","floor":22,"turns":4},{"damage":19,"enemies":"Sentry and Sphere","floor":23,"turns":4},{"damage":3,"enemies":"Shelled Parasite and Fungi","floor":25,"turns":5},{"damage":5,"enemies":"Snecko","floor":28,"turns":5},{"damage":19,"enemies":"Cultist and Chosen","floor":29,"turns":7},{"damage":10,"enemies":"Collector","floor":33,"turns":9},{"damage":3,"enemies":"3 Shapes","floor":35,"turns":5},{"damage":0,"enemies":"Orb Walker","floor":36,"turns":5},{"damage":10,"enemies":"Maw","floor":39,"turns":7},{"damage":1,"enemies":"Sphere and 2 Shapes","floor":42,"turns":5},{"damage":7,"enemies":"Jaw Worm Horde","floor":45,"turns":3},{"damage":29,"enemies":"3 Darklings","floor":46,"turns":4},{"damage":14,"enemies":"Transient","floor":48,"turns":5},{"damage":31,"enemies":"Donu and Deca","floor":50,"turns":4}],"seed_played":"5697594998457697956","potions_obtained":[{"floor":5,"key":"GhostInAJar"},{"floor":7,"key":"GhostInAJar"},{"floor":11,"key":"SkillPotion"},{"floor":12,"key":"Poison Potion"},{"floor":16,"key":"Fire Potion"},{"floor":19,"key":"Weak Potion"},{"floor":23,"key":"Energy Potion"},{"floor":36,"key":"Dexterity Potion"},{"floor":39,"key":"GamblersBrew"},{"floor":42,"key":"EssenceOfSteel"},{"floor":48,"key":"SkillPotion"}],"is_trial":false,"path_per_floor":["M","?","?","M","M","R","M","R","T","M","M","M","R","$","R","B",null,"M","M","?","$","M","M","R","M","T","R","M","M","$","?","R","B",null,"M","M","?","?","M","R","?","M","T","R","M","M","$","M","R","B"],"character_chosen":"THE_SILENT","items_purchased":["Infinite Blades","Blur","Cloak And Dagger","Accuracy","Deflect","Unload"],"campfire_rested":4,"item_purchase_floors":[14,14,21,21,21,47],"current_hp_per_floor":[70,59,59,59,59,59,51,51,51,51,44,44,44,44,44,42,70,65,61,33,33,21,2,23,20,20,41,36,17,17,17,38,28,70,67,67,67,67,57,57,57,56,56,56,49,20,20,6,27,0],"gold":22,"neow_bonus":"UPGRADE_CARD","is_prod":false,"is_daily":false,"chose_seed":false,"campfire_upgraded":6,"win_rate":0.0,"timestamp":1551800948,"path_taken":["M","?","?","M","M","R","M","R","T","M","M","M","R","$","R","BOSS","M","M","?","$","M","M","R","M","T","R","M","M","$","?","R","BOSS","M","M","?","?","M","R","?","?","T","R","M","M","$","M","R","BOSS"],"build_version":"2019-01-23","purchased_purges":3,"victory":false,"max_hp_per_floor":[70,70,70,70,70,70,70,70,70,70,70,70,70,70,70,70,70,70,70,70,70,70,70,70,70,70,70,70,70,70,70,70,70,70,70,70,70,70,70,70,70,70,70,70,70,70,70,70,70,70],"card_choices":[{"not_picked":["Sucker Punch","Backstab","Flying Knee"],"picked":"SKIP","floor":1},{"not_picked":["Choke","Acrobatics","Endless Agony"],"picked":"SKIP","floor":4},{"not_picked":["Distraction","Poisoned Stab"],"picked":"Well Laid Plans","floor":5},{"not_picked":["PiercingWail","Backstab","Outmaneuver"],"picked":"SKIP","floor":7},{"not_picked":["Dodge and Roll","Poisoned Stab","Tactician"],"picked":"SKIP","floor":10},{"not_picked":["Quick Slash","Expertise","Poisoned Stab"],"picked":"SKIP","floor":11},{"not_picked":["Riddle With Holes","Dagger Throw"],"picked":"Cloak And Dagger","floor":12},{"not_picked":["Doppelganger","Bullet Time"],"picked":"A Thousand Cuts","floor":16},{"not_picked":["Dagger Spray+1","Eviscerate"],"picked":"Escape Plan","floor":18},{"not_picked":["Tactician","Calculated Gamble"],"picked":"Deflect+1","floor":19},{"not_picked":["Bouncing Flask","All Out Attack"],"picked":"Blade Dance+1","floor":20},{"not_picked":["Tactician+1","Flying Knee+1"],"picked":"Accuracy","floor":22},{"not_picked":["Dagger Throw","Slice"],"picked":"Deflect","floor":23},{"not_picked":["Poisoned Stab+1","Flying Knee"],"picked":"Infinite Blades","floor":25},{"not_picked":["Endless Agony","Dagger Spray"],"picked":"After Image","floor":27},{"not_picked":["Riddle With Holes","Bouncing Flask","Outmaneuver"],"picked":"SKIP","floor":28},{"not_picked":["Bane+1","Dagger Throw"],"picked":"Blade Dance","floor":29},{"not_picked":["Glass Knife","Doppelganger"],"picked":"After Image","floor":33},{"not_picked":["Deflect","Dagger Spray+1"],"picked":"Footwork","floor":34},{"not_picked":["Flechettes+1","Dash"],"picked":"Prepared+1","floor":34},{"not_picked":["Well Laid Plans","PiercingWail"],"picked":"Deflect","floor":34},{"not_picked":["Dodge and Roll","Backflip"],"picked":"Deflect","floor":34},{"not_picked":["Infinite Blades","Calculated Gamble+1"],"picked":"Deflect","floor":34},{"not_picked":["Endless Agony","Tactician+1"],"picked":"Blade Dance","floor":35},{"not_picked":["Well Laid Plans+1","Prepared+1"],"picked":"Finisher+1","floor":36},{"not_picked":["Slice","Eviscerate+1","Choke"],"picked":"SKIP","floor":39},{"not_picked":["Acrobatics+1","Caltrops"],"picked":"Dodge and Roll+1","floor":42},{"not_picked":["Catalyst","Quick Slash+1","Flying Knee"],"picked":"SKIP","floor":45},{"not_picked":["Predator+1","Slice+1","PiercingWail"],"picked":"SKIP","floor":46},{"not_picked":["Quick Slash+1","Outmaneuver","Tactician"],"picked":"SKIP","floor":48},{"not_picked":["Sucker Punch","Die Die Die"],"picked":"Prepared","floor":49}],"player_experience":50542,"relics_obtained":[{"floor":9,"key":"Bronze Scales"},{"floor":20,"key":"Pocketwatch"},{"floor":20,"key":"Gremlin Horn"},{"floor":26,"key":"Dream Catcher"},{"floor":43,"key":"Potion Belt"}],"event_choices":[{"damage_healed":0,"gold_gain":75,"player_choice":"Gather Gold","damage_taken":11,"max_hp_gain":0,"max_hp_loss":0,"event_name":"World of Goop","floor":2,"gold_loss":0},{"cards_removed":["Defend_G"],"damage_healed":0,"gold_gain":0,"player_choice":"Forget","damage_taken":0,"max_hp_gain":0,"max_hp_loss":0,"event_name":"Living Wall","floor":3,"gold_loss":0},{"damage_healed":0,"gold_gain":0,"player_choice":"Fight","damage_taken":0,"max_hp_gain":0,"max_hp_loss":0,"event_name":"Colosseum","floor":20,"gold_loss":0},{"damage_healed":0,"gold_gain":0,"player_choice":"Fought Nobs","damage_taken":0,"max_hp_gain":0,"max_hp_loss":0,"event_name":"Colosseum","floor":20,"gold_loss":0},{"damage_healed":0,"gold_gain":0,"player_choice":"Ignored","damage_taken":0,"max_hp_gain":0,"max_hp_loss":0,"event_name":"Beggar","floor":31,"gold_loss":0},{"cards_removed":["Strike_G"],"damage_healed":0,"gold_gain":0,"player_choice":"Removed Attack","damage_taken":0,"max_hp_gain":0,"max_hp_loss":0,"event_name":"Falling","floor":37,"gold_loss":0},{"damage_healed":0,"gold_gain":0,"player_choice":"Paid","damage_taken":0,"relics_obtained":["Red Mask"],"max_hp_gain":0,"max_hp_loss":0,"event_name":"Tomb of Lord Red Mask","floor":38,"gold_loss":144},{"damage_healed":0,"gold_gain":0,"player_choice":"Upgraded","damage_taken":0,"max_hp_gain":0,"max_hp_loss":0,"event_name":"Upgrade Shrine","floor":41,"gold_loss":0,"cards_upgraded":["Accuracy"]}],"is_beta":false,"boss_relics":[{"not_picked":["Fusion Hammer","Philosopher\u0027s Stone"],"picked":"Cursed Key"},{"not_picked":["Velvet Choker","Runic Dome"],"picked":"Orrery"}],"items_purged_floors":[14,21,30],"is_endless":false,"potions_floor_spawned":[5,7,11,12,16,19,20,23,36,39,42,48],"killed_by":"Donu and Deca","ascension_level":0}