{"gold_per_floor":[14,33,46,56,67,98,98,129,154,154,154,154,119,139,139,269,269,282,38,38,53,153,153],"floor_reached":23,"playtime":952,"items_purged":["Defend_R"],"score":201,"play_id":"ba82a253-47ca-47ac-8d76-b9ae44f3e41f","local_time":"20190128131746","is_ascension_mode":false,"campfire_choices":[{"floor":12.0,"key":"RECALL"},{"data":"Dual Wield","floor":15.0,"key":"SMITH"}],"neow_cost":"NO_GOLD","seed_source_timestamp":0,"circlet_count":0,"master_deck":["Strike_R","Strike_R","Strike_R","Defend_R","Defend_R","Defend_R","Bash","Thunderclap","Heavy Blade","Flex","Inflame","Clash","Demon Form+1","Dual Wield+1","Offering","Seeing Red","Finesse","Sword Boomerang"],"special_seed":0,"relics":["Black Blood","Peace Pipe","Unceasing Top","Bloody Idol","Champion Belt","Blue Candle"],"potions_floor_usage":[23],"damage_taken":[{"damage":10.0,"enemies":"Small Slimes","floor":1.0,"turns":4.0},{"damage":11.0,"enemies":"Jaw Worm","floor":2.0,"turns":2.0},{"damage":0.0,"enemies":"2 Louse","floor":3.0,"turns":3.0},{"damage":1.0,"enemies":"Exordium Wildlife","floor":4.0,"turns":3.0},{"damage":1.0,"enemies":"Red Slaver","floor":5.0,"turns":2.0},{"damage":22.0,"enemies":"Gremlin Nob","floor":6.0,"turns":4.0},{"damage":13.0,"enemies":"3 Sentries","floor":8.0,"turns":6.0},{"damage":2.0,"enemies":"Blue Slaver","floor":14.0,"turns":3.0},{"damage":15.0,"enemies":"The Guardian","floor":16.0,"turns":6.0},{"damage":16.0,"enemies":"3 Byrds","floor":18.0,"turns":5.0},{"damage":9.0,"enemies":"Spheric Guardian","floor":21.0,"turns":3.0},{"damage":28.0,"enemies":"Colosseum Slavers","floor":22.0,"turns":4.0},{"damage":44.0,"enemies":"Colosseum Nobs","floor":22.0,"turns":4.0},{"damage":35,"enemies":"Gremlin Leader","floor":23,"turns":4}],"seed_played":"-283449567330878881","potions_obtained":[{"floor":2.0,"key":"Block Potion"},{"floor":5.0,"key":"Explosive Potion"},{"floor":6.0,"key":"Fire Potion"},{"floor":8.0,"key":"Weak Potion"},{"floor":14.0,"key":"AttackPotion"},{"floor":18.0,"key":"SpeedPotion"},{"floor":22.0,"key":"SneckoOil"}],"is_trial":false,"path_per_floor":["M","M","M","M","M","E","$","E","T","?","?","R","?","M","R","B",null,"M","$","?","M","?","E"],"character_chosen":"IRONCLAD","items_purchased":["Seeing Red","Finesse"],"campfire_rested":0,"item_purchase_floors":[19,19],"current_hp_per_floor":[76,71,77,80,80,64,64,57,57,37,37,37,57,61,61,52,80,74,74,74,80,33,0],"gold":153,"neow_bonus":"REMOVE_TWO","is_prod":false,"is_daily":false,"chose_seed":false,"campfire_upgraded":1,"win_rate":0,"timestamp":1548717466,"path_taken":["M","M","M","M","M","E","$","E","T","?","?","R","?","M","R","BOSS","M","$","?","M","?","E"],"build_version":"2019-01-23","purchased_purges":1,"victory":false,"max_hp_per_floor":[80,80,80,80,80,80,80,80,80,80,80,80,80,80,80,80,80,80,80,80,80,80,80],"card_choices":[{"not_picked":["Sentinel","Second Wind"],"picked":"Thunderclap","floor":1.0},{"not_picked":["Body Slam","Shockwave"],"picked":"Heavy Blade","floor":2.0},{"not_picked":["Seeing Red","Warcry"],"picked":"Flex","floor":3.0},{"not_picked":["Corruption","Battle Trance"],"picked":"Inflame","floor":4.0},{"not_picked":["Burning Pact","Clothesline","Disarm"],"picked":"SKIP","floor":5.0},{"not_picked":["Dual Wield","Hemokinesis"],"picked":"Clash","floor":6.0},{"not_picked":["Metallicize","Sever Soul"],"picked":"Demon Form","floor":8.0},{"not_picked":["Body Slam","Searing Blow"],"picked":"Dual Wield","floor":14.0},{"not_picked":["Impervious","Berserk"],"picked":"Offering","floor":16.0},{"not_picked":["Headbutt","Warcry","Perfected Strike+1"],"picked":"SKIP","floor":18.0},{"not_picked":["Inflame","Warcry","Blood for Blood+1"],"picked":"SKIP","floor":21.0},{"not_picked":["Twin Strike","Armaments+1"],"picked":"Sword Boomerang","floor":22.0}],"player_experience":381512,"relics_obtained":[{"floor":6.0,"key":"Peace Pipe"},{"floor":8.0,"key":"Unceasing Top"},{"floor":22.0,"key":"Champion Belt"},{"floor":22.0,"key":"Blue Candle"}],"event_choices":[{"damage_healed":0.0,"max_hp_gain":0.0,"max_hp_loss":0.0,"gold_gain":0.0,"event_name":"Golden Idol","player_choice":"Take Damage","floor":10.0,"gold_loss":0.0,"damage_taken":20.0,"relics_obtained":["Golden Idol"]},{"damage_healed":0.0,"max_hp_gain":0.0,"max_hp_loss":0.0,"gold_gain":0.0,"event_name":"Living Wall","player_choice":"Grow","floor":11.0,"gold_loss":0.0,"damage_taken":0.0,"cards_upgraded":["Demon Form"]},{"damage_healed":20.0,"max_hp_gain":0.0,"max_hp_loss":0.0,"gold_gain":0.0,"event_name":"The Cleric","player_choice":"Healed","floor":13.0,"gold_loss":35.0,"damage_taken":0.0},{"damage_healed":0.0,"max_hp_gain":0.0,"max_hp_loss":0.0,"gold_gain":0.0,"event_name":"Forgotten Altar","player_choice":"Gave Idol","floor":20.0,"relics_lost":["Golden Idol"],"gold_loss":0.0,"damage_taken":0.0,"relics_obtained":["Bloody Idol"]},{"damage_healed":0.0,"max_hp_gain":0.0,"max_hp_loss":0.0,"gold_gain":0.0,"event_name":"Colosseum","player_choice":"Fight","floor":22.0,"gold_loss":0.0,"damage_taken":0.0},{"damage_healed":0.0,"max_hp_gain":0.0,"max_hp_loss":0.0,"gold_gain":0.0,"event_name":"Colosseum","player_choice":"Fought Nobs","floor":22.0,"gold_loss":0.0,"damage_taken":0.0}],"is_beta":false,"boss_relics":[{"not_picked":["Runic Cube","White Beast Statue"],"picked":"Black Blood"}],"items_purged_floors":[19],"is_endless":false,"potions_floor_spawned":[2,5,6,8,14,18,22],"killed_by":"Gremlin Leader","ascension_level":0}