{"gold_per_floor":[369,369,216,228,243,243,209,221,221,237,267,267],"floor_reached":12,"playtime":412,"items_purged":[],"score":88,"play_id":"1a235636-1817-4414-8851-d9ef86b945b0","local_time":"20190311002409","is_ascension_mode":true,"campfire_choices":[{"data":"Neutralize","floor":6,"key":"SMITH"}],"neow_cost":"PERCENT_DAMAGE","seed_source_timestamp":109326212268738,"circlet_count":0,"master_deck":["Defend_G","Defend_G","Defend_G","Defend_G","Defend_G","Strike_G","Strike_G","Strike_G","Strike_G","Strike_G","Survivor","Neutralize+1","Escape Plan","Escape Plan","PiercingWail","Footwork","Dagger Throw","Corpse Explosion","Malaise"],"relics":["Ring of the Snake","Bronze Scales","Paper Crane","Pantograph"],"potions_floor_usage":[11,11],"damage_taken":[{"damage":5,"enemies":"Small Slimes","floor":1,"turns":5},{"damage":0,"enemies":"Cultist","floor":4,"turns":4},{"damage":8,"enemies":"2 Louse","floor":5,"turns":2},{"damage":11,"enemies":"Exordium Thugs","floor":8,"turns":7},{"damage":0,"enemies":"3 Louse","floor":10,"turns":3},{"damage":12,"enemies":"Gremlin Nob","floor":11,"turns":5}],"seed_played":"3813045529719827283","potions_obtained":[{"floor":1,"key":"Block Potion"},{"floor":4,"key":"Swift Potion"},{"floor":5,"key":"Explosive Potion"}],"is_trial":false,"path_per_floor":["M","?","$","M","M","R","$","M","T","M","E","?"],"character_chosen":"THE_SILENT","items_purchased":["Bronze Scales","Footwork"],"campfire_rested":0,"item_purchase_floors":[3,7],"current_hp_per_floor":[44,44,44,44,36,36,36,25,25,25,13,0],"gold":267,"neow_bonus":"TWO_FIFTY_GOLD","is_prod":false,"is_daily":false,"chose_seed":false,"campfire_upgraded":1,"win_rate":0,"timestamp":1552260249,"path_taken":["M","?","$","M","?","R","$","M","T","M","E","?"],"build_version":"2019-01-23","purchased_purges":0,"victory":false,"max_hp_per_floor":[70,70,70,70,70,70,70,70,70,70,70,70],"card_choices":[{"not_picked":["Deadly Poison","PiercingWail"],"picked":"Escape Plan","floor":1},{"not_picked":["Infinite Blades","Bane"],"picked":"Escape Plan","floor":4},{"not_picked":["Reflex","Backflip"],"picked":"PiercingWail","floor":5},{"not_picked":["Deflect","Calculated Gamble"],"picked":"Dagger Throw","floor":8},{"not_picked":["Finisher","Deadly Poison"],"picked":"Corpse Explosion","floor":10},{"not_picked":["Masterful Stab","Tactician"],"picked":"Malaise","floor":11}],"player_experience":161873,"relics_obtained":[{"floor":9,"key":"Paper Crane"},{"floor":11,"key":"Pantograph"}],"event_choices":[{"damage_healed":0,"gold_gain":0,"player_choice":"Bought 0 Potions","damage_taken":0,"max_hp_gain":0,"max_hp_loss":0,"event_name":"The Woman in Blue","floor":2,"gold_loss":0}],"is_beta":false,"boss_relics":[],"items_purged_floors":[],"is_endless":false,"potions_floor_spawned":[1,4,5],"ascension_level":2}