{"gold_per_floor":[113,40,40,55,70,82,92,92,92,112,122,140,152,152,152,249,249,261,14,34,51,326,326,336,336],"floor_reached":25,"playtime":2110,"items_purged":["Normality"],"score":201,"play_id":"14b2ec8b-57d3-483e-9b2f-c23800c80589","local_time":"20190304025015","is_ascension_mode":false,"campfire_choices":[{"data":"Armaments","floor":8,"key":"SMITH"},{"data":"Ghostly Armor","floor":15,"key":"SMITH"},{"floor":23,"key":"REST"}],"neow_cost":"NONE","seed_source_timestamp":118231089113141,"circlet_count":0,"master_deck":["Strike_R","Strike_R","Strike_R","Strike_R","Strike_R","Defend_R","Defend_R","Defend_R","Thunderclap","Armaments+1","Iron Wave","Body Slam","Iron Wave","Shrug It Off","Perfected Strike","Ghostly Armor+1","Juggernaut","Entrench+1","Rampage+1","Heavy Blade","Metallicize","Good Instincts","Flex","Inflame","Heavy Blade+1","Regret","Whirlwind"],"relics":["Burning Blood","WarpedTongs","Matryoshka","Astrolabe"],"potions_floor_usage":[16,16,16,21,25],"damage_taken":[{"damage":5,"enemies":"Cultist","floor":1,"turns":4},{"damage":2,"enemies":"2 Louse","floor":4,"turns":3},{"damage":3,"enemies":"Small Slimes","floor":5,"turns":3},{"damage":26,"enemies":"Exordium Thugs","floor":6,"turns":8},{"damage":5,"enemies":"Exordium Wildlife","floor":7,"turns":4},{"damage":5,"enemies":"2 Fungi Beasts","floor":10,"turns":3},{"damage":4,"enemies":"Exordium Thugs","floor":11,"turns":4},{"damage":1,"enemies":"3 Louse","floor":12,"turns":3},{"damage":6,"enemies":"Large Slime","floor":13,"turns":6},{"damage":49,"enemies":"The Guardian","floor":16,"turns":11},{"damage":13,"enemies":"Shell Parasite","floor":18,"turns":9},{"damage":54,"enemies":"3 Byrds","floor":20,"turns":9},{"damage":29,"enemies":"Centurion and Healer","floor":21,"turns":8},{"damage":33,"enemies":"Snake Plant","floor":24,"turns":5},{"damage":10,"enemies":"Snecko","floor":25,"turns":2}],"seed_played":"2156050932320741209","potions_obtained":[{"floor":1,"key":"Regen Potion"},{"floor":4,"key":"Strength Potion"},{"floor":6,"key":"SkillPotion"},{"floor":13,"key":"SpeedPotion"},{"floor":16,"key":"FearPotion"},{"floor":18,"key":"GamblersBrew"}],"is_trial":false,"path_per_floor":["M","$","?","M","M","M","M","R","T","M","M","M","M","?","R","B",null,"M","$","M","M","?","R","M","M"],"character_chosen":"IRONCLAD","items_purchased":["Armaments","Iron Wave","Metallicize","Good Instincts","Flex"],"campfire_rested":1,"item_purchase_floors":[2,2,19,19,19],"current_hp_per_floor":[88,88,88,88,88,68,69,69,69,70,72,77,77,69,69,41,88,81,81,33,10,10,36,9,0],"gold":336,"neow_bonus":"TEN_PERCENT_HP_BONUS","is_prod":false,"is_daily":false,"chose_seed":false,"campfire_upgraded":2,"win_rate":0.0,"timestamp":1551664215,"path_taken":["M","?","?","M","M","M","M","R","T","M","?","M","M","?","R","BOSS","M","$","?","M","?","R","M","M"],"build_version":"2019-01-23","purchased_purges":1,"victory":false,"max_hp_per_floor":[88,88,88,88,88,88,88,88,88,88,88,88,88,88,88,88,88,88,88,88,88,88,88,88,88],"card_choices":[{"not_picked":["Second Wind","Clothesline"],"picked":"Thunderclap","floor":1},{"not_picked":["Feel No Pain","Second Wind","Infernal Blade"],"picked":"SKIP","floor":4},{"not_picked":["Armaments","Infernal Blade"],"picked":"Body Slam","floor":5},{"not_picked":["Shockwave","Sword Boomerang"],"picked":"Iron Wave","floor":6},{"not_picked":["Thunderclap","Pommel Strike"],"picked":"Shrug It Off","floor":7},{"not_picked":["Warcry","Sword Boomerang"],"picked":"Perfected Strike","floor":10},{"not_picked":["Uppercut","Bloodletting","Disarm"],"picked":"SKIP","floor":11},{"not_picked":["Combust","Sword Boomerang","Infernal Blade"],"picked":"SKIP","floor":12},{"not_picked":["Headbutt","Dropkick"],"picked":"Ghostly Armor","floor":13},{"not_picked":["Bludgeon","Berserk"],"picked":"Juggernaut","floor":16},{"not_picked":["Warcry","Burning Pact+1"],"picked":"Heavy Blade","floor":18},{"not_picked":["Sword Boomerang+1","Perfected Strike"],"picked":"Inflame","floor":20},{"not_picked":["Clash","Rupture"],"picked":"Heavy Blade+1","floor":21},{"not_picked":["Uppercut","True Grit"],"picked":"Whirlwind","floor":24}],"player_experience":7744,"relics_obtained":[{"floor":9,"key":"Matryoshka"}],"event_choices":[{"damage_healed":0,"gold_gain":0,"player_choice":"Rummage","damage_taken":0,"relics_obtained":["WarpedTongs"],"max_hp_gain":0,"max_hp_loss":0,"event_name":"Accursed Blacksmith","floor":3,"gold_loss":0,"cards_obtained":["Pain"]},{"damage_healed":0,"gold_gain":0,"player_choice":"Damaged","damage_taken":8,"max_hp_gain":0,"max_hp_loss":0,"event_name":"Wheel of Change","floor":14,"gold_loss":0},{"damage_healed":0,"gold_gain":275,"player_choice":"Desecrate","damage_taken":0,"max_hp_gain":0,"max_hp_loss":0,"event_name":"Golden Shrine","floor":22,"gold_loss":0,"cards_obtained":["Regret"]}],"is_beta":false,"boss_relics":[{"not_picked":["Ectoplasm","Runic Pyramid"],"picked":"Astrolabe"}],"items_purged_floors":[19],"is_endless":false,"potions_floor_spawned":[1,4,6,13,16,18],"killed_by":"Snecko","ascension_level":0}