{"gold_per_floor":[17,17,30,30,47,47,62,96,96,111,111,111,136,159,159,287,287,301,301,301,0,99,99],"floor_reached":23,"playtime":1204,"items_purged":[],"score":320,"play_id":"a08bbf29-de4f-4bc6-9439-df71408a02b4","local_time":"20190111200229","is_ascension_mode":true,"campfire_choices":[{"data":"Neutralize","floor":6,"key":"SMITH"},{"data":"Infinite Blades","floor":11,"key":"SMITH"},{"floor":15,"key":"REST"}],"neow_cost":"NO_GOLD","seed_source_timestamp":0,"circlet_count":0,"master_deck":["Strike_MRS","Strike_MRS","Strike_MRS","Strike_MRS","Defend_MRS","Defend_MRS","Defend_MRS","Defend_MRS","UpSweep","Deep Breath","ReplayTheSpireMod:Private Reserves","UnstableBomb","Neutralize+1","PowerUp","Infinite Blades+1","6A","6A","SuperNova","WitchOfGreed+1"],"special_seed":0,"relics":["m_TsuchinokoRing","Lantern","Golden Idol","ChewingGum","Frozen Egg 2"],"potions_floor_usage":[8,8,16,16],"damage_taken":[{"damage":3,"enemies":"Small Slimes","floor":1,"turns":2},{"damage":1,"enemies":"Cultist","floor":3,"turns":3},{"damage":2,"enemies":"Jaw Worm","floor":5,"turns":4},{"damage":0,"enemies":"3 Louse","floor":7,"turns":2},{"damage":16,"enemies":"3 Sentries","floor":8,"turns":6},{"damage":0,"enemies":"Large Slime","floor":10,"turns":4},{"damage":5,"enemies":"Blue Slaver","floor":13,"turns":3},{"damage":2,"enemies":"2 Fungi Beasts","floor":14,"turns":2},{"damage":32,"enemies":"The Guardian","floor":16,"turns":10},{"damage":15,"enemies":"2 Thieves","floor":18,"turns":4},{"damage":53,"enemies":"Slavers","floor":23,"turns":6}],"seed_played":"1294514279260731623","potions_obtained":[{"floor":1,"key":"SpeedPotion"},{"floor":5,"key":"Explosive Potion"},{"floor":7,"key":"Poison Potion"},{"floor":14,"key":"Dexterity Potion"}],"is_trial":false,"path_per_floor":["M","?","M","?","M","R","M","E","T","M","R","?","M","M","R","B",null,"M","?","?","$","?","E"],"character_chosen":"MARISA","items_purchased":["Frozen Egg 2","WitchOfGreed+1"],"campfire_rested":1,"item_purchase_floors":[21,21],"current_hp_per_floor":[72,65,64,64,62,62,62,46,46,46,46,46,41,39,59,27,69,54,54,54,54,54,1],"gold":99,"neow_bonus":"RANDOM_COLORLESS_2","is_prod":false,"is_daily":false,"chose_seed":false,"campfire_upgraded":2,"win_rate":0,"timestamp":1547244149,"path_taken":["M","?","?","?","M","R","M","E","T","M","R","?","M","M","R","BOSS","M","?","?","$","?","E"],"build_version":"2019-01-10","purchased_purges":0,"victory":false,"max_hp_per_floor":[75,75,75,75,75,75,75,75,75,75,75,69,69,69,69,69,69,69,69,69,69,69,69],"card_choices":[{"not_picked":["GasGiant","MysteriousBeam","DarkSpark"],"picked":"SKIP","floor":1},{"not_picked":["WitchLeyline","SporeBomb"],"picked":"UnstableBomb","floor":3},{"not_picked":["Prepared","WitchLeyline"],"picked":"PowerUp","floor":5},{"not_picked":["OpenUniverse","StarBarrage"],"picked":"Infinite Blades","floor":7},{"not_picked":["CollectingQuirk","Masterful Stab"],"picked":"6A","floor":8},{"not_picked":["EnergyRecoil","GrandCross","UnstableBomb"],"picked":"SKIP","floor":10},{"not_picked":["Blade Dance","ManaConvection","EnergyRecoil"],"picked":"SKIP","floor":13},{"not_picked":["Deflect","MagicChant"],"picked":"6A","floor":14},{"not_picked":["SatelliteIllusion","Phantasmal Killer"],"picked":"SuperNova","floor":16},{"not_picked":["ShootingEcho","GrandCross","D6C"],"picked":"SKIP","floor":18}],"player_experience":731893,"relics_obtained":[{"floor":8,"key":"Lantern"}],"event_choices":[{"damage_healed":0,"gold_gain":0,"player_choice":"Damaged","damage_taken":7,"max_hp_gain":0,"max_hp_loss":0,"event_name":"Wheel of Change","floor":2,"gold_loss":0},{"damage_healed":0,"gold_gain":0,"player_choice":"Lose Max HP","damage_taken":0,"relics_obtained":["Golden Idol"],"max_hp_gain":0,"max_hp_loss":6,"event_name":"Golden Idol","floor":12,"gold_loss":0},{"damage_healed":0,"gold_gain":0,"player_choice":"Ignored","damage_taken":0,"max_hp_gain":0,"max_hp_loss":0,"event_name":"Vampires","floor":19,"gold_loss":0},{"damage_healed":0,"gold_gain":0,"player_choice":"Ignored","damage_taken":0,"max_hp_gain":0,"max_hp_loss":0,"event_name":"Ghosts","floor":20,"gold_loss":0},{"damage_healed":0,"gold_gain":99,"player_choice":"Stole From Cult","damage_taken":0,"max_hp_gain":0,"max_hp_loss":0,"event_name":"Nest","floor":22,"gold_loss":0}],"is_beta":false,"boss_relics":[{"not_picked":["Eternal Feather","Pandora\u0027s Box"],"picked":"ChewingGum"}],"items_purged_floors":[],"is_endless":false,"potions_floor_spawned":[1,5,7,14],"killed_by":"Slavers","ascension_level":2}