{"gold_per_floor":[117,129,204,204,219,219,63,63,110,139,151,169,204,53,53,151,151,169,23,27,27,47,47,77,91,91,6,31,46,64,84,84,182,182,199,199,219,237,255,255,94,94,146,65,85,85,85,85,85,85],"floor_reached":51,"playtime":3780,"items_purged":["Defend_G","Strike_G","Strike_G"],"score":758,"play_id":"b8b279d7-27a5-4758-a84d-8fec494dd1ab","local_time":"20190310233351","is_ascension_mode":true,"campfire_choices":[{"data":"Neutralize","floor":6,"key":"SMITH"},{"data":"Footwork","floor":8,"key":"SMITH"},{"data":"After Image","floor":15,"key":"SMITH"},{"data":"Noxious Fumes","floor":23,"key":"SMITH"},{"floor":32,"key":"REST"},{"floor":40,"key":"RECALL"},{"data":"Noxious Fumes","floor":42,"key":"SMITH"},{"data":"Footwork","floor":49,"key":"SMITH"}],"neow_cost":"NONE","seed_source_timestamp":102931019761450,"circlet_count":0,"master_deck":["Defend_G","Defend_G","Defend_G","Defend_G","Strike_G","Survivor","Neutralize+1","Escape Plan","Deflect","Acrobatics","Footwork+1","Noxious Fumes+1","Sucker Punch","Dagger Spray","Slice","After Image+1","Adrenaline","Dagger Throw","Prepared","Well Laid Plans+1","Dash+1","Finesse","Accuracy","Deflect+1","Die Die Die","Dodge and Roll+1","Sucker Punch","Backstab","Adrenaline","Footwork+1","Backflip+1","Good Instincts","Masterful Stab+1","Footwork+1","Slice+1","Deadly Poison+1","Noxious Fumes+1","Bouncing Flask","Parasite","Blur","Madness","Madness"],"relics":["Ring of the Snake","Darkstone Periapt","Mango","StoneCalendar","Empty Cage","NlothsMask","Mummified Hand","Prayer Wheel","Eternal Feather","Blood Vial","Ninja Scroll"],"potions_floor_usage":[10,16,16,33,33,50],"damage_taken":[{"damage":6,"enemies":"Jaw Worm","floor":1,"turns":6},{"damage":0,"enemies":"Cultist","floor":2,"turns":6},{"damage":0,"enemies":"Small Slimes","floor":5,"turns":5},{"damage":28,"enemies":"Gremlin Nob","floor":10,"turns":6},{"damage":0,"enemies":"Red Slaver","floor":11,"turns":8},{"damage":0,"enemies":"Looter","floor":12,"turns":4},{"damage":3,"enemies":"Lagavulin","floor":13,"turns":9},{"damage":9,"enemies":"The Guardian","floor":16,"turns":13},{"damage":2,"enemies":"Spheric Guardian","floor":18,"turns":7},{"damage":9,"enemies":"2 Thieves","floor":20,"turns":4},{"damage":12,"enemies":"Chosen and Byrds","floor":22,"turns":7},{"damage":39,"enemies":"Slavers","floor":24,"turns":7},{"damage":0,"enemies":"Sentry and Sphere","floor":25,"turns":7},{"damage":0,"enemies":"Book of Stabbing","floor":28,"turns":7},{"damage":0,"enemies":"3 Cultists","floor":29,"turns":5},{"damage":0,"enemies":"Snake Plant","floor":30,"turns":6},{"damage":0,"enemies":"Snecko","floor":31,"turns":7},{"damage":25,"enemies":"Champ","floor":33,"turns":19},{"damage":17,"enemies":"3 Darklings","floor":35,"turns":5},{"damage":3,"enemies":"Orb Walker","floor":37,"turns":5},{"damage":16,"enemies":"3 Darklings","floor":38,"turns":6},{"damage":7,"enemies":"4 Shapes","floor":39,"turns":5},{"damage":9,"enemies":"Writhing Mass","floor":45,"turns":7},{"damage":91,"enemies":"Time Eater","floor":50,"turns":15}],"seed_played":"6489581628575079671","potions_obtained":[{"floor":2,"key":"AttackPotion"},{"floor":5,"key":"Weak Potion"},{"floor":11,"key":"EssenceOfSteel"},{"floor":13,"key":"Fire Potion"},{"floor":22,"key":"FearPotion"},{"floor":24,"key":"SteroidPotion"},{"floor":25,"key":"FearPotion"},{"floor":33,"key":"Swift Potion"},{"floor":45,"key":"Regen Potion"}],"is_trial":false,"path_per_floor":["M","M","?","?","M","R","$","R","T","E","M","M","E","$","R","B",null,"M","$","M","?","M","R","E","M","T","$","E","M","M","M","R","B",null,"M","?","M","M","M","R","$","R","T","$","M","?","$","T","R","B",null],"character_chosen":"THE_SILENT","items_purchased":["Footwork","After Image","Prepared","Finesse","Noxious Fumes","Bouncing Flask"],"campfire_rested":1,"item_purchase_floors":[7,14,19,27,41,44],"current_hp_per_floor":[71,71,60,60,60,60,60,60,60,46,46,46,43,43,43,34,91,89,89,80,80,68,68,29,29,29,29,29,29,29,29,56,31,91,74,74,71,55,48,69,69,90,90,90,88,76,76,76,97,21],"gold":85,"neow_bonus":"TEN_PERCENT_HP_BONUS","is_prod":false,"is_daily":false,"chose_seed":false,"campfire_upgraded":6,"win_rate":0,"timestamp":1552257231,"path_taken":["M","M","?","?","M","R","$","R","T","E","?","M","E","?","R","BOSS","M","$","M","?","M","R","E","M","T","$","E","M","?","M","R","BOSS","M","?","M","M","M","R","$","R","T","$","M","?","$","?","R","BOSS"],"build_version":"2019-01-23","purchased_purges":3,"victory":true,"max_hp_per_floor":[77,77,77,77,77,77,77,77,77,91,91,91,91,91,91,91,91,91,91,91,91,91,91,91,91,91,91,91,91,91,91,91,91,91,91,91,91,91,91,91,91,91,91,91,97,97,97,97,97,97],"card_choices":[{"not_picked":["Quick Slash","Deadly Poison"],"picked":"Escape Plan","floor":1},{"not_picked":["Riddle With Holes","Expertise"],"picked":"Deflect","floor":2},{"not_picked":["Prepared","Poisoned Stab"],"picked":"Acrobatics","floor":5},{"not_picked":["PiercingWail","Riddle With Holes"],"picked":"Noxious Fumes","floor":10},{"not_picked":["Concentrate","Outmaneuver"],"picked":"Sucker Punch","floor":11},{"not_picked":["Eviscerate","Bane"],"picked":"Dagger Spray","floor":12},{"not_picked":["Predator","Escape Plan"],"picked":"Slice","floor":13},{"not_picked":["After Image","Unload"],"picked":"Adrenaline","floor":16},{"not_picked":["Deflect+1","Quick Slash"],"picked":"Dagger Throw","floor":18},{"not_picked":["Prepared","Terror","Crippling Poison"],"picked":"SKIP","floor":20},{"not_picked":["Quick Slash","Bane"],"picked":"Well Laid Plans+1","floor":22},{"not_picked":["Predator+1","Well Laid Plans"],"picked":"Dash+1","floor":24},{"not_picked":["Dagger Throw+1","Terror","Dagger Spray"],"picked":"SKIP","floor":25},{"not_picked":["Prepared","Dagger Spray","Outmaneuver"],"picked":"SKIP","floor":28},{"not_picked":["Backflip+1","Finisher"],"picked":"Accuracy","floor":29},{"not_picked":["Underhanded Strike","Concentrate"],"picked":"Deflect+1","floor":29},{"not_picked":["Infinite Blades","Tactician"],"picked":"Die Die Die","floor":30},{"not_picked":["Flying Knee","Finisher+1"],"picked":"Dodge and Roll+1","floor":30},{"not_picked":["PiercingWail+1","Dodge and Roll+1"],"picked":"Sucker Punch","floor":31},{"not_picked":["PiercingWail","Tactician"],"picked":"Backstab","floor":31},{"not_picked":["Doppelganger","Malaise"],"picked":"Adrenaline","floor":33},{"not_picked":["Quick Slash+1","Dagger Throw"],"picked":"Footwork","floor":35},{"not_picked":["Blade Dance+1","Prepared+1"],"picked":"Backflip+1","floor":35},{"not_picked":["Sadistic Nature","Mayhem"],"picked":"Good Instincts","floor":36},{"not_picked":["Outmaneuver+1","Sucker Punch+1"],"picked":"Masterful Stab+1","floor":37},{"not_picked":["Accuracy","Slice+1","Dagger Spray"],"picked":"SKIP","floor":37},{"not_picked":["Dagger Spray","Backstab"],"picked":"Footwork+1","floor":38},{"not_picked":["Masterful Stab","Blade Dance","Terror+1"],"picked":"SKIP","floor":38},{"not_picked":["Sucker Punch+1","Escape Plan"],"picked":"Slice+1","floor":39},{"not_picked":["Riddle With Holes+1","Distraction"],"picked":"Deadly Poison+1","floor":39},{"not_picked":["Cloak And Dagger","Setup"],"picked":"Blur","floor":45},{"not_picked":["Noxious Fumes","Underhanded Strike+1","Wraith Form v2"],"picked":"SKIP","floor":45}],"player_experience":155557,"relics_obtained":[{"floor":10,"key":"Mango"},{"floor":13,"key":"StoneCalendar"},{"floor":24,"key":"Mummified Hand"},{"floor":28,"key":"Prayer Wheel"},{"floor":43,"key":"Blood Vial"},{"floor":48,"key":"Ninja Scroll"}],"event_choices":[{"damage_healed":0,"gold_gain":75,"player_choice":"Gather Gold","damage_taken":11,"max_hp_gain":0,"max_hp_loss":0,"event_name":"World of Goop","floor":3,"gold_loss":0},{"damage_healed":0,"gold_gain":0,"player_choice":"Gave Potion","damage_taken":0,"relics_obtained":["Darkstone Periapt"],"max_hp_gain":0,"max_hp_loss":0,"event_name":"WeMeetAgain","floor":4,"gold_loss":0},{"damage_healed":0,"gold_gain":0,"player_choice":"Trade","damage_taken":0,"relics_obtained":["NlothsMask"],"max_hp_gain":0,"max_hp_loss":0,"event_name":"FaceTrader","floor":21,"gold_loss":0},{"damage_healed":0,"gold_gain":0,"player_choice":"Memory 1","damage_taken":0,"max_hp_gain":0,"max_hp_loss":0,"event_name":"SensoryStone","floor":36,"gold_loss":0},{"damage_healed":0,"gold_gain":0,"player_choice":"Embrace Madness","damage_taken":12,"max_hp_gain":0,"max_hp_loss":0,"event_name":"Winding Halls","floor":46,"gold_loss":0,"cards_obtained":["Madness","Madness"]}],"is_beta":false,"boss_relics":[{"not_picked":["Calling Bell","Ectoplasm"],"picked":"Empty Cage"},{"not_picked":["Fusion Hammer","WristBlade"],"picked":"Eternal Feather"}],"items_purged_floors":[7,19,41],"is_endless":false,"potions_floor_spawned":[2,5,11,13,22,24,25,30,33,45],"ascension_level":1}