{"gold_per_floor":[112,41,51,51,70,70,104,104,180,180,194,223,243,263,263,367,417,430,46,63,63,80,80,100,130,130,229,229],"floor_reached":28,"playtime":2512,"items_purged":[],"score":447,"play_id":"f50143f1-4c96-4366-b3d7-4351efb2552a","local_time":"20181221202115","is_ascension_mode":true,"campfire_choices":[{"data":"Sucker Punch","floor":6.0,"key":"SMITH"},{"floor":8.0,"key":"REST"},{"floor":15.0,"key":"REST"},{"floor":23,"key":"REST"}],"neow_cost":"NONE","seed_source_timestamp":0,"circlet_count":0,"master_deck":["AscendersBane","Defend_G","Defend_G","Defend_G","Defend_G","Defend_G","Strike_G","Strike_G","Strike_G","Strike_G","Survivor","Neutralize","Endless Agony","Masterful Stab","Quick Slash","Sucker Punch+1","Finisher","Escape Plan","Quick Slash+1","Dagger Spray","Tools of the Trade","Dagger Spray","Noxious Fumes","Underhanded Strike","Adrenaline","Leg Sweep+1","Venomology","Bane"],"special_seed":0,"relics":["Ring of the Snake","Ancient Tea Set","Potion Belt","Tiny Chest","Sundial","Strawberry","Tiny House","TwistedFunnel","Omamori","Nloth\u0027s Gift","Pen Nib","Bottled Lightning"],"potions_floor_usage":[16,16,16,20],"damage_taken":[{"damage":0.0,"enemies":"Small Slimes","floor":1.0,"turns":5.0},{"damage":0.0,"enemies":"Jaw Worm","floor":3.0,"turns":5.0},{"damage":0.0,"enemies":"2 Louse","floor":5.0,"turns":2.0},{"damage":25.0,"enemies":"Lagavulin","floor":7.0,"turns":6.0},{"damage":7.0,"enemies":"Exordium Thugs","floor":11.0,"turns":4.0},{"damage":7.0,"enemies":"3 Sentries","floor":12.0,"turns":9.0},{"damage":3.0,"enemies":"The Mushroom Lair","floor":13.0,"turns":3.0},{"damage":10.0,"enemies":"Lots of Slimes","floor":14.0,"turns":4.0},{"damage":0,"enemies":"Hexaghost","floor":16,"turns":6},{"damage":0,"enemies":"3 Byrds","floor":18,"turns":4},{"damage":0,"enemies":"Spheric Guardian","floor":20,"turns":3},{"damage":39,"enemies":"Snake Plant","floor":22,"turns":5},{"damage":15,"enemies":"Cultist and Chosen","floor":24,"turns":6},{"damage":73,"enemies":"Book of Stabbing","floor":25,"turns":7},{"damage":0,"enemies":"Shelled Parasite and Fungi","floor":28,"turns":1}],"seed_played":"-216048178580677294","potions_obtained":[{"floor":7.0,"key":"Ancient Potion"},{"floor":12.0,"key":"EssenceOfSteel"},{"floor":14.0,"key":"SteroidPotion"},{"floor":16,"key":"Swift Potion"},{"floor":17,"key":"Strength Potion"},{"floor":20,"key":"FairyPotion"},{"floor":24,"key":"FairyPotion"},{"floor":25,"key":"GhostInAJar"}],"is_trial":false,"path_per_floor":["M","$","M","?","M","R","E","R","T","T","M","E","?","M","R","B",null,"M","$","M","?","M","R","M","E","T","?","M"],"character_chosen":"THE_SILENT","items_purchased":["Masterful Stab","TwistedFunnel","Underhanded Strike","Omamori"],"campfire_rested":3,"item_purchase_floors":[2,19,19,19],"current_hp_per_floor":[63,63,63,56,56,56,31,52,52,52,45,45,42,32,55,55,77,77,77,77,77,38,62,47,8,8,8,8],"gold":229,"neow_bonus":"RANDOM_COMMON_RELIC","is_prod":false,"is_daily":false,"chose_seed":false,"campfire_upgraded":1,"win_rate":0,"timestamp":1545430875,"path_taken":["M","$","M","?","M","R","E","R","T","?","M","E","?","?","R","BOSS","M","?","M","?","M","R","?","E","T","?","M"],"build_version":"2018-12-20","purchased_purges":0,"victory":false,"max_hp_per_floor":[70,70,70,70,70,70,70,70,70,70,70,77,77,77,77,77,82,82,82,82,82,82,82,82,82,82,82,82],"card_choices":[{"not_picked":["Acrobatics","PiercingWail"],"picked":"Endless Agony","floor":1.0},{"not_picked":["Bane","Acrobatics"],"picked":"Quick Slash","floor":3.0},{"not_picked":["Dodge and Roll","Poisoned Stab"],"picked":"Sucker Punch","floor":5.0},{"not_picked":["Terror","Calculated Gamble"],"picked":"Finisher","floor":7.0},{"not_picked":["Catalyst","Bane"],"picked":"Escape Plan","floor":11.0},{"not_picked":["Bane","Deadly Poison"],"picked":"Quick Slash","floor":12.0},{"not_picked":["Blur","Slice"],"picked":"Dagger Spray","floor":13.0},{"not_picked":["Deadly Poison","Calculated Gamble","Bane"],"picked":"SKIP","floor":14.0},{"not_picked":["Venomology","Storm of Steel"],"picked":"Tools of the Trade","floor":16},{"not_picked":["Flechettes","Reflex"],"picked":"Dagger Spray","floor":17},{"not_picked":["Poisoned Stab+1","Deadly Poison+1"],"picked":"Noxious Fumes","floor":18},{"not_picked":["PiercingWail","Blade Dance"],"picked":"Adrenaline","floor":20},{"not_picked":["Choke","Flying Knee"],"picked":"Leg Sweep+1","floor":22},{"not_picked":["Flying Knee","Slice+1"],"picked":"Venomology","floor":24},{"not_picked":["Venomology","Deadly Poison"],"picked":"Bane","floor":25}],"player_experience":620004,"relics_obtained":[{"floor":7.0,"key":"Potion Belt"},{"floor":9.0,"key":"Tiny Chest"},{"floor":10.0,"key":"Sundial"},{"floor":12.0,"key":"Strawberry"},{"floor":13.0,"key":"Odd Mushroom"},{"floor":25,"key":"Pen Nib"},{"floor":26,"key":"Bottled Lightning"}],"event_choices":[{"cards_removed":["Strike_G"],"damage_healed":0.0,"max_hp_gain":0.0,"max_hp_loss":0.0,"gold_gain":0.0,"event_name":"Golden Wing","player_choice":"Card Removal","floor":4.0,"gold_loss":0.0,"damage_taken":7.0},{"damage_healed":0.0,"max_hp_gain":0.0,"max_hp_loss":0.0,"gold_gain":0.0,"event_name":"Mushrooms","player_choice":"Fought Mushrooms","floor":13.0,"gold_loss":0.0,"damage_taken":0.0},{"damage_healed":0,"gold_gain":0,"player_choice":"Traded Relic","damage_taken":0,"relics_obtained":["Nloth\u0027s Gift"],"max_hp_gain":0,"max_hp_loss":0,"event_name":"N\u0027loth","floor":21,"relics_lost":["Odd Mushroom"],"gold_loss":0},{"damage_healed":0,"gold_gain":99,"player_choice":"Stole From Cult","damage_taken":0,"max_hp_gain":0,"max_hp_loss":0,"event_name":"Nest","floor":27,"gold_loss":0}],"is_beta":false,"boss_relics":[{"not_picked":["Lizard Tail","Eternal Feather"],"picked":"Tiny House"}],"items_purged_floors":[],"is_endless":false,"potions_floor_spawned":[7,12,14,16,20,24,25],"killed_by":"Shelled Parasite and Fungi","ascension_level":10}