{"gold_per_floor":[119,119,119,134,151,178,103,117,117,117,91,125,125,156,156,254,254,271,271,281,281,181,216,236,266,319,319,244,254,129,160,160,261,261,276,291,137,137,137,137,165,0,26,54,109,144,154,184,184,184],"floor_reached":51,"playtime":6510,"items_purged":["Strike_B","Defend_B","Parasite"],"score":1036,"play_id":"508599f0-dc40-4858-844b-8aadeed763c8","local_time":"20190302210854","is_ascension_mode":true,"campfire_choices":[{"data":"Glacier","floor":10,"key":"SMITH"},{"data":"Compile Driver","floor":15,"key":"SMITH"},{"data":"Chill","floor":27,"key":"SMITH"},{"data":"Fission","floor":32,"key":"SMITH"},{"floor":40,"key":"REST"},{"floor":49,"key":"REST"}],"neow_cost":"NONE","seed_source_timestamp":71057720447865,"circlet_count":0,"master_deck":["Strike_B","Strike_B","Strike_B","Defend_B","Defend_B","Zap","Dualcast","Sunder+1","Compile Driver+1","FTL","Glacier+1","Ball Lightning","Cold Snap","Ball Lightning","Echo Form","Auto Shields","Hologram","Go for the Eyes","Capacitor","Chill+1","FTL+1","Fission+1","Buffer","Beam Cell","Bandage Up","Swift Strike","Secret Technique","Beam Cell+1","Doubt","Blizzard+1","Fusion+1","White Noise+1","Leap+1"],"relics":["Cursed Key","Shuriken","Question Card","FossilizedHelix","Mummified Hand","Bronze Scales","Sozu","WingedGreaves","Unceasing Top","Oddly Smooth Stone","DataDisk","Fusion Hammer","Vajra","Orichalcum","Red Mask","Regal Pillow","Dodecahedron","Dead Branch","Meat on the Bone","Ancient Tea Set"],"potions_floor_usage":[6,14,14,20],"damage_taken":[{"damage":0,"enemies":"Small Slimes","floor":1,"turns":4},{"damage":0,"enemies":"Cultist","floor":4,"turns":3},{"damage":3,"enemies":"2 Louse","floor":5,"turns":3},{"damage":13,"enemies":"3 Sentries","floor":6,"turns":5},{"damage":6,"enemies":"Large Slime","floor":8,"turns":4},{"damage":2,"enemies":"Gremlin Nob","floor":12,"turns":3},{"damage":0,"enemies":"3 Sentries","floor":14,"turns":2},{"damage":20,"enemies":"Hexaghost","floor":16,"turns":6},{"damage":6,"enemies":"Shell Parasite","floor":18,"turns":4},{"damage":0,"enemies":"3 Byrds","floor":20,"turns":3},{"damage":0,"enemies":"Book of Stabbing","floor":23,"turns":4},{"damage":5,"enemies":"Snake Plant","floor":24,"turns":3},{"damage":23,"enemies":"Slavers","floor":25,"turns":5},{"damage":0,"enemies":"Chosen and Byrds","floor":29,"turns":5},{"damage":6,"enemies":"Gremlin Leader","floor":31,"turns":6},{"damage":0,"enemies":"Champ","floor":33,"turns":7},{"damage":0,"enemies":"3 Shapes","floor":35,"turns":4},{"damage":0,"enemies":"3 Darklings","floor":36,"turns":5},{"damage":0,"enemies":"Giant Head","floor":41,"turns":4},{"damage":0,"enemies":"Reptomancer","floor":44,"turns":4},{"damage":5,"enemies":"2 Orb Walkers","floor":45,"turns":4},{"damage":0,"enemies":"Giant Head","floor":46,"turns":5},{"damage":0,"enemies":"Writhing Mass","floor":47,"turns":4},{"damage":0,"enemies":"Nemesis","floor":48,"turns":5},{"damage":9,"enemies":"Awakened One","floor":50,"turns":6}],"seed_played":"-2219844549943246564","potions_obtained":[{"floor":4,"key":"Block Potion"},{"floor":8,"key":"SteroidPotion"},{"floor":12,"key":"SteroidPotion"},{"floor":16,"key":"Block Potion"}],"is_trial":false,"path_per_floor":["M","?","?","M","M","E","$","M","T","R","?","E","?","E","R","B",null,"M","?","M","?","$","E","M","E","T","R","?","M","$","E","R","B",null,"M","M","$","?","?","R","E","?","T","E","?","E","M","E","R","B",null],"character_chosen":"DEFECT","items_purchased":["Vajra"],"campfire_rested":2,"item_purchase_floors":[37],"current_hp_per_floor":[75,80,80,80,77,64,64,58,58,58,58,56,49,49,49,29,80,74,74,74,74,74,74,69,46,46,46,46,46,46,40,40,40,77,77,77,77,77,67,77,77,77,77,77,77,77,77,77,77,68],"gold":184,"neow_bonus":"BOSS_RELIC","is_prod":false,"is_daily":false,"chose_seed":false,"campfire_upgraded":4,"win_rate":0,"timestamp":1551582534,"path_taken":["M","?","?","?","M","E","$","M","T","R","?","E","?","E","R","BOSS","M","?","M","?","$","E","?","E","T","R","?","M","$","E","R","BOSS","M","M","$","?","?","R","E","?","T","E","?","E","?","E","R","BOSS"],"build_version":"2019-01-23","purchased_purges":3,"victory":true,"max_hp_per_floor":[75,80,80,80,80,80,80,80,80,80,80,80,80,80,80,80,80,80,80,80,80,80,80,80,80,80,80,80,80,77,77,77,77,77,77,77,77,77,77,77,77,77,77,77,77,77,77,77,77,77],"card_choices":[{"not_picked":["Leap","Static Discharge"],"picked":"Sunder","floor":1},{"not_picked":["Gash","Double Energy"],"picked":"Compile Driver","floor":4},{"not_picked":["Tempest","Fusion"],"picked":"FTL","floor":5},{"not_picked":["Scrape","Heatsinks"],"picked":"Glacier","floor":6},{"not_picked":["Sweeping Beam","Streamline"],"picked":"Ball Lightning","floor":8},{"not_picked":["Fusion","Reprogram","Double Energy"],"picked":"Cold Snap","floor":12},{"not_picked":["Lockon","Scrape","Sweeping Beam"],"picked":"Ball Lightning","floor":14},{"not_picked":["Reboot","Amplify","Seek"],"picked":"Echo Form","floor":16},{"not_picked":["Aggregate+1","Ball Lightning","Turbo+1"],"picked":"Auto Shields","floor":18},{"not_picked":["Turbo","Redo+1","Sunder"],"picked":"Hologram","floor":20},{"not_picked":["Hologram","Recycle","Rip and Tear"],"picked":"Go for the Eyes","floor":23},{"not_picked":["Loop","Coolheaded","Steam"],"picked":"Capacitor","floor":24},{"not_picked":["Ball Lightning","Steam","Sunder+1"],"picked":"Chill","floor":25},{"not_picked":["Leap","Rebound","Genetic Algorithm"],"picked":"FTL+1","floor":29},{"not_picked":["Hologram","Genetic Algorithm+1","Streamline"],"picked":"Fission","floor":31},{"not_picked":["Amplify","Multi-Cast","Reboot"],"picked":"Buffer","floor":33},{"not_picked":["Sweeping Beam","Stack","Glacier+1","Heatsinks"],"picked":"SKIP","floor":35},{"not_picked":["Turbo+1","Cold Snap+1","Go for the Eyes+1"],"picked":"Beam Cell","floor":36},{"not_picked":["Good Instincts","Dark Shackles","Jack Of All Trades"],"picked":"Bandage Up","floor":39},{"not_picked":["Enlightenment","Jack Of All Trades","Blind"],"picked":"Swift Strike","floor":39},{"not_picked":["Mind Blast","Dramatic Entrance","Violence"],"picked":"Secret Technique","floor":39},{"not_picked":["Lockon+1","Rainbow","Cold Snap+1"],"picked":"Beam Cell+1","floor":41},{"not_picked":["Rebound+1","Recycle","BootSequence"],"picked":"Blizzard+1","floor":44},{"not_picked":["Conserve Battery+1","FTL+1","Coolheaded"],"picked":"Fusion+1","floor":45},{"not_picked":["Fusion+1","Melter+1","Conserve Battery"],"picked":"White Noise+1","floor":46},{"not_picked":["Streamline","Rebound","Machine Learning"],"picked":"Leap+1","floor":47},{"not_picked":["Heatsinks","Rip and Tear+1","Aggregate","Fusion+1"],"picked":"SKIP","floor":48}],"player_experience":141960,"relics_obtained":[{"floor":6,"key":"Shuriken"},{"floor":9,"key":"Question Card"},{"floor":12,"key":"FossilizedHelix"},{"floor":14,"key":"Bronze Scales"},{"floor":23,"key":"WingedGreaves"},{"floor":25,"key":"Unceasing Top"},{"floor":26,"key":"Oddly Smooth Stone"},{"floor":31,"key":"DataDisk"},{"floor":41,"key":"Orichalcum"},{"floor":43,"key":"Regal Pillow"},{"floor":44,"key":"Dodecahedron"},{"floor":45,"key":"Dead Branch"},{"floor":46,"key":"Meat on the Bone"},{"floor":48,"key":"Ancient Tea Set"}],"event_choices":[{"damage_healed":0,"gold_gain":0,"player_choice":"Donut","damage_taken":0,"max_hp_gain":5,"max_hp_loss":0,"event_name":"Big Fish","floor":2,"gold_loss":0},{"damage_healed":0,"gold_gain":0,"player_choice":"Upgraded","damage_taken":0,"max_hp_gain":0,"max_hp_loss":0,"event_name":"Upgrade Shrine","floor":3,"gold_loss":0,"cards_upgraded":["Sunder"]},{"damage_healed":0,"gold_gain":0,"player_choice":"Left Gold","damage_taken":0,"max_hp_gain":0,"max_hp_loss":0,"event_name":"World of Goop","floor":11,"gold_loss":26},{"damage_healed":0,"gold_gain":0,"player_choice":"Success","damage_taken":7,"relics_obtained":["Mummified Hand"],"max_hp_gain":0,"max_hp_loss":0,"event_name":"Scrap Ooze","floor":13,"gold_loss":0},{"damage_healed":0,"gold_gain":0,"player_choice":"Ignored","damage_taken":0,"max_hp_gain":0,"max_hp_loss":0,"event_name":"Vampires","floor":19,"gold_loss":0},{"damage_healed":0,"gold_gain":0,"player_choice":"Got Potions","damage_taken":0,"max_hp_gain":0,"max_hp_loss":0,"event_name":"Lab","floor":21,"gold_loss":0},{"cards_removed":["Shame"],"damage_healed":0,"gold_gain":0,"player_choice":"Gave Gold","damage_taken":0,"max_hp_gain":0,"max_hp_loss":0,"event_name":"Beggar","floor":28,"gold_loss":75},{"cards_removed":["Defend_B"],"damage_healed":0,"gold_gain":0,"player_choice":"Removed Skill","damage_taken":0,"max_hp_gain":0,"max_hp_loss":0,"event_name":"Falling","floor":38,"gold_loss":0},{"damage_healed":0,"gold_gain":0,"player_choice":"Memory 3","damage_taken":10,"max_hp_gain":0,"max_hp_loss":0,"event_name":"SensoryStone","floor":39,"gold_loss":0},{"damage_healed":0,"gold_gain":0,"player_choice":"Paid","damage_taken":0,"relics_obtained":["Red Mask"],"max_hp_gain":0,"max_hp_loss":0,"event_name":"Tomb of Lord Red Mask","floor":42,"gold_loss":165},{"damage_healed":0,"gold_gain":0,"player_choice":"Fight","damage_taken":0,"max_hp_gain":0,"max_hp_loss":0,"event_name":"Mysterious Sphere","floor":45,"gold_loss":0}],"is_beta":false,"boss_relics":[{"not_picked":["Black Star","Tiny House"],"picked":"Sozu"},{"not_picked":["Empty Cage","Pandora\u0027s Box"],"picked":"Fusion Hammer"}],"items_purged_floors":[7,22,30],"is_endless":false,"potions_floor_spawned":[4,8,12,16,18,23,29,35,46],"ascension_level":1}