{"gold_per_floor":[115,115,39,58,58,119,119,134,158,158,175,195,195,195,195,195],"floor_reached":16,"playtime":353,"items_purged":[],"score":100,"play_id":"459eb562-c383-4f56-b7f7-496aa8e4b30a","local_time":"20190128140208","is_ascension_mode":false,"campfire_choices":[{"floor":7,"key":"RECALL"},{"floor":15,"key":"REST"}],"neow_cost":"NONE","seed_source_timestamp":799963129038372,"circlet_count":0,"master_deck":["Strike_R","Strike_R","Strike_R","Strike_R","Defend_R","Defend_R","Bash","Dropkick"],"relics":["Burning Blood","Tiny Chest","Ice Cream"],"potions_floor_usage":[11,16],"damage_taken":[{"damage":9,"enemies":"Jaw Worm","floor":1,"turns":4},{"damage":6,"enemies":"2 Louse","floor":4,"turns":3},{"damage":36,"enemies":"Gremlin Nob","floor":6,"turns":5},{"damage":0,"enemies":"Small Slimes","floor":8,"turns":3},{"damage":6,"enemies":"Exordium Thugs","floor":11,"turns":3},{"damage":6,"enemies":"Exordium Wildlife","floor":12,"turns":4},{"damage":73,"enemies":"Hexaghost","floor":16,"turns":9}],"seed_played":"-1666089816705666537","potions_obtained":[{"floor":6,"key":"SteroidPotion"},{"floor":8,"key":"Fire Potion"}],"is_trial":false,"path_per_floor":["M","?","$","M","$","E","R","M","T","?","M","M","?","?","R","B"],"character_chosen":"IRONCLAD","items_purchased":["Dropkick"],"campfire_rested":1,"item_purchase_floors":[3],"current_hp_per_floor":[77,77,77,77,77,47,47,53,53,53,53,53,53,46,70,0],"gold":195,"neow_bonus":"REMOVE_CARD","is_prod":false,"is_daily":false,"chose_seed":false,"campfire_upgraded":0,"win_rate":0,"timestamp":1548720128,"path_taken":["M","?","$","M","$","E","R","M","T","?","M","M","?","?","R","BOSS"],"build_version":"2019-01-23","purchased_purges":0,"victory":false,"max_hp_per_floor":[80,80,80,80,80,80,80,80,80,80,80,80,80,80,80,80],"card_choices":[{"not_picked":["Sword Boomerang","Wild Strike","Second Wind"],"picked":"SKIP","floor":1},{"not_picked":["Twin Strike","Wild Strike","Rupture"],"picked":"SKIP","floor":4},{"not_picked":["Body Slam","Battle Trance","Bludgeon"],"picked":"SKIP","floor":6},{"not_picked":["Iron Wave","Havoc","Warcry"],"picked":"SKIP","floor":8},{"not_picked":["Flex","Wild Strike","Reckless Charge"],"picked":"SKIP","floor":11},{"not_picked":["Flex","Twin Strike","Sentinel"],"picked":"SKIP","floor":12}],"player_experience":384696,"relics_obtained":[{"floor":6,"key":"Tiny Chest"}],"event_choices":[{"cards_removed":["Strike_R"],"damage_healed":0,"gold_gain":0,"player_choice":"Forget","damage_taken":0,"max_hp_gain":0,"max_hp_loss":0,"event_name":"Living Wall","floor":2,"gold_loss":0},{"damage_healed":0,"gold_gain":0,"player_choice":"Ignored","damage_taken":0,"max_hp_gain":0,"max_hp_loss":0,"event_name":"Liars Game","floor":10,"gold_loss":0},{"damage_healed":0,"gold_gain":0,"player_choice":"Searched \u00271\u0027 times","damage_taken":0,"relics_obtained":["Ice Cream"],"max_hp_gain":0,"max_hp_loss":0,"event_name":"Dead Adventurer","floor":13,"gold_loss":0},{"cards_removed":["Defend_R"],"damage_healed":0,"gold_gain":0,"player_choice":"Card Removal","damage_taken":7,"max_hp_gain":0,"max_hp_loss":0,"event_name":"Golden Wing","floor":14,"gold_loss":0}],"is_beta":false,"boss_relics":[],"items_purged_floors":[],"is_endless":false,"potions_floor_spawned":[6,8],"killed_by":"Hexaghost","ascension_level":0}