{"gold_per_floor":[20,37,48,48,48,87,12,30,56,77,92,92,130,155,167,274,286,317,329,348,29,44,44,69,82,82,95,120,120,139,139,139,233,233],"floor_reached":34,"playtime":2335,"items_purged":["Pain"],"score":636,"play_id":"e743f1f0-10eb-4dcf-b133-53c57bae72dc","local_time":"20190102221204","is_ascension_mode":true,"campfire_choices":[{"floor":12,"key":"REST"},{"floor":15,"key":"REST"},{"data":"Sunder","floor":23,"key":"SMITH"},{"data":"Machine Learning","floor":32,"key":"SMITH"}],"neow_cost":"NO_GOLD","seed_source_timestamp":12653543655333,"circlet_count":0,"master_deck":["AscendersBane","Strike_B","Strike_B","Strike_B","Defend_B","Defend_B","Defend_B","Zap","Dualcast","Go for the Eyes","Cold Snap","Auto Shields","Conserve Battery","Cold Snap","Ball Lightning","Rip and Tear","Glacier","Machine Learning+1","Undo+1","Conserve Battery+1","Sunder+1","Ball Lightning","Stack","Capacitor","Fusion","Ghostly","Ghostly","Ghostly","Ghostly","Ghostly","All For One"],"relics":["Cracked Core","Golden Idol","WarpedTongs","Ancient Tea Set","Orichalcum","Snecko Eye","Nloth\u0027s Gift","Matryoshka","Art of War","Meat on the Bone","War Paint","Inserter"],"potions_floor_usage":[13,16,16,33,33],"damage_taken":[{"damage":9,"enemies":"2 Louse","floor":1,"turns":3},{"damage":3,"enemies":"Cultist","floor":2,"turns":4},{"damage":0,"enemies":"Small Slimes","floor":3,"turns":2},{"damage":19,"enemies":"3 Sentries","floor":6,"turns":9},{"damage":0,"enemies":"Exordium Thugs","floor":8,"turns":4},{"damage":2,"enemies":"Blue Slaver","floor":10,"turns":3},{"damage":6,"enemies":"Large Slime","floor":11,"turns":5},{"damage":12,"enemies":"Lagavulin","floor":13,"turns":5},{"damage":16,"enemies":"Exordium Thugs","floor":14,"turns":4},{"damage":6,"enemies":"Slime Boss","floor":16,"turns":12},{"damage":0,"enemies":"Shell Parasite","floor":18,"turns":6},{"damage":0,"enemies":"Chosen","floor":20,"turns":6},{"damage":11,"enemies":"Shelled Parasite and Fungi","floor":22,"turns":8},{"damage":15,"enemies":"Centurion and Healer","floor":24,"turns":4},{"damage":3,"enemies":"Snecko","floor":25,"turns":7},{"damage":12,"enemies":"Snake Plant","floor":27,"turns":3},{"damage":14,"enemies":"Chosen and Byrds","floor":28,"turns":8},{"damage":0,"enemies":"Shelled Parasite and Fungi","floor":30,"turns":7},{"damage":26,"enemies":"Collector","floor":33,"turns":13}],"seed_played":"3608103184124517374","potions_obtained":[{"floor":6,"key":"Explosive Potion"},{"floor":8,"key":"PowerPotion"},{"floor":13,"key":"FocusPotion"},{"floor":18,"key":"Strength Potion"},{"floor":22,"key":"Poison Potion"},{"floor":24,"key":"Fire Potion"},{"floor":33,"key":"EntropicBrew"}],"is_trial":false,"path_per_floor":["M","M","M","?","?","E","$","M","T","M","M","R","E","M","R","B",null,"M","?","M","$","M","R","M","M","T","M","M","T","M","?","R","B",null],"character_chosen":"DEFECT","items_purchased":["Matryoshka","Sunder"],"campfire_rested":2,"item_purchase_floors":[21,21],"current_hp_per_floor":[59,56,56,56,56,37,37,37,37,35,29,49,37,21,41,35,61,61,61,61,61,50,50,35,32,32,32,30,30,42,34,34,20,31],"gold":233,"neow_bonus":"REMOVE_TWO","is_prod":false,"is_daily":false,"chose_seed":false,"campfire_upgraded":2,"win_rate":0,"timestamp":1546474324,"path_taken":["M","M","M","?","?","E","$","M","T","?","M","R","E","M","R","BOSS","M","?","M","$","?","R","M","M","T","M","M","?","M","?","R","BOSS"],"build_version":"2018-12-20","purchased_purges":1,"victory":false,"max_hp_per_floor":[75,75,75,69,69,69,69,69,69,69,69,69,69,69,69,69,69,69,69,69,69,69,69,69,69,69,69,69,69,69,34,34,34,34],"card_choices":[{"not_picked":["Coolheaded","Beam Cell"],"picked":"Go for the Eyes","floor":1},{"not_picked":["Rebound","Go for the Eyes"],"picked":"Cold Snap","floor":2},{"not_picked":["Stack","Redo"],"picked":"Auto Shields","floor":3},{"not_picked":["Cold Snap","Rebound"],"picked":"Conserve Battery","floor":6},{"not_picked":["Sweeping Beam","Hello World"],"picked":"Cold Snap","floor":8},{"not_picked":["Chaos","Tempest"],"picked":"Ball Lightning","floor":10},{"not_picked":["Redo","Stack","Steam"],"picked":"SKIP","floor":11},{"not_picked":["Beam Cell","Gash"],"picked":"Rip and Tear","floor":13},{"not_picked":["Multi-Cast","Gash"],"picked":"Glacier","floor":14},{"not_picked":["Thunder Strike","Rainbow"],"picked":"Machine Learning","floor":16},{"not_picked":["Streamline","Storm"],"picked":"Undo","floor":18},{"not_picked":["Turbo","Lockon"],"picked":"Conserve Battery","floor":20},{"not_picked":["Beam Cell","Compile Driver"],"picked":"Ball Lightning","floor":22},{"not_picked":["Gash","Steam"],"picked":"Stack","floor":24},{"not_picked":["Turbo","Rebound","Go for the Eyes"],"picked":"SKIP","floor":25},{"not_picked":["Hologram","Cold Snap"],"picked":"Capacitor","floor":27},{"not_picked":["Coolheaded","Lockon"],"picked":"Fusion","floor":28},{"not_picked":["Rebound","Beam Cell","Seek"],"picked":"SKIP","floor":30},{"not_picked":["Reboot","Amplify"],"picked":"All For One","floor":33}],"player_experience":665518,"relics_obtained":[{"floor":6,"key":"Ancient Tea Set"},{"floor":9,"key":"Orichalcum"},{"floor":13,"key":"MawBank"},{"floor":26,"key":"Art of War"},{"floor":26,"key":"Meat on the Bone"},{"floor":29,"key":"War Paint"}],"event_choices":[{"damage_healed":0,"gold_gain":0,"player_choice":"Lose Max HP","damage_taken":0,"relics_obtained":["Golden Idol"],"max_hp_gain":0,"max_hp_loss":6,"event_name":"Golden Idol","floor":4,"gold_loss":0},{"damage_healed":0,"gold_gain":0,"player_choice":"Rummage","damage_taken":0,"relics_obtained":["WarpedTongs"],"max_hp_gain":0,"max_hp_loss":0,"event_name":"Accursed Blacksmith","floor":5,"gold_loss":0,"cards_obtained":["Pain"]},{"damage_healed":0,"gold_gain":0,"player_choice":"Traded Relic","damage_taken":0,"relics_obtained":["Nloth\u0027s Gift"],"max_hp_gain":0,"max_hp_loss":0,"event_name":"N\u0027loth","floor":19,"relics_lost":["MawBank"],"gold_loss":0},{"damage_healed":0,"gold_gain":0,"player_choice":"Became a Ghost","damage_taken":0,"max_hp_gain":0,"max_hp_loss":35,"event_name":"Ghosts","floor":31,"gold_loss":0,"cards_obtained":["Ghostly","Ghostly","Ghostly","Ghostly","Ghostly"]}],"is_beta":false,"boss_relics":[{"not_picked":["Velvet Choker","Cursed Key"],"picked":"Snecko Eye"},{"not_picked":["Tiny House","Coffee Dripper"],"picked":"Inserter"}],"items_purged_floors":[7],"is_endless":false,"potions_floor_spawned":[6,8,10,13,18,22,24,27,33],"ascension_level":13}