{"gold_per_floor":[119,131,150,162,132,162,162,179,179,207,223,251,223,238,238,335,335,355,374,392,392,412,412,437,437,437,467,467,487,487,501,501,602,602,614,125,136,154,502,502,533,553,553,565,665,699,699,718,718,718,718,718,121,153,153],"floor_reached":56,"playtime":3410,"items_purged":["Defend_G","Noxious Fumes"],"score":2099,"play_id":"38f7a82d-7a65-4e9e-8810-dd272c0e9bae","local_time":"20190306040925","is_ascension_mode":true,"campfire_choices":[{"data":"Envenom","floor":7,"key":"SMITH"},{"floor":15,"key":"REST"},{"floor":23,"key":"REST"},{"data":"Infinite Blades","floor":25,"key":"SMITH"},{"data":"Cloak And Dagger","floor":32,"key":"SMITH"},{"data":"Wraith Form v2","floor":40,"key":"SMITH"},{"floor":49,"key":"RECALL"},{"data":"Backstab","floor":52,"key":"SMITH"}],"neow_cost":"NONE","seed_source_timestamp":49265822143572,"circlet_count":0,"master_deck":["AscendersBane","Defend_G","Defend_G","Defend_G","Defend_G","Strike_G","Strike_G","Strike_G","Strike_G","Strike_G","Survivor","Neutralize","Blur","Infinite Blades+1","Well Laid Plans","Dagger Spray","Envenom+1","Catalyst","All Out Attack","Tools of the Trade","Adrenaline","Decay","Clumsy","Parasite","Cloak And Dagger+1","Backflip","Blade Dance+1","Writhe","Cloak And Dagger+1","Wraith Form v2+1","Backstab+1","Violence","Finesse","Cloak And Dagger","Malaise","Escape Plan+1","Parasite","Master of Strategy","Mind Blast","All Out Attack","Dodge and Roll"],"relics":["Ring of the Snake","PreservedInsect","Incense Burner","Tingsha","Du-Vu Doll","Calling Bell","Ninja Scroll","Dead Branch","Bronze Scales","Mercury Hourglass","Singing Bowl","Pen Nib","Pantograph","Nloth\u0027s Gift","Philosopher\u0027s Stone","Membership Card","Old Coin","Pear","Ginger","Sundial","Shuriken","Medical Kit","Letter Opener","Bag of Marbles"],"potions_floor_usage":[2,4,6,12,16,16,22,24,33,55,55],"damage_taken":[{"damage":0,"enemies":"Cultist","floor":1,"turns":5},{"damage":0,"enemies":"Small Slimes","floor":2,"turns":7},{"damage":0,"enemies":"2 Louse","floor":3,"turns":4},{"damage":7,"enemies":"Exordium Thugs","floor":4,"turns":6},{"damage":20,"enemies":"3 Sentries","floor":6,"turns":8},{"damage":0,"enemies":"Large Slime","floor":8,"turns":7},{"damage":14,"enemies":"Gremlin Nob","floor":10,"turns":4},{"damage":8,"enemies":"Lots of Slimes","floor":11,"turns":5},{"damage":10,"enemies":"3 Sentries","floor":12,"turns":4},{"damage":0,"enemies":"3 Louse","floor":14,"turns":3},{"damage":22,"enemies":"Slime Boss","floor":16,"turns":9},{"damage":0,"enemies":"Shell Parasite","floor":18,"turns":3},{"damage":0,"enemies":"3 Byrds","floor":19,"turns":3},{"damage":27,"enemies":"Shelled Parasite and Fungi","floor":20,"turns":5},{"damage":15,"enemies":"Snake Plant","floor":22,"turns":2},{"damage":0,"enemies":"Gremlin Leader","floor":24,"turns":1},{"damage":2,"enemies":"Book of Stabbing","floor":27,"turns":2},{"damage":0,"enemies":"Centurion and Healer","floor":29,"turns":3},{"damage":0,"enemies":"Sentry and Sphere","floor":31,"turns":1},{"damage":30,"enemies":"Champ","floor":33,"turns":7},{"damage":0,"enemies":"Orb Walker","floor":35,"turns":1},{"damage":0,"enemies":"3 Darklings","floor":37,"turns":1},{"damage":6,"enemies":"4 Shapes","floor":38,"turns":2},{"damage":12,"enemies":"2 Orb Walkers","floor":39,"turns":2},{"damage":9,"enemies":"Giant Head","floor":41,"turns":4},{"damage":0,"enemies":"Sphere and 2 Shapes","floor":42,"turns":1},{"damage":0,"enemies":"3 Darklings","floor":44,"turns":3},{"damage":0,"enemies":"Mind Bloom Boss Battle","floor":45,"turns":4},{"damage":0,"enemies":"Reptomancer","floor":46,"turns":3},{"damage":0,"enemies":"Writhing Mass","floor":48,"turns":4},{"damage":2,"enemies":"Donu and Deca","floor":50,"turns":6},{"damage":0,"enemies":"Shield and Spear","floor":54,"turns":2},{"damage":50,"enemies":"The Heart","floor":55,"turns":5}],"seed_played":"-7331779430776700318","potions_obtained":[{"floor":1,"key":"Swift Potion"},{"floor":3,"key":"AttackPotion"},{"floor":5,"key":"SmokeBomb"},{"floor":5,"key":"LiquidBronze"},{"floor":6,"key":"FearPotion"},{"floor":10,"key":"GamblersBrew"},{"floor":12,"key":"Weak Potion"},{"floor":19,"key":"FearPotion"},{"floor":22,"key":"SteroidPotion"},{"floor":27,"key":"SkillPotion"},{"floor":29,"key":"SteroidPotion"}],"is_trial":false,"path_per_floor":["M","M","M","M","?","E","R","M","T","E","M","E","?","M","R","B",null,"M","M","M","?","M","R","E","R","T","E","T","M","?","M","R","B",null,"M","$","M","M","?","R","E","M","T","M","?","E","?","M","R","B",null,"R","$","E","B",null],"character_chosen":"THE_SILENT","items_purchased":["Backstab","Membership Card","Violence","Finesse","FearPotion","Cloak And Dagger","Shuriken","Medical Kit","Master of Strategy","Mind Blast","Letter Opener","All Out Attack","Dodge and Roll"],"campfire_rested":2,"item_purchase_floors":[36,36,36,36,36,36,53,53,53,53,53,53,53],"current_hp_per_floor":[70,70,70,63,63,43,43,43,43,29,21,11,11,11,34,12,61,61,61,34,34,19,42,42,42,42,40,40,42,42,44,44,39,71,73,73,75,71,61,61,62,64,64,66,93,93,93,95,95,105,107,107,107,109,59],"gold":153,"neow_bonus":"TEN_PERCENT_HP_BONUS","is_prod":false,"is_daily":false,"chose_seed":false,"campfire_upgraded":5,"win_rate":0,"timestamp":1551856165,"path_taken":["M","M","M","M","?","E","R","?","T","E","M","E","?","M","R","BOSS","M","M","M","?","M","R","E","R","T","E","?","M","?","?","R","BOSS","M","$","M","M","?","R","E","M","T","M","?","E","?","M","R","BOSS","R","$","E","BOSS"],"build_version":"2019-01-23","purchased_purges":2,"victory":true,"max_hp_per_floor":[77,77,77,77,77,77,77,77,77,77,77,77,77,77,77,77,77,77,77,77,77,77,77,77,77,77,77,77,79,79,81,81,81,81,83,83,85,87,89,89,99,101,101,103,105,105,105,107,107,107,107,107,107,109,109],"card_choices":[{"not_picked":["Bouncing Flask","Dodge and Roll"],"picked":"Blur","floor":1},{"not_picked":["Acrobatics","Dagger Throw"],"picked":"Infinite Blades","floor":2},{"not_picked":["Poisoned Stab","Heel Hook"],"picked":"Well Laid Plans","floor":3},{"not_picked":["Acrobatics","Deadly Poison"],"picked":"Dagger Spray","floor":4},{"not_picked":["Masterful Stab","Eviscerate"],"picked":"Envenom","floor":6},{"not_picked":["Expertise","Masterful Stab","Well Laid Plans"],"picked":"SKIP","floor":8},{"not_picked":["Slice","Crippling Poison","Outmaneuver"],"picked":"SKIP","floor":10},{"not_picked":["Crippling Poison","Dagger Spray"],"picked":"Catalyst","floor":11},{"not_picked":["Outmaneuver","Flying Knee"],"picked":"All Out Attack","floor":12},{"not_picked":["Deadly Poison","Expertise"],"picked":"Tools of the Trade","floor":14},{"not_picked":["Envenom","Night Terror"],"picked":"Adrenaline","floor":16},{"not_picked":["Calculated Gamble","Concentrate"],"picked":"Cloak And Dagger+1","floor":18},{"not_picked":["Tactician","Dodge and Roll"],"picked":"Backflip","floor":19},{"not_picked":["Night Terror","Outmaneuver"],"picked":"Blade Dance+1","floor":20},{"not_picked":["PiercingWail","Flying Knee+1"],"picked":"Noxious Fumes","floor":22},{"not_picked":["Acrobatics","Dash","Catalyst"],"picked":"SKIP","floor":24},{"not_picked":["PiercingWail","Finisher"],"picked":"Cloak And Dagger","floor":27},{"not_picked":["Underhanded Strike","Poisoned Stab","PiercingWail"],"picked":"Singing Bowl","floor":29},{"not_picked":["Prepared","Slice","Sucker Punch"],"picked":"Singing Bowl","floor":31},{"not_picked":["Corpse Explosion","Phantasmal Killer"],"picked":"Wraith Form v2","floor":33},{"not_picked":["Dagger Throw+1","Reflex","Slice+1"],"picked":"Singing Bowl","floor":35},{"not_picked":["Caltrops","Bouncing Flask+1","Outmaneuver+1"],"picked":"Singing Bowl","floor":37},{"not_picked":["Predator","Underhanded Strike+1","Quick Slash"],"picked":"Singing Bowl","floor":38},{"not_picked":["Quick Slash","Backflip","Deflect+1"],"picked":"Singing Bowl","floor":39},{"not_picked":["Noxious Fumes","Flying Knee+1"],"picked":"Malaise","floor":41},{"not_picked":["PiercingWail","Noxious Fumes","Acrobatics"],"picked":"Singing Bowl","floor":42},{"not_picked":["Underhanded Strike","Setup","Sucker Punch"],"picked":"Singing Bowl","floor":44},{"not_picked":["Underhanded Strike","Deflect","Deadly Poison"],"picked":"Singing Bowl","floor":45},{"not_picked":["Cloak And Dagger","Phantasmal Killer"],"picked":"Escape Plan+1","floor":46},{"not_picked":["Prepared","Slice+1","Deadly Poison"],"picked":"Singing Bowl","floor":48},{"not_picked":["Bane","Eviscerate","Dash+1"],"picked":"Singing Bowl","floor":54}],"player_experience":696978,"relics_obtained":[{"floor":6,"key":"PreservedInsect"},{"floor":9,"key":"Incense Burner"},{"floor":10,"key":"Tingsha"},{"floor":12,"key":"Du-Vu Doll"},{"floor":17,"key":"Ninja Scroll"},{"floor":17,"key":"Dead Branch"},{"floor":17,"key":"Lantern"},{"floor":24,"key":"Mercury Hourglass"},{"floor":26,"key":"Singing Bowl"},{"floor":27,"key":"Pen Nib"},{"floor":28,"key":"Pantograph"},{"floor":39,"key":"Old Coin"},{"floor":41,"key":"Pear"},{"floor":45,"key":"Ginger"},{"floor":46,"key":"Sundial"},{"floor":54,"key":"Bag of Marbles"}],"event_choices":[{"damage_healed":0,"gold_gain":0,"player_choice":"Bought 2 Potions","damage_taken":0,"max_hp_gain":0,"max_hp_loss":0,"event_name":"The Woman in Blue","floor":5,"gold_loss":0},{"damage_healed":0,"gold_gain":0,"player_choice":"Left Gold","damage_taken":0,"max_hp_gain":0,"max_hp_loss":0,"event_name":"World of Goop","floor":13,"gold_loss":28},{"damage_healed":0,"gold_gain":0,"player_choice":"Opened","damage_taken":0,"relics_obtained":["Bronze Scales"],"max_hp_gain":0,"max_hp_loss":0,"event_name":"The Mausoleum","floor":21,"gold_loss":0,"cards_obtained":["Writhe"]},{"damage_healed":0,"gold_gain":0,"player_choice":"Traded Relic","damage_taken":0,"relics_obtained":["Nloth\u0027s Gift"],"max_hp_gain":0,"max_hp_loss":0,"event_name":"N\u0027loth","floor":30,"relics_lost":["Lantern"],"gold_loss":0},{"damage_healed":0,"gold_gain":0,"player_choice":"Fight","damage_taken":0,"max_hp_gain":0,"max_hp_loss":0,"event_name":"Mysterious Sphere","floor":39,"gold_loss":0},{"damage_healed":0,"gold_gain":0,"player_choice":"Fight","damage_taken":0,"max_hp_gain":0,"max_hp_loss":0,"event_name":"MindBloom","floor":45,"gold_loss":0},{"damage_healed":0,"gold_gain":0,"player_choice":"Ignored","damage_taken":0,"max_hp_gain":0,"max_hp_loss":0,"event_name":"Tomb of Lord Red Mask","floor":47,"gold_loss":0}],"is_beta":false,"boss_relics":[{"not_picked":["Velvet Choker","WristBlade"],"picked":"Calling Bell"},{"not_picked":["Orrery","Astrolabe"],"picked":"Philosopher\u0027s Stone"}],"items_purged_floors":[36,53],"is_endless":false,"potions_floor_spawned":[1,3,6,10,12,14,19,22,27,29,37,38,39,41,46,48,54],"ascension_level":11}