{"gold_per_floor":[113,113,3,3,3,62,62,78,78,97,97,111,126,144,144,144],"floor_reached":16,"playtime":488,"items_purged":["Pain"],"score":173,"play_id":"1c6d0fc9-442b-446f-bd87-89d981d03f1b","local_time":"20190311031232","is_ascension_mode":true,"campfire_choices":[{"data":"Discovery","floor":7,"key":"SMITH"},{"floor":15,"key":"REST"}],"neow_cost":"CURSE","seed_source_timestamp":291767598005300,"circlet_count":0,"master_deck":["AscendersBane","Strike_B","Strike_B","Strike_B","Strike_B","Defend_B","Defend_B","Defend_B","Defend_B","Zap","Dualcast","Flash of Steel","Discovery+1","Streamline","Reinforced Body","Electrodynamics","Beam Cell","Go for the Eyes","Skim","Leap"],"relics":["Cracked Core","Tiny Chest","Letter Opener"],"potions_floor_usage":[],"damage_taken":[{"damage":5,"enemies":"Small Slimes","floor":1,"turns":4},{"damage":23,"enemies":"Lagavulin","floor":6,"turns":7},{"damage":0,"enemies":"2 Louse","floor":8,"turns":2},{"damage":5,"enemies":"Jaw Worm","floor":10,"turns":2},{"damage":1,"enemies":"Exordium Wildlife","floor":12,"turns":4},{"damage":19,"enemies":"3 Louse","floor":13,"turns":2},{"damage":2,"enemies":"Blue Slaver","floor":14,"turns":3},{"damage":37,"enemies":"The Guardian","floor":16,"turns":11}],"seed_played":"2863544895098195283","potions_obtained":[{"floor":1,"key":"FocusPotion"},{"floor":10,"key":"Energy Potion"}],"is_trial":false,"path_per_floor":["M","?","$","?","$","E","R","M","T","M","$","M","M","M","R","B"],"character_chosen":"DEFECT","items_purchased":["Reinforced Body"],"campfire_rested":1,"item_purchase_floors":[3],"current_hp_per_floor":[59,64,64,64,64,41,41,41,41,36,36,35,16,14,36,0],"gold":144,"neow_bonus":"RANDOM_COLORLESS_2","is_prod":false,"is_daily":false,"chose_seed":false,"campfire_upgraded":1,"win_rate":0,"timestamp":1552288352,"path_taken":["M","?","$","?","?","E","R","M","T","M","$","M","M","M","R","BOSS"],"build_version":"2019-02-06","purchased_purges":1,"victory":false,"max_hp_per_floor":[71,76,76,76,76,76,76,76,76,76,76,76,76,76,76,76],"card_choices":[{"not_picked":["Hello World","Darkness"],"picked":"Streamline","floor":1},{"not_picked":["Ball Lightning","Tempest"],"picked":"Electrodynamics","floor":6},{"not_picked":["Compile Driver","Fusion"],"picked":"Beam Cell","floor":8},{"not_picked":["Scrape","Sweeping Beam"],"picked":"Go for the Eyes","floor":10},{"not_picked":["Streamline","Ball Lightning"],"picked":"Skim","floor":12},{"not_picked":["Stack","Turbo","Compile Driver"],"picked":"SKIP","floor":13},{"not_picked":["Cold Snap","Barrage"],"picked":"Leap","floor":14}],"player_experience":635534,"relics_obtained":[{"floor":6,"key":"Tiny Chest"},{"floor":9,"key":"Letter Opener"}],"event_choices":[{"damage_healed":0,"gold_gain":0,"player_choice":"Donut","damage_taken":0,"max_hp_gain":5,"max_hp_loss":0,"event_name":"Big Fish","floor":2,"gold_loss":0},{"damage_healed":0,"gold_gain":0,"player_choice":"Leave","damage_taken":0,"max_hp_gain":0,"max_hp_loss":0,"event_name":"The Cleric","floor":4,"gold_loss":0}],"is_beta":true,"boss_relics":[],"items_purged_floors":[3],"is_endless":false,"potions_floor_spawned":[1,10,13,14],"killed_by":"The Guardian","ascension_level":14}