{"gold_per_floor":[112,112,287,5,5,36,47,47,47,62,74,74,87,162,162,264,264,277,277,291,191,191,191,191,191,214,214,224,9,9,19,19,117,117,134,134,144,159,159,159,176,176,224,243,518,223,223,236,236,236],"floor_reached":50,"playtime":2559,"items_purged":["Doubt","Strike_G","Strike_G","Regret"],"score":515,"play_id":"eb13c53f-de7c-428c-9ad8-72ee4cf3a087","local_time":"20190306134017","is_ascension_mode":false,"campfire_choices":[{"data":"Neutralize","floor":8,"key":"SMITH"},{"data":"Bouncing Flask","floor":12,"key":"SMITH"},{"floor":15,"key":"REST"},{"data":"Adrenaline","floor":23,"key":"SMITH"},{"data":"Prepared","floor":24,"key":"SMITH"},{"data":"Blur","floor":25,"key":"SMITH"},{"data":"Survivor","floor":27,"key":"SMITH"},{"data":"Good Instincts","floor":32,"key":"SMITH"},{"data":"Dagger Spray","floor":40,"key":"SMITH"},{"data":"Prepared","floor":42,"key":"SMITH"},{"data":"Backflip","floor":49,"key":"SMITH"}],"neow_cost":"NONE","seed_source_timestamp":83675426564200,"circlet_count":0,"master_deck":["Defend_G+1","Defend_G","Defend_G","Defend_G","Defend_G","Strike_G+1","Strike_G","Strike_G","Survivor+1","Neutralize+1","Slice","Prepared+1","Dagger Spray+1","Bouncing Flask+1","Adrenaline+1","Blur+1","Good Instincts+1","Deadly Poison+1","Grand Finale","Footwork+1","Adrenaline+1","Prepared+1","Deflect","Dagger Spray+1","Backflip+1","Dagger Spray+1"],"relics":["Ring of the Serpent","NeowsBlessing","TwistedFunnel","Sundial","Vajra","Velvet Choker","WingedGreaves","PreservedInsect","Juzu Bracelet","Snake Skull"],"potions_floor_usage":[16,33,33,33,50,50],"damage_taken":[{"damage":0,"enemies":"Cultist","floor":1,"turns":1},{"damage":0,"enemies":"Gremlin Nob","floor":6,"turns":1},{"damage":0,"enemies":"Jaw Worm","floor":7,"turns":1},{"damage":0,"enemies":"Small Slimes","floor":10,"turns":3},{"damage":0,"enemies":"Blue Slaver","floor":11,"turns":3},{"damage":10,"enemies":"Gremlin Gang","floor":13,"turns":2},{"damage":4,"enemies":"The Guardian","floor":16,"turns":8},{"damage":13,"enemies":"Spheric Guardian","floor":18,"turns":4},{"damage":0,"enemies":"Shell Parasite","floor":20,"turns":4},{"damage":18,"enemies":"Centurion and Healer","floor":28,"turns":6},{"damage":0,"enemies":"Snecko","floor":31,"turns":4},{"damage":36,"enemies":"Champ","floor":33,"turns":13},{"damage":0,"enemies":"Orb Walker","floor":35,"turns":3},{"damage":4,"enemies":"3 Shapes","floor":37,"turns":5},{"damage":6,"enemies":"Jaw Worm Horde","floor":38,"turns":5},{"damage":0,"enemies":"Writhing Mass","floor":41,"turns":7},{"damage":0,"enemies":"3 Darklings","floor":44,"turns":4},{"damage":8,"enemies":"Jaw Worm Horde","floor":48,"turns":4},{"damage":59,"enemies":"Awakened One","floor":50,"turns":14}],"seed_played":"-178882199002372935","potions_obtained":[{"floor":7,"key":"Dexterity Potion"},{"floor":10,"key":"Fire Potion"},{"floor":13,"key":"Dexterity Potion"},{"floor":18,"key":"Strength Potion"},{"floor":37,"key":"SkillPotion"},{"floor":44,"key":"Explosive Potion"}],"is_trial":false,"path_per_floor":["M","?","?","$","?","E","M","R","T","M","M","R","M","?","R","B",null,"M","?","M","$","?","R","R","R","T","R","M","$","?","M","R","B",null,"M","?","M","M","?","R","M","R","T","M","?","$","?","M","R","B"],"character_chosen":"THE_SILENT","items_purchased":["TwistedFunnel","Good Instincts","Snake Skull"],"campfire_rested":1,"item_purchase_floors":[4,29,46],"current_hp_per_floor":[70,56,56,56,56,56,56,56,56,56,56,56,46,35,56,52,70,57,57,57,57,57,57,57,57,57,57,39,39,70,70,70,34,70,70,70,66,60,60,60,60,60,60,60,60,60,60,52,52,0],"gold":236,"neow_bonus":"THREE_ENEMY_KILL","is_prod":false,"is_daily":false,"chose_seed":false,"campfire_upgraded":10,"win_rate":0.0,"timestamp":1551876017,"path_taken":["M","?","?","$","?","E","?","R","T","?","M","R","M","?","R","BOSS","M","?","M","$","?","R","R","R","T","R","?","?","?","M","R","BOSS","M","?","?","M","?","R","M","R","T","M","?","$","?","M","R","BOSS"],"build_version":"2019-01-23","purchased_purges":4,"victory":false,"max_hp_per_floor":[70,70,70,70,70,70,70,70,70,70,70,70,70,70,70,70,70,70,70,70,70,70,70,70,70,70,70,70,70,70,70,70,70,70,70,70,70,70,66,66,66,66,66,66,66,66,63,63,63,63],"card_choices":[{"not_picked":["Outmaneuver","Underhanded Strike"],"picked":"Slice","floor":1},{"not_picked":["Dodge and Roll","Dagger Throw"],"picked":"Prepared","floor":6},{"not_picked":["Heel Hook","Masterful Stab","Blade Dance"],"picked":"SKIP","floor":7},{"not_picked":["Catalyst","Flechettes"],"picked":"Dagger Spray","floor":10},{"not_picked":["Outmaneuver","Slice"],"picked":"Bouncing Flask","floor":11},{"not_picked":["Predator","Underhanded Strike","Concentrate"],"picked":"SKIP","floor":13},{"not_picked":["Malaise","Corpse Explosion"],"picked":"Adrenaline","floor":16},{"not_picked":["Bane","Expertise+1","Backstab"],"picked":"SKIP","floor":18},{"not_picked":["Dodge and Roll","Dagger Spray"],"picked":"Blur","floor":20},{"not_picked":["Masterful Stab","Cloak And Dagger","Caltrops"],"picked":"SKIP","floor":28},{"not_picked":["Cloak And Dagger+1","Calculated Gamble"],"picked":"Deadly Poison+1","floor":31},{"not_picked":["Unload","Burst"],"picked":"Grand Finale","floor":33},{"not_picked":["Deflect+1","Dagger Spray"],"picked":"Footwork+1","floor":35},{"not_picked":["Finisher+1","Backflip"],"picked":"Prepared","floor":37},{"not_picked":["Slice","Bouncing Flask"],"picked":"Deflect","floor":38},{"not_picked":["Blade Dance+1","Glass Knife"],"picked":"Dagger Spray+1","floor":41},{"not_picked":["Choke","PiercingWail"],"picked":"Backflip","floor":44},{"not_picked":["Distraction+1","Flying Knee+1"],"picked":"Dagger Spray+1","floor":48}],"player_experience":77245,"relics_obtained":[{"floor":6,"key":"Sundial"},{"floor":9,"key":"Vajra"},{"floor":26,"key":"PreservedInsect"},{"floor":43,"key":"Juzu Bracelet"}],"event_choices":[{"damage_healed":0,"gold_gain":0,"player_choice":"Entered Light","damage_taken":14,"max_hp_gain":0,"max_hp_loss":0,"event_name":"Shining Light","floor":2,"gold_loss":0,"cards_upgraded":["Strike_G","Defend_G"]},{"damage_healed":0,"gold_gain":175,"player_choice":"AGREE","damage_taken":0,"max_hp_gain":0,"max_hp_loss":0,"event_name":"Liars Game","floor":3,"gold_loss":0,"cards_obtained":["Doubt"]},{"damage_healed":0,"gold_gain":0,"player_choice":"Leave","damage_taken":0,"max_hp_gain":0,"max_hp_loss":0,"event_name":"The Cleric","floor":5,"gold_loss":0},{"damage_healed":0,"gold_gain":75,"player_choice":"Gather Gold","damage_taken":11,"max_hp_gain":0,"max_hp_loss":0,"event_name":"World of Goop","floor":14,"gold_loss":0},{"damage_healed":0,"gold_gain":0,"player_choice":"Opened","damage_taken":0,"relics_obtained":["WingedGreaves"],"max_hp_gain":0,"max_hp_loss":0,"event_name":"The Mausoleum","floor":19,"gold_loss":0,"cards_obtained":["Writhe"]},{"cards_removed":["Writhe"],"damage_healed":0,"gold_gain":0,"player_choice":"Removed Curses","damage_taken":0,"max_hp_gain":0,"max_hp_loss":0,"event_name":"Fountain of Cleansing","floor":22,"gold_loss":0},{"damage_healed":31,"gold_gain":0,"player_choice":"Full Heal","damage_taken":0,"max_hp_gain":0,"max_hp_loss":0,"event_name":"Wheel of Change","floor":30,"gold_loss":0},{"damage_healed":0,"gold_gain":0,"player_choice":"Copied","damage_taken":0,"max_hp_gain":0,"max_hp_loss":0,"event_name":"Duplicator","floor":36,"gold_loss":0,"cards_obtained":["Adrenaline"]},{"damage_healed":0,"gold_gain":0,"player_choice":"Max HP","damage_taken":0,"max_hp_gain":0,"max_hp_loss":4,"event_name":"Winding Halls","floor":39,"gold_loss":0},{"damage_healed":0,"gold_gain":275,"player_choice":"Desecrate","damage_taken":0,"max_hp_gain":0,"max_hp_loss":0,"event_name":"Golden Shrine","floor":45,"gold_loss":0,"cards_obtained":["Regret"]},{"cards_removed":["Parasite"],"damage_healed":0,"gold_gain":0,"player_choice":"Purged","damage_taken":0,"max_hp_gain":0,"max_hp_loss":0,"event_name":"Purifier","floor":47,"gold_loss":0}],"is_beta":false,"boss_relics":[{"not_picked":["Calling Bell","Busted Crown"],"picked":"Velvet Choker"},{"not_picked":["Snecko Eye","Runic Dome"],"picked":"Ring of the Serpent"}],"items_purged_floors":[4,21,29,46],"is_endless":false,"potions_floor_spawned":[7,10,13,18,20,37,44],"killed_by":"Awakened One","ascension_level":0}