{"gold_per_floor":[114,132,150,75,38,69,69,86,86,86,97,170,170,187,187,266,266,285,285,317,242,253,253,253,84,162,178,12,84,100,118,118,118],"floor_reached":33,"playtime":2234,"items_purged":["Writhe"],"score":494,"play_id":"83ba3da4-20a9-4362-b951-4805b0c4ffbe","local_time":"20190219121247","is_ascension_mode":true,"campfire_choices":[{"data":"Consume","floor":7.0,"key":"SMITH"},{"data":"Coolheaded","floor":10.0,"key":"SMITH"},{"floor":15.0,"key":"REST"},{"floor":23.0,"key":"REST"},{"data":"Zap","floor":32.0,"key":"SMITH"}],"neow_cost":"NONE","seed_source_timestamp":7033454500216,"circlet_count":0,"master_deck":["AscendersBane","Strike_B+1","Strike_B+1","Strike_B+1","Strike_B+1","Defend_B+1","Defend_B+1","Defend_B+1","Defend_B+1","Zap+1","Dualcast+1","Compile Driver","Coolheaded+1","Sunder","FTL","Consume+1","Leap","Leap","Seek","Conserve Battery","Leap"],"special_seed":0,"relics":["Cracked Core","Nunchaku","Pantograph","Busted Crown","Symbiotic Virus","Red Mask","DataDisk","Mercury Hourglass","Anchor","The Courier"],"potions_floor_usage":[33],"damage_taken":[{"damage":1.0,"enemies":"Cultist","floor":1.0,"turns":3.0},{"damage":3.0,"enemies":"Small Slimes","floor":2.0,"turns":3.0},{"damage":0.0,"enemies":"2 Louse","floor":3.0,"turns":2.0},{"damage":31.0,"enemies":"3 Sentries","floor":6.0,"turns":7.0},{"damage":7.0,"enemies":"Blue Slaver","floor":8.0,"turns":3.0},{"damage":17.0,"enemies":"Exordium Thugs","floor":11.0,"turns":4.0},{"damage":0.0,"enemies":"Large Slime","floor":14.0,"turns":3.0},{"damage":48.0,"enemies":"Hexaghost","floor":16.0,"turns":14.0},{"damage":9.0,"enemies":"Chosen","floor":18.0,"turns":6.0},{"damage":35.0,"enemies":"Masked Bandits","floor":20.0,"turns":5.0},{"damage":0.0,"enemies":"Spheric Guardian","floor":22.0,"turns":3.0},{"damage":0.0,"enemies":"3 Cultists","floor":27.0,"turns":4.0},{"damage":0.0,"enemies":"Snake Plant","floor":30.0,"turns":3.0},{"damage":5.0,"enemies":"Centurion and Healer","floor":31.0,"turns":5.0},{"damage":119,"enemies":"Automaton","floor":33,"turns":12}],"seed_played":"1034349916753497497","potions_obtained":[{"floor":11.0,"key":"Fire Potion"},{"floor":14.0,"key":"SteroidPotion"},{"floor":20.0,"key":"SpeedPotion"},{"floor":22.0,"key":"LiquidBronze"},{"floor":27.0,"key":"Block Potion"}],"is_trial":false,"path_per_floor":["M","M","M","$","?","E","R","M","T","R","M","?","?","M","R","B",null,"M","?","?","$","M","R","?","$","T","M","$","T","M","M","R","B"],"character_chosen":"DEFECT","items_purchased":["FTL","DataDisk","Anchor"],"campfire_rested":2,"item_purchase_floors":[4,25,28],"current_hp_per_floor":[63,60,60,60,60,29,29,22,22,22,5,5,5,5,26,3,54,45,45,10,10,10,31,31,31,31,31,31,31,31,26,26,0],"gold":118,"neow_bonus":"UPGRADE_CARD","is_prod":false,"is_daily":false,"chose_seed":false,"campfire_upgraded":3,"win_rate":0,"timestamp":1550599967,"path_taken":["M","?","M","?","?","E","R","M","T","R","M","?","?","?","R","BOSS","M","?","?","?","M","R","?","$","T","M","$","?","M","M","R","BOSS"],"build_version":"2019-01-23","purchased_purges":1,"victory":false,"max_hp_per_floor":[71,71,71,71,71,71,71,71,71,71,71,71,71,71,71,71,71,71,71,71,71,71,71,71,71,71,71,71,71,71,71,71,71],"card_choices":[{"not_picked":["Rebound","Double Energy"],"picked":"Compile Driver","floor":1.0},{"not_picked":["Redo","Compile Driver"],"picked":"Coolheaded","floor":2.0},{"not_picked":["Steam","Loop"],"picked":"Sunder","floor":3.0},{"not_picked":["Fission","Stack"],"picked":"Consume","floor":6.0},{"not_picked":["Static Discharge","Fusion","Hologram"],"picked":"SKIP","floor":8.0},{"not_picked":["Beam Cell","Redo"],"picked":"Leap","floor":11.0},{"not_picked":["Steam Power","Turbo"],"picked":"Leap","floor":14.0},{"not_picked":["Amplify","Meteor Strike"],"picked":"Seek","floor":16.0},{"not_picked":["Turbo"],"picked":"SKIP","floor":18.0},{"not_picked":[],"picked":"Conserve Battery","floor":22.0},{"not_picked":[],"picked":"Leap","floor":27.0},{"not_picked":["Redo"],"picked":"SKIP","floor":30.0},{"not_picked":["Lockon+1"],"picked":"SKIP","floor":31.0}],"player_experience":295771,"relics_obtained":[{"floor":6.0,"key":"Nunchaku"},{"floor":9.0,"key":"Pantograph"},{"floor":20.0,"key":"Red Mask"},{"floor":26.0,"key":"Mercury Hourglass"},{"floor":29.0,"key":"The Courier"}],"event_choices":[{"damage_healed":0.0,"max_hp_gain":0.0,"max_hp_loss":0.0,"gold_gain":0.0,"event_name":"World of Goop","player_choice":"Left Gold","floor":5.0,"gold_loss":37.0,"damage_taken":0.0},{"damage_healed":0.0,"max_hp_gain":0.0,"max_hp_loss":0.0,"gold_gain":73.0,"event_name":"Golden Wing","player_choice":"Gained Gold","floor":12.0,"gold_loss":0.0,"damage_taken":0.0},{"damage_healed":0.0,"max_hp_gain":0.0,"max_hp_loss":0.0,"gold_gain":0.0,"event_name":"Scrap Ooze","player_choice":"Fled","floor":13.0,"gold_loss":0.0,"damage_taken":0.0},{"damage_healed":0.0,"max_hp_gain":0.0,"max_hp_loss":0.0,"gold_gain":0.0,"event_name":"The Mausoleum","player_choice":"Opened","floor":19.0,"gold_loss":0.0,"damage_taken":0.0,"relics_obtained":["Symbiotic Virus"],"cards_obtained":["Writhe"]},{"damage_healed":0.0,"max_hp_gain":0.0,"max_hp_loss":0.0,"gold_gain":0.0,"event_name":"Masked Bandits","player_choice":"Fought Bandits","floor":20.0,"gold_loss":0.0,"damage_taken":0.0},{"damage_healed":0.0,"max_hp_gain":0.0,"max_hp_loss":0.0,"gold_gain":0.0,"event_name":"Back to Basics","player_choice":"Simplicity","floor":24.0,"gold_loss":0.0,"damage_taken":0.0,"cards_upgraded":["Strike_B","Strike_B","Strike_B","Strike_B","Defend_B","Defend_B","Defend_B","Defend_B"]}],"is_beta":false,"boss_relics":[{"not_picked":["Astrolabe","Tiny House"],"picked":"Busted Crown"}],"items_purged_floors":[21],"is_endless":false,"potions_floor_spawned":[11,14,20,22,27,31],"killed_by":"Automaton","ascension_level":20}