{"gold_per_floor":[111,186,34,52,52,52,52,52,97,113,113,40,40,40,40,145,145,159,175,192,204,204],"floor_reached":22,"playtime":822,"items_purged":["Strike_R"],"score":174,"play_id":"029ee261-e86f-4500-8acc-cff78a6bbe52","local_time":"20190310161422","is_ascension_mode":false,"campfire_choices":[{"floor":6,"key":"RECALL"},{"data":"Dropkick","floor":8,"key":"SMITH"},{"data":"Flex","floor":11,"key":"SMITH"},{"data":"Corruption","floor":15,"key":"SMITH"}],"neow_cost":"NONE","seed_source_timestamp":816509925708544,"circlet_count":0,"master_deck":["Strike_R","Strike_R","Strike_R+1","Defend_R","Defend_R+1","Defend_R","Defend_R","Bash+1","Flex+1","Dropkick+1","Corruption+1","Double Tap","Shrug It Off"],"relics":["Burning Blood","Pantograph"],"potions_floor_usage":[16,22,22],"damage_taken":[{"damage":2,"enemies":"2 Louse","floor":1,"turns":3},{"damage":6,"enemies":"Jaw Worm","floor":4,"turns":3},{"damage":5,"enemies":"Small Slimes","floor":10,"turns":3},{"damage":56,"enemies":"Hexaghost","floor":16,"turns":9},{"damage":18,"enemies":"Shell Parasite","floor":18,"turns":6},{"damage":26,"enemies":"Chosen","floor":19,"turns":5},{"damage":18,"enemies":"Snecko","floor":20,"turns":5},{"damage":12,"enemies":"Centurion and Healer","floor":21,"turns":7},{"damage":30,"enemies":"Shelled Parasite and Fungi","floor":22,"turns":7}],"seed_played":"3822420087042265982","potions_obtained":[{"floor":10,"key":"Fire Potion"},{"floor":16,"key":"FearPotion"},{"floor":21,"key":"PowerPotion"}],"is_trial":false,"path_per_floor":["M","?","$","M","?","R","T","R","T","M","R","$","?","?","R","B",null,"M","M","M","M","M"],"character_chosen":"IRONCLAD","items_purchased":["Dropkick","Corruption"],"campfire_rested":0,"item_purchase_floors":[3,12],"current_hp_per_floor":[80,69,69,69,53,53,53,53,53,54,54,54,54,54,54,29,80,68,48,36,30,0],"gold":204,"neow_bonus":"UPGRADE_CARD","is_prod":false,"is_daily":false,"chose_seed":false,"campfire_upgraded":3,"win_rate":0,"timestamp":1552248862,"path_taken":["M","?","$","M","?","R","?","R","T","M","R","$","?","?","R","BOSS","M","?","?","M","M"],"build_version":"2019-01-23","purchased_purges":1,"victory":false,"max_hp_per_floor":[80,80,80,80,80,80,80,80,80,80,80,80,80,80,80,80,80,80,80,80,80,80],"card_choices":[{"not_picked":["True Grit","Anger"],"picked":"Flex","floor":1},{"not_picked":["Headbutt","Thunderclap","Flex"],"picked":"SKIP","floor":4},{"not_picked":["Perfected Strike","Iron Wave","Clash"],"picked":"SKIP","floor":10},{"not_picked":["Berserk","Reaper"],"picked":"Double Tap","floor":16},{"not_picked":["Pommel Strike","Warcry+1","Cleave"],"picked":"SKIP","floor":18},{"not_picked":["Pommel Strike","Twin Strike+1","Barricade"],"picked":"SKIP","floor":19},{"not_picked":["Carnage","Feel No Pain+1"],"picked":"Shrug It Off","floor":20},{"not_picked":["Anger+1","Clothesline","Clash+1"],"picked":"SKIP","floor":21}],"player_experience":1188893,"relics_obtained":[{"floor":7,"key":"Pantograph"}],"event_choices":[{"damage_healed":0,"gold_gain":75,"player_choice":"Gather Gold","damage_taken":11,"max_hp_gain":0,"max_hp_loss":0,"event_name":"World of Goop","floor":2,"gold_loss":0},{"damage_healed":0,"gold_gain":0,"player_choice":"Entered Light","damage_taken":16,"max_hp_gain":0,"max_hp_loss":0,"event_name":"Shining Light","floor":5,"gold_loss":0,"cards_upgraded":["Defend_R","Strike_R"]},{"damage_healed":0,"gold_gain":0,"player_choice":"Searched \u00271\u0027 times","damage_taken":0,"max_hp_gain":0,"max_hp_loss":0,"event_name":"Dead Adventurer","floor":13,"gold_loss":0},{"cards_removed":["Strike_R"],"damage_healed":0,"gold_gain":0,"player_choice":"Purged","damage_taken":0,"max_hp_gain":0,"max_hp_loss":0,"event_name":"Purifier","floor":14,"gold_loss":0}],"is_beta":false,"boss_relics":[{"not_picked":["Pandora\u0027s Box","Runic Pyramid","Sozu"]}],"items_purged_floors":[3],"is_endless":false,"potions_floor_spawned":[10,16,21],"killed_by":"Shelled Parasite and Fungi","ascension_level":0}