{"gold_per_floor":[110,127,202,152,152,152,170,170,240,240,251,268,268,287,287,287],"floor_reached":16,"playtime":305,"items_purged":[],"score":92,"play_id":"cca942fc-2551-4f56-8914-7efced34e5db","local_time":"20190301134716","is_ascension_mode":false,"campfire_choices":[{"floor":6,"key":"REST"},{"data":"Searing Blow","floor":8,"key":"SMITH"},{"data":"Searing Blow+1","floor":10,"key":"SMITH"},{"data":"Searing Blow+2","floor":15,"key":"SMITH"}],"neow_cost":"NONE","seed_source_timestamp":1189363797567558,"circlet_count":0,"master_deck":["Strike_R","Strike_R","Strike_R","Strike_R","Defend_R","Defend_R","Defend_R","Defend_R","Bash","Searing Blow+3","Brutality","Headbutt"],"relics":["Burning Blood","NeowsBlessing","Ancient Tea Set","Meat on the Bone","Bottled Tornado"],"potions_floor_usage":[],"damage_taken":[{"damage":0,"enemies":"2 Louse","floor":1,"turns":1},{"damage":0,"enemies":"Jaw Worm","floor":2,"turns":1},{"damage":0,"enemies":"Cultist","floor":7,"turns":1},{"damage":8,"enemies":"Red Slaver","floor":11,"turns":4},{"damage":19,"enemies":"Looter","floor":12,"turns":4},{"damage":11,"enemies":"2 Fungi Beasts","floor":14,"turns":3},{"damage":68,"enemies":"The Guardian","floor":16,"turns":11}],"seed_played":"5062785870289558884","potions_obtained":[{"floor":12,"key":"Energy Potion"}],"is_trial":false,"path_per_floor":["M","M","?","?","?","R","M","R","T","R","M","M","T","M","R","B"],"character_chosen":"IRONCLAD","items_purchased":[],"campfire_rested":1,"item_purchase_floors":[],"current_hp_per_floor":[80,80,69,69,66,80,80,80,80,80,78,65,65,60,60,0],"gold":287,"neow_bonus":"THREE_ENEMY_KILL","is_prod":false,"is_daily":false,"chose_seed":false,"campfire_upgraded":3,"win_rate":0,"timestamp":1551426436,"path_taken":["M","M","?","?","?","R","?","R","T","R","M","M","?","M","R","BOSS"],"build_version":"2019-01-23","purchased_purges":0,"victory":false,"max_hp_per_floor":[80,80,80,80,80,80,80,80,80,80,80,80,80,80,80,80],"card_choices":[{"not_picked":["Wild Strike","Thunderclap"],"picked":"Searing Blow","floor":1},{"not_picked":["Pommel Strike","Clothesline","Wild Strike"],"picked":"SKIP","floor":2},{"not_picked":["Perfected Strike","Iron Wave","Twin Strike"],"picked":"SKIP","floor":7},{"not_picked":["Pommel Strike","Twin Strike"],"picked":"Brutality","floor":11},{"not_picked":["Dual Wield","Anger"],"picked":"Headbutt","floor":12},{"not_picked":["Clash","Barricade","Clothesline"],"picked":"SKIP","floor":14}],"player_experience":922677,"relics_obtained":[{"floor":9,"key":"Meat on the Bone"},{"floor":13,"key":"Bottled Tornado"}],"event_choices":[{"damage_healed":0,"gold_gain":75,"player_choice":"Gather Gold","damage_taken":11,"max_hp_gain":0,"max_hp_loss":0,"event_name":"World of Goop","floor":3,"gold_loss":0},{"cards_removed":["Strike_R"],"damage_healed":0,"gold_gain":0,"player_choice":"Card Removal","damage_taken":0,"max_hp_gain":0,"max_hp_loss":0,"event_name":"The Cleric","floor":4,"gold_loss":50},{"damage_healed":0,"gold_gain":0,"player_choice":"Success","damage_taken":3,"relics_obtained":["Ancient Tea Set"],"max_hp_gain":0,"max_hp_loss":0,"event_name":"Scrap Ooze","floor":5,"gold_loss":0}],"is_beta":false,"boss_relics":[],"items_purged_floors":[],"is_endless":false,"potions_floor_spawned":[12],"killed_by":"The Guardian","ascension_level":0}