{"gold_per_floor":[109,284,284,304,316,343,343,343,367,367,431,446,446,461,461,461],"floor_reached":16,"playtime":577,"items_purged":[],"score":105,"play_id":"ec783735-c380-4e08-9100-7cb672b8d9ee","local_time":"20190309211831","is_ascension_mode":true,"campfire_choices":[{"data":"Armaments","floor":7,"key":"SMITH"},{"data":"Bash","floor":10,"key":"SMITH"},{"data":"Shrug It Off","floor":13,"key":"SMITH"},{"data":"Flex","floor":15,"key":"SMITH"}],"neow_cost":"NONE","seed_source_timestamp":11621912872376,"circlet_count":0,"master_deck":["Strike_R","Strike_R","Strike_R","Strike_R","Strike_R","Defend_R","Defend_R","Defend_R","Defend_R","Bash+1","Corruption","Armaments+1","Parasite","Thunderclap","Shrug It Off+1","Flex+1"],"relics":["Burning Blood","NeowsBlessing","Bag of Preparation","Ancient Tea Set","Centennial Puzzle"],"potions_floor_usage":[6,11,16,16],"damage_taken":[{"damage":0,"enemies":"2 Louse","floor":1,"turns":1},{"damage":0,"enemies":"Jaw Worm","floor":4,"turns":1},{"damage":0,"enemies":"Cultist","floor":5,"turns":1},{"damage":52,"enemies":"Lagavulin","floor":6,"turns":8},{"damage":24,"enemies":"3 Sentries","floor":11,"turns":11},{"damage":19,"enemies":"Blue Slaver","floor":12,"turns":5},{"damage":0,"enemies":"2 Fungi Beasts","floor":14,"turns":3},{"damage":38,"enemies":"Slime Boss","floor":16,"turns":9}],"seed_played":"7906964095057362111","potions_obtained":[{"floor":4,"key":"Energy Potion"},{"floor":5,"key":"Swift Potion"},{"floor":11,"key":"Fire Potion"},{"floor":12,"key":"LiquidBronze"}],"is_trial":false,"path_per_floor":["M","?","?","M","M","E","R","?","T","R","?","M","R","M","R","B"],"character_chosen":"IRONCLAD","items_purchased":[],"campfire_rested":0,"item_purchase_floors":[],"current_hp_per_floor":[80,80,73,79,80,34,34,54,54,54,36,23,23,29,29,0],"gold":461,"neow_bonus":"THREE_ENEMY_KILL","is_prod":false,"is_daily":false,"chose_seed":false,"campfire_upgraded":4,"win_rate":0,"timestamp":1552162711,"path_taken":["M","?","?","M","M","E","R","?","T","R","?","?","R","M","R","BOSS"],"build_version":"2019-01-23","purchased_purges":0,"victory":false,"max_hp_per_floor":[80,80,80,80,80,80,80,80,80,80,80,80,80,80,80,80],"card_choices":[{"not_picked":["Sword Boomerang","Dual Wield","Hemokinesis"],"picked":"SKIP","floor":1},{"not_picked":["Sword Boomerang","Pummel"],"picked":"Corruption","floor":4},{"not_picked":["Iron Wave","Twin Strike","Corruption"],"picked":"SKIP","floor":5},{"not_picked":["Twin Strike","True Grit"],"picked":"Armaments","floor":6},{"not_picked":["Pommel Strike","Burning Pact"],"picked":"Thunderclap","floor":11},{"not_picked":["Carnage","Warcry"],"picked":"Shrug It Off","floor":12},{"not_picked":["Twin Strike","Anger"],"picked":"Flex","floor":14}],"player_experience":132454,"relics_obtained":[{"floor":6,"key":"Bag of Preparation"},{"floor":9,"key":"Ancient Tea Set"},{"floor":11,"key":"Centennial Puzzle"}],"event_choices":[{"damage_healed":0,"gold_gain":175,"player_choice":"AGREE","damage_taken":0,"max_hp_gain":0,"max_hp_loss":0,"event_name":"Liars Game","floor":2,"gold_loss":0,"cards_obtained":["Doubt"]},{"cards_removed":["Doubt"],"damage_healed":0,"gold_gain":0,"player_choice":"Card Removal","damage_taken":7,"max_hp_gain":0,"max_hp_loss":0,"event_name":"Golden Wing","floor":3,"gold_loss":0},{"damage_healed":20,"gold_gain":0,"player_choice":"Healed and dodged fight","damage_taken":0,"max_hp_gain":0,"max_hp_loss":0,"event_name":"Mushrooms","floor":8,"gold_loss":0,"cards_obtained":["Parasite"]},{"damage_healed":0,"gold_gain":0,"player_choice":"Searched \u00272\u0027 times","damage_taken":0,"max_hp_gain":0,"max_hp_loss":0,"event_name":"Dead Adventurer","floor":11,"gold_loss":0}],"is_beta":false,"boss_relics":[],"items_purged_floors":[],"is_endless":false,"potions_floor_spawned":[4,5,11,12],"killed_by":"Slime Boss","ascension_level":1}