{"gold_per_floor":[115,125,139,139,154,185,205,231,255,267,267,267,137,149,149,247,247,258,275,286,286,286,286,320,320,320,337,252,266,266,266,266,367,367,379,0,20,20,35,35,61,61,61,75,0,0,15,15],"floor_reached":48,"playtime":4311,"items_purged":["Injury"],"score":694,"play_id":"83cda7c2-8834-42e4-b289-2a2bf9baab89","local_time":"20180719025142","is_ascension_mode":false,"campfire_choices":[{"floor":11,"key":"REST"},{"floor":15,"key":"REST"},{"floor":23,"key":"REST"},{"data":"Envenom","floor":25,"key":"SMITH"},{"floor":30,"key":"REST"},{"floor":32,"key":"REST"},{"floor":40,"key":"REST"},{"floor":42,"key":"REST"}],"neow_cost":"NONE","seed_source_timestamp":11278173749378,"circlet_count":0,"master_deck":["Defend_G","Defend_G","Defend_G","Defend_G+1","Defend_G","Strike_G","Strike_G","Strike_G","Strike_G","Strike_G","Survivor+1","Neutralize","Die Die Die","Escape Plan","Dagger Spray","Poisoned Stab","Prepared","Flechettes+1","Backflip","Dagger Spray","Die Die Die","Infinite Blades","Prepared","Bane","Envenom+1","Deflect","Blur","Prepared","RitualDagger","Dagger Spray","Prepared","Calculated Gamble+1","Tactician","Blade Dance","Calculated Gamble+1","Endless Agony+1","Catalyst","Calculated Gamble","Blade Dance","Caltrops+1"],"relics":["Ring of the Serpent","Regal Pillow","Bronze Scales","Centennial Puzzle","Cursed Key","Snake Skull","Meat on the Bone","War Paint","Red Mask","The Specimen","Shuriken"],"potions_floor_usage":[6,16,16,16,24,24,29,33,35,44,48],"damage_taken":[{"damage":1,"enemies":"Cultist","floor":1,"turns":3},{"damage":0,"enemies":"Small Slimes","floor":2,"turns":2},{"damage":0,"enemies":"2 Louse","floor":3,"turns":2},{"damage":0,"enemies":"Red Slaver","floor":5,"turns":3},{"damage":10,"enemies":"Gremlin Nob","floor":6,"turns":4},{"damage":5,"enemies":"Looter","floor":7,"turns":3},{"damage":14,"enemies":"3 Sentries","floor":8,"turns":5},{"damage":15,"enemies":"Gremlin Gang","floor":10,"turns":2},{"damage":12,"enemies":"Large Slime","floor":14,"turns":2},{"damage":40,"enemies":"The Guardian","floor":16,"turns":10},{"damage":5,"enemies":"3 Byrds","floor":18,"turns":3},{"damage":3,"enemies":"Chosen","floor":19,"turns":3},{"damage":15,"enemies":"3 Cultists","floor":20,"turns":4},{"damage":24,"enemies":"Slavers","floor":24,"turns":2},{"damage":20,"enemies":"Centurion and Healer","floor":27,"turns":5},{"damage":29,"enemies":"Snecko","floor":29,"turns":5},{"damage":69,"enemies":"Automaton","floor":33,"turns":8},{"damage":30,"enemies":"Orb Walker","floor":35,"turns":5},{"damage":38,"enemies":"3 Darklings","floor":37,"turns":4},{"damage":16,"floor":38,"turns":8},{"damage":4,"enemies":"Transient","floor":39,"turns":5},{"damage":27,"enemies":"2 Orb Walkers","floor":41,"turns":4},{"damage":51,"enemies":"Sphere and 2 Shapes","floor":44,"turns":5},{"damage":27,"enemies":"3 Darklings","floor":47,"turns":3}],"seed_played":"-8066577929200194715","potions_obtained":[{"floor":3,"key":"Fire Potion"},{"floor":5,"key":"Block Potion"},{"floor":6,"key":"LiquidBronze"},{"floor":7,"key":"Block Potion"},{"floor":16,"key":"PowerPotion"},{"floor":19,"key":"Energy Potion"},{"floor":24,"key":"Strength Potion"},{"floor":27,"key":"GamblersBrew"},{"floor":33,"key":"GamblersBrew"},{"floor":39,"key":"SneckoOil"},{"floor":44,"key":"Dexterity Potion"},{"floor":47,"key":"Block Potion"}],"is_trial":false,"path_per_floor":["M","M","M","?","M","E","M","E","T","M","R","?","$","M","R","B",null,"M","M","M","?","?","R","E","R","T","M","?","M","R","T","R","B",null,"M","?","M","?","M","R","E","R","T","M","$","?","M"],"character_chosen":"THE_SILENT","items_purchased":["Infinite Blades","Prepared"],"campfire_rested":7,"item_purchase_floors":[13,13],"current_hp_per_floor":[69,69,69,62,62,52,47,33,33,18,54,54,54,42,70,30,70,65,62,47,34,28,65,41,41,41,33,33,16,53,53,75,18,75,45,45,19,15,23,60,45,75,75,36,36,66,39,0],"gold":15,"neow_bonus":"ONE_RANDOM_RARE_CARD","is_prod":false,"is_daily":false,"chose_seed":false,"campfire_upgraded":1,"win_rate":0.0,"timestamp":1531986702,"path_taken":["M","?","M","?","M","E","M","E","T","M","R","?","$","M","R","BOSS","M","?","M","?","?","R","E","R","T","M","?","M","R","?","R","BOSS","M","?","?","?","M","R","E","R","T","M","$","?","M","M"],"build_version":"2018-07-12","purchased_purges":1,"victory":false,"max_hp_per_floor":[70,70,70,70,70,70,70,70,70,70,70,70,70,70,70,70,70,70,70,70,75,75,75,75,75,75,75,75,75,75,75,75,75,75,75,75,75,75,75,75,75,75,75,75,75,66,66,66],"card_choices":[{"not_picked":["Dagger Throw","Calculated Gamble"],"picked":"Escape Plan","floor":1},{"not_picked":["Poisoned Stab","Flying Knee"],"picked":"Dagger Spray","floor":2},{"not_picked":["PiercingWail","Finisher"],"picked":"Poisoned Stab","floor":3},{"not_picked":["Finisher","Well Laid Plans"],"picked":"Prepared","floor":5},{"not_picked":["Dagger Spray","Wraith Form v2"],"picked":"Flechettes","floor":6},{"not_picked":["PiercingWail","Backstab"],"picked":"Backflip","floor":7},{"not_picked":["Acrobatics","Deflect"],"picked":"Dagger Spray","floor":8},{"not_picked":["Poisoned Stab","Slice"],"picked":"Die Die Die","floor":10},{"not_picked":["Reflex","Masterful Stab"],"picked":"Bane","floor":14},{"not_picked":["Wraith Form v2","Tools of the Trade"],"picked":"Envenom","floor":16},{"not_picked":["Dodge and Roll","Poisoned Stab"],"picked":"Deflect","floor":18},{"not_picked":["Flying Knee+1","Malaise"],"picked":"Blur","floor":19},{"not_picked":["Backflip","Sucker Punch+1"],"picked":"Prepared","floor":20},{"not_picked":["Outmaneuver","Footwork"],"picked":"Dagger Spray","floor":24},{"not_picked":["Backflip","Poisoned Stab"],"picked":"Prepared","floor":27},{"not_picked":["Night Terror","Outmaneuver"],"picked":"Calculated Gamble+1","floor":29},{"not_picked":["A Thousand Cuts","Doppelganger"],"picked":"Tactician","floor":33},{"not_picked":["Slice+1","Outmaneuver"],"picked":"Blade Dance","floor":35},{"not_picked":["Dash","Poisoned Stab+1"],"picked":"Calculated Gamble+1","floor":37},{"not_picked":["Prepared+1","Acrobatics"],"picked":"Endless Agony+1","floor":38},{"not_picked":["Backflip+1","Acrobatics+1"],"picked":"Catalyst","floor":39},{"not_picked":["Acrobatics","PiercingWail"],"picked":"Calculated Gamble","floor":41},{"not_picked":["Eviscerate","Flying Knee+1"],"picked":"Blade Dance","floor":44},{"not_picked":["Dagger Throw","Flying Knee"],"picked":"Caltrops+1","floor":47}],"player_experience":30648,"relics_obtained":[{"floor":6,"key":"Regal Pillow"},{"floor":8,"key":"Bronze Scales"},{"floor":9,"key":"Centennial Puzzle"},{"floor":24,"key":"Snake Skull"},{"floor":26,"key":"Meat on the Bone"},{"floor":38,"key":"The Specimen"},{"floor":41,"key":"Shuriken"}],"event_choices":[{"event_name":"Wheel of Change","player_choice":"Damage","floor":4,"damage_taken":0},{"event_name":"Upgrade Shrine","player_choice":"Upgraded","floor":12,"damage_taken":0},{"event_name":"Forgotten Altar","player_choice":"Shed Blood","floor":21,"damage_taken":0},{"event_name":"Nest","player_choice":"Joined the Cult","floor":22,"damage_taken":0},{"event_name":"Addict","player_choice":"Obtained Relic","floor":28,"damage_taken":0},{"event_name":"Tomb of Lord Red Mask","player_choice":"Paid","floor":36,"damage_taken":0},{"event_name":"MindBloom","player_choice":"Fight","floor":38,"damage_taken":0},{"event_name":"The Moai Head","player_choice":"Heal","floor":46,"damage_taken":0}],"boss_relics":[{"not_picked":["Snecko Eye","Lizard Tail"],"picked":"Cursed Key"},{"not_picked":["Fusion Hammer","Tiny House"],"picked":"Ring of the Serpent"}],"items_purged_floors":[45],"is_endless":false,"potions_floor_spawned":[3,5,6,7,16,19,24,27,33,39,44,47],"killed_by":"4 Shapes","ascension_level":0}