{"gold_per_floor":[110,124,49,60,60,93,93,109,132,7,42,57,57,132,132,237,237,249,266,90,90,100,100],"floor_reached":23,"playtime":1775,"items_purged":["Strike_B","Strike_B","Defend_B"],"score":231,"play_id":"59148409-702a-4600-95e9-402dbb7eaed4","local_time":"20190307214626","is_ascension_mode":true,"campfire_choices":[{"data":"Defragment","floor":7,"key":"SMITH"},{"floor":15,"key":"REST"}],"neow_cost":"NONE","seed_source_timestamp":282648929697327,"circlet_count":0,"master_deck":["Defend_B","Defend_B","Zap","Dualcast+1","Cold Snap","Cold Snap+1","Defragment+1","Blizzard","Leap","Machine Learning","Echo Form","Capacitor+1","Stack+1","Scrape+1","Barrage","Beam Cell","Writhe","Chaos"],"relics":["Cracked Core","Pen Nib","Whetstone","Art of War","Blood Vial","Astrolabe","Question Card"],"potions_floor_usage":[16,18,22,22,22],"damage_taken":[{"damage":0,"enemies":"2 Louse","floor":1,"turns":1},{"damage":1,"enemies":"Cultist","floor":2,"turns":3},{"damage":4,"enemies":"Small Slimes","floor":4,"turns":3},{"damage":18,"enemies":"Lagavulin","floor":6,"turns":6},{"damage":14,"enemies":"Gremlin Gang","floor":8,"turns":3},{"damage":8,"enemies":"3 Sentries","floor":11,"turns":8},{"damage":2,"enemies":"Exordium Wildlife","floor":12,"turns":3},{"damage":33,"enemies":"Hexaghost","floor":16,"turns":12},{"damage":24,"enemies":"3 Byrds","floor":18,"turns":6},{"damage":6,"enemies":"Shell Parasite","floor":19,"turns":7},{"damage":30,"enemies":"Centurion and Healer","floor":22,"turns":4},{"damage":38,"enemies":"Book of Stabbing","floor":23,"turns":3}],"seed_played":"-2152961311050148536","potions_obtained":[{"floor":6,"key":"SteroidPotion"},{"floor":8,"key":"Ancient Potion"},{"floor":11,"key":"EssenceOfSteel"},{"floor":16,"key":"PowerPotion"},{"floor":18,"key":"SkillPotion"}],"is_trial":false,"path_per_floor":["M","M","$","M","?","E","R","M","T","$","E","M","?","?","R","B",null,"M","M","$","?","M","E"],"character_chosen":"DEFECT","items_purchased":["Leap","Beam Cell"],"campfire_rested":1,"item_purchase_floors":[10,20],"current_hp_per_floor":[75,74,74,70,70,52,52,38,38,38,30,30,35,27,51,20,80,56,52,52,52,24,0],"gold":100,"neow_bonus":"RANDOM_COMMON_RELIC","is_prod":false,"is_daily":false,"chose_seed":false,"campfire_upgraded":1,"win_rate":0,"timestamp":1552016786,"path_taken":["M","M","$","M","?","E","R","M","T","?","E","?","?","?","R","BOSS","M","M","$","?","M","E"],"build_version":"2019-01-23","purchased_purges":3,"victory":false,"max_hp_per_floor":[75,75,75,75,75,75,75,75,75,75,75,75,80,80,80,80,80,80,80,80,80,80,80],"card_choices":[{"not_picked":["Stack","Go for the Eyes"],"picked":"Cold Snap","floor":1},{"not_picked":["Amplify","Self Repair"],"picked":"Cold Snap","floor":2},{"not_picked":["Rip and Tear","Steam","Turbo"],"picked":"SKIP","floor":4},{"not_picked":["Reinforced Body","Ball Lightning"],"picked":"Defragment","floor":6},{"not_picked":["Undo","Turbo"],"picked":"Blizzard","floor":8},{"not_picked":["Compile Driver","Blizzard","Sweeping Beam"],"picked":"SKIP","floor":11},{"not_picked":["Hello World","Gash"],"picked":"Machine Learning","floor":12},{"not_picked":["Electrodynamics","Amplify"],"picked":"Echo Form","floor":16},{"not_picked":["Barrage+1","Gash","Streamline"],"picked":"SKIP","floor":18},{"not_picked":["Cold Snap","Hologram"],"picked":"Barrage","floor":19},{"not_picked":["Reboot","Turbo+1","Rebound"],"picked":"Chaos","floor":22}],"player_experience":219765,"relics_obtained":[{"floor":6,"key":"Whetstone"},{"floor":9,"key":"Art of War"},{"floor":11,"key":"Blood Vial"}],"event_choices":[{"damage_healed":0,"gold_gain":0,"player_choice":"Upgraded","damage_taken":0,"max_hp_gain":0,"max_hp_loss":0,"event_name":"Upgrade Shrine","floor":5,"gold_loss":0,"cards_upgraded":["Dualcast"]},{"damage_healed":0,"gold_gain":0,"player_choice":"Donut","damage_taken":0,"max_hp_gain":5,"max_hp_loss":0,"event_name":"Big Fish","floor":13,"gold_loss":0},{"damage_healed":0,"gold_gain":75,"player_choice":"Touch","damage_taken":8,"max_hp_gain":0,"max_hp_loss":0,"event_name":"FaceTrader","floor":14,"gold_loss":0},{"damage_healed":0,"gold_gain":0,"player_choice":"Opened","damage_taken":0,"relics_obtained":["Question Card"],"max_hp_gain":0,"max_hp_loss":0,"event_name":"The Mausoleum","floor":21,"gold_loss":0,"cards_obtained":["Writhe"]}],"is_beta":false,"boss_relics":[{"not_picked":["Tiny House","Pandora\u0027s Box"],"picked":"Astrolabe"}],"items_purged_floors":[3,10,20],"is_endless":false,"potions_floor_spawned":[6,8,11,16,18],"killed_by":"Book of Stabbing","ascension_level":3}