{"gold_per_floor":[112,112,129,144,47,47,77,87,87,87,105,105,123,135,135,234,234,246,260,276,276],"floor_reached":21,"playtime":1943,"items_purged":[],"score":185,"play_id":"b73938da-6abe-43d2-91f0-e65862916941","local_time":"20190306211820","is_ascension_mode":false,"campfire_choices":[{"data":"Noxious Fumes","floor":6,"key":"SMITH"},{"floor":10,"key":"REST"},{"floor":15,"key":"REST"}],"neow_cost":"NONE","seed_source_timestamp":845687571615028,"circlet_count":0,"master_deck":["Defend_G","Defend_G","Defend_G","Defend_G","Defend_G","Strike_G","Strike_G","Strike_G","Strike_G","Strike_G","Survivor","Neutralize","Backflip","Pain","Blur","Noxious Fumes+1","Good Instincts","Caltrops","Caltrops+1","Bouncing Flask+1","Tactician+1","Distraction+1","Skewer","Acrobatics+1","Unload","Blade Dance+1","Deflect+1","Blur+1"],"relics":["Ring of the Snake","WarpedTongs","Dream Catcher","Toxic Egg 2","White Beast Statue"],"potions_floor_usage":[16,16,19,20],"damage_taken":[{"damage":0,"enemies":"2 Louse","floor":1,"turns":3},{"damage":12,"enemies":"Cultist","floor":3,"turns":5},{"damage":3,"enemies":"Jaw Worm","floor":4,"turns":4},{"damage":29,"enemies":"Lagavulin","floor":7,"turns":10},{"damage":14,"enemies":"Exordium Thugs","floor":8,"turns":4},{"damage":14,"enemies":"2 Fungi Beasts","floor":11,"turns":4},{"damage":5,"enemies":"Large Slime","floor":13,"turns":4},{"damage":15,"enemies":"Red Slaver","floor":14,"turns":4},{"damage":28,"enemies":"Hexaghost","floor":16,"turns":9},{"damage":29,"enemies":"2 Thieves","floor":18,"turns":5},{"damage":6,"enemies":"Spheric Guardian","floor":19,"turns":4},{"damage":51,"enemies":"Centurion and Healer","floor":20,"turns":6}],"seed_played":"-700488842264757283","potions_obtained":[{"floor":3,"key":"SteroidPotion"},{"floor":8,"key":"Block Potion"},{"floor":11,"key":"Fire Potion"},{"floor":18,"key":"Regen Potion"},{"floor":19,"key":"FearPotion"},{"floor":20,"key":"GhostInAJar"}],"is_trial":false,"path_per_floor":["M","?","M","M","$","R","E","M","T","R","M","?","M","M","R","B",null,"M","M","M","?"],"character_chosen":"THE_SILENT","items_purchased":["Good Instincts"],"campfire_rested":2,"item_purchase_floors":[5],"current_hp_per_floor":[77,77,65,62,62,62,33,19,19,42,28,28,23,8,31,3,77,48,54,3,0],"gold":276,"neow_bonus":"TEN_PERCENT_HP_BONUS","is_prod":false,"is_daily":false,"chose_seed":false,"campfire_upgraded":1,"win_rate":0.0,"timestamp":1551917900,"path_taken":["M","?","?","M","?","R","E","M","T","R","M","?","?","M","R","BOSS","M","M","M","?"],"build_version":"2019-01-23","purchased_purges":0,"victory":false,"max_hp_per_floor":[77,77,77,77,77,77,77,77,77,77,77,77,77,77,77,77,77,77,77,77,82],"card_choices":[{"not_picked":["Poisoned Stab","Well Laid Plans"],"picked":"Backflip","floor":1},{"not_picked":["Dagger Throw","All Out Attack"],"picked":"Blur","floor":3},{"not_picked":["Slice","Deadly Poison"],"picked":"Noxious Fumes","floor":4},{"not_picked":["Sucker Punch","Prepared"],"picked":"Caltrops","floor":7},{"not_picked":["Riddle With Holes","Quick Slash"],"picked":"Caltrops","floor":8},{"not_picked":["Outmaneuver+1","Poisoned Stab"],"picked":"Bouncing Flask+1","floor":10},{"not_picked":["PiercingWail+1","Calculated Gamble+1"],"picked":"Tactician+1","floor":11},{"not_picked":["Sucker Punch","Tools of the Trade"],"picked":"Distraction+1","floor":13},{"not_picked":["Tactician+1","Eviscerate"],"picked":"Skewer","floor":14},{"not_picked":["Endless Agony","Eviscerate"],"picked":"Acrobatics+1","floor":15},{"not_picked":["Wraith Form v2","Envenom"],"picked":"Unload","floor":16},{"not_picked":["Slice","Dagger Spray"],"picked":"Blade Dance+1","floor":18},{"not_picked":["PiercingWail+1","Flying Knee"],"picked":"Deflect+1","floor":19},{"not_picked":["Heel Hook","Quick Slash+1"],"picked":"Blur+1","floor":20}],"player_experience":2107,"relics_obtained":[{"floor":7,"key":"Dream Catcher"},{"floor":9,"key":"Toxic Egg 2"}],"event_choices":[{"damage_healed":0,"gold_gain":0,"player_choice":"Rummage","damage_taken":0,"relics_obtained":["WarpedTongs"],"max_hp_gain":0,"max_hp_loss":0,"event_name":"Accursed Blacksmith","floor":2,"gold_loss":0,"cards_obtained":["Pain"]},{"damage_healed":0,"gold_gain":0,"player_choice":"Upgraded","damage_taken":0,"max_hp_gain":0,"max_hp_loss":0,"event_name":"Upgrade Shrine","floor":12,"gold_loss":0,"cards_upgraded":["Caltrops"]}],"is_beta":false,"boss_relics":[{"not_picked":["Eternal Feather","Calling Bell"],"picked":"White Beast Statue"}],"items_purged_floors":[],"is_endless":false,"potions_floor_spawned":[3,8,11,13,18,19,20],"ascension_level":0}