{"gold_per_floor":[117,127,146,156,156,184,301,419,500,534,547,547,567,95,95,195,195],"floor_reached":18,"playtime":2517,"items_purged":["elementalist:Gaian_Form"],"score":176,"play_id":"9dba9aa0-e425-428b-9109-dc92dc8fc384","local_time":"20190211191134","is_ascension_mode":false,"campfire_choices":[{"floor":15,"key":"REST"}],"neow_cost":"NONE","seed_source_timestamp":18122315361739,"circlet_count":0,"master_deck":["elementalist:Defend_Elemblue","elementalist:Defend_Elemblue+1","elementalist:Defend_Elemblue","elementalist:Defend_Elemblue","elementalist:Defend_Elemblue","elementalist:Elemental_Strike","elementalist:Firestrike","elementalist:Earthstrike","elementalist:Airstrike","elementalist:Crystal_Chalk+1","elementalist:Solar_Form","elementalist:Vaccuum","elementalist:Air_Emblem","elementalist:Glaciate","elementalist:Rising_Tides","elementalist:Ignition","elementalist:Spout","elementalist:Water_Emblem","elementalist:Rising_Tides","elementalist:Geomancy","elementalist:Geomancy","elementalist:Tsunami+1","elementalist:Mist","elementalist:Geomancy","elementalist:Fission_Lance","elementalist:Ignition","elementalist:Heavensfall","elementalist:Water_Emblem"],"relics":["elementalistmod:MagusStaff","elementalistmod:BlueRibbon","War Paint","Kunai","Pantograph","Blue Candle","BargainBundle","Iron Hammer","Philosopher\u0027s Stone"],"potions_floor_usage":[6,16,16],"damage_taken":[{"damage":0,"enemies":"Cultist","floor":1,"turns":4},{"damage":18,"enemies":"infinitespire:Voidling","floor":2,"turns":8},{"damage":10,"enemies":"infinitespire:Voidling","floor":3,"turns":6},{"damage":2,"enemies":"2 Louse","floor":4,"turns":2},{"damage":3,"enemies":"Lagavulin","floor":6,"turns":6},{"damage":15,"enemies":"Large Slime","floor":7,"turns":7},{"damage":0,"enemies":"Large Slime","floor":8,"turns":4},{"damage":26,"enemies":"Gremlin Nob","floor":10,"turns":6},{"damage":7,"enemies":"Blue Slaver","floor":11,"turns":4},{"damage":8,"enemies":"Exordium Thugs","floor":13,"turns":6},{"damage":4,"enemies":"Hexaghost","floor":16,"turns":8}],"seed_played":"8068320157046081901","potions_obtained":[{"floor":3,"key":"PowerPotion"},{"floor":6,"key":"Reflective Coating"},{"floor":11,"key":"Explosive Potion"},{"floor":13,"key":"Venom Potion"}],"is_trial":false,"path_per_floor":["M","M","M","M","?","E","M","M","T","E","M","?","M","$","R","B",null],"character_chosen":"THE_ELEMENTALIST","items_purchased":["BargainBundle","elementalist:Tsunami+1","elementalist:Mist","elementalist:Geomancy","elementalist:Fission_Lance","elementalist:Ignition","Iron Hammer","Strength Potion","SteroidPotion"],"campfire_rested":1,"item_purchase_floors":[14,14,14,14,14,14,14,14,14],"current_hp_per_floor":[77,73,72,70,70,67,52,52,52,26,19,19,11,11,34,55,77],"gold":195,"neow_bonus":"TEN_PERCENT_HP_BONUS","is_prod":false,"is_daily":false,"chose_seed":false,"campfire_upgraded":0,"win_rate":0.0,"timestamp":1549919494,"path_taken":["M","M","M","M","?","E","M","M","T","E","?","?","M","$","R","BOSS"],"build_version":"2019-01-23","purchased_purges":1,"victory":false,"max_hp_per_floor":[77,77,77,77,77,77,77,77,77,77,77,77,77,77,77,77,77],"card_choices":[{"not_picked":["elementalist:Geomancy","elementalist:Cyclone"],"picked":"elementalist:Solar_Form","floor":1},{"not_picked":["elementalist:Wards","elementalist:Confluence"],"picked":"elementalist:Vaccuum","floor":2},{"not_picked":["elementalist:Magma_Shot","elementalist:Wards"],"picked":"elementalist:Glaciate","floor":3},{"not_picked":["elementalist:Stone_to_Mud","elementalist:Flame"],"picked":"elementalist:Rising_Tides","floor":4},{"not_picked":["elementalist:Confluence","elementalist:Etherstrike"],"picked":"elementalist:Ignition","floor":6},{"not_picked":["elementalist:Mist","elementalist:Glaciate"],"picked":"elementalist:Spout","floor":7},{"not_picked":["elementalist:Stone_to_Mud","elementalist:Lunar_Form"],"picked":"elementalist:Gaian_Form","floor":8},{"not_picked":["elementalist:Caution","elementalist:Spark"],"picked":"elementalist:Rising_Tides","floor":10},{"not_picked":["elementalist:Overheat","elementalist:Stone_to_Mud"],"picked":"elementalist:Geomancy","floor":11},{"not_picked":["elementalist:Spark","elementalist:Caution"],"picked":"elementalist:Geomancy","floor":13},{"not_picked":["elementalist:Burning_Soul","elementalist:Rising_Vapors"],"picked":"elementalist:Heavensfall","floor":16}],"player_experience":749486,"relics_obtained":[{"floor":6,"key":"War Paint"},{"floor":9,"key":"Kunai"},{"floor":10,"key":"Pantograph"}],"event_choices":[],"is_beta":false,"boss_relics":[{"not_picked":["Replay:Wanted Poster","ReplayTheSpireMod:Onyx Gauntlets"],"picked":"Philosopher\u0027s Stone"}],"items_purged_floors":[14],"is_endless":false,"potions_floor_spawned":[3,6,11,13],"ascension_level":0}