{"gold_per_floor":[113,38,313,325,225,225,236,236,282,282,282,314,333,343,343,343],"floor_reached":16,"playtime":931,"items_purged":["Strike_R","Regret"],"score":120,"play_id":"827e88f9-89f8-4c20-b89a-fd3995fa5d5f","local_time":"20190309050929","is_ascension_mode":true,"campfire_choices":[{"data":"Pommel Strike","floor":6,"key":"SMITH"},{"data":"Bash","floor":8,"key":"SMITH"},{"data":"Trip","floor":10,"key":"SMITH"},{"floor":15,"key":"REST"}],"neow_cost":"TEN_PERCENT_HP_LOSS","seed_source_timestamp":396474417309419,"circlet_count":0,"master_deck":["Strike_R","Strike_R","Strike_R","Strike_R","Defend_R","Defend_R+1","Defend_R","Defend_R+1","Bash+1","Trip+1","Impatience","Pommel Strike+1","Limit Break","Ghostly Armor","Perfected Strike","Thunderclap"],"relics":["Burning Blood","War Paint","Ornamental Fan"],"potions_floor_usage":[13,16],"damage_taken":[{"damage":0,"enemies":"Small Slimes","floor":1,"turns":3},{"damage":15,"enemies":"Cultist","floor":4,"turns":4},{"damage":0,"enemies":"2 Louse","floor":7,"turns":2},{"damage":36,"enemies":"3 Sentries","floor":12,"turns":9},{"damage":14,"enemies":"Lots of Slimes","floor":13,"turns":4},{"damage":10,"enemies":"2 Fungi Beasts","floor":14,"turns":3},{"damage":48,"enemies":"Slime Boss","floor":16,"turns":10}],"seed_played":"989476842826433895","potions_obtained":[{"floor":7,"key":"FearPotion"},{"floor":13,"key":"Weak Potion"}],"is_trial":false,"path_per_floor":["M","$","?","M","$","R","M","R","T","R","?","E","M","M","R","B"],"character_chosen":"IRONCLAD","items_purchased":[],"campfire_rested":1,"item_purchase_floors":[],"current_hp_per_floor":[72,72,72,63,63,63,69,69,69,69,69,39,31,27,48,0],"gold":343,"neow_bonus":"RANDOM_COLORLESS_2","is_prod":false,"is_daily":false,"chose_seed":false,"campfire_upgraded":3,"win_rate":0,"timestamp":1552129769,"path_taken":["M","$","?","?","$","R","M","R","T","R","?","E","?","M","R","BOSS"],"build_version":"2019-01-23","purchased_purges":2,"victory":false,"max_hp_per_floor":[72,72,72,72,72,72,72,72,72,72,72,72,72,72,72,72],"card_choices":[{"not_picked":["Infernal Blade","Cleave","Clothesline"],"picked":"SKIP","floor":1},{"not_picked":["Havoc","Twin Strike"],"picked":"Pommel Strike","floor":4},{"not_picked":["Seeing Red","Bludgeon","Flex"],"picked":"SKIP","floor":7},{"not_picked":["Entrench","Pommel Strike"],"picked":"Ghostly Armor","floor":12},{"not_picked":["Twin Strike","Sentinel"],"picked":"Perfected Strike","floor":13},{"not_picked":["Clash","Headbutt"],"picked":"Thunderclap","floor":14}],"player_experience":249919,"relics_obtained":[{"floor":9,"key":"War Paint"},{"floor":12,"key":"Ornamental Fan"}],"event_choices":[{"damage_healed":0,"gold_gain":275,"player_choice":"Desecrate","damage_taken":0,"max_hp_gain":0,"max_hp_loss":0,"event_name":"Golden Shrine","floor":3,"gold_loss":0,"cards_obtained":["Regret"]},{"damage_healed":0,"gold_gain":0,"player_choice":"1 cards matched","damage_taken":0,"max_hp_gain":0,"max_hp_loss":0,"event_name":"Match and Keep!","floor":11,"gold_loss":0,"cards_obtained":["Limit Break"]}],"is_beta":false,"boss_relics":[],"items_purged_floors":[2,5],"is_endless":false,"potions_floor_spawned":[7,13],"killed_by":"Slime Boss","ascension_level":4}