{"gold_per_floor":[115,40,40,40,50,78,78,111,111,138,158,187,204,233,233,307,307,327,343,343,343,363,389,416,450,450,477,367,382,27,56,56,130,130,141,141,156,256,268,300,300,332,359,391,449,488,525,552,564,576,588],"floor_reached":52,"playtime":6414,"items_purged":[],"score":3468,"play_id":"298eb48e-872e-446b-b376-51ab9f22179b","local_time":"20190204164348","daily_mods":["SealedDeck","Heirloom","Elite Swarm"],"is_ascension_mode":true,"campfire_choices":[{"data":"Beam Cell","floor":7,"key":"SMITH"},{"data":"Seek","floor":15,"key":"SMITH"},{"data":"FTL","floor":32,"key":"SMITH"},{"data":"Scrape","floor":49,"key":"SMITH"}],"neow_cost":"","seed_source_timestamp":0,"circlet_count":0,"master_deck":["AscendersBane","Genetic Algorithm","Steam+1","BootSequence+1","Beam Cell+1","Reprogram","Gash","Gash","BootSequence","Seek+1","Scrape+1","Gash","FTL+1","Scrape+1","Go for the Eyes+1"],"relics":["Unceasing Top","Thread and Needle","PreservedInsect","StoneCalendar","Blue Candle","WingedGreaves","Shuriken","Incense Burner","Inserter","MutagenicStrength","Ginger","Gremlin Horn","Bronze Scales","Sundial","Turnip","Pear","Centennial Puzzle","Empty Cage","Torii","Letter Opener","Emotion Chip","DataDisk","MawBank","Du-Vu Doll","Mango","Omamori"],"potions_floor_usage":[50],"damage_taken":[{"damage":0,"enemies":"Jaw Worm","floor":1,"turns":2},{"damage":0,"enemies":"Small Slimes","floor":5,"turns":2},{"damage":0,"enemies":"Lagavulin","floor":6,"turns":2},{"damage":0,"enemies":"Gremlin Nob","floor":8,"turns":2},{"damage":1,"enemies":"3 Sentries","floor":10,"turns":1},{"damage":1,"enemies":"2 Louse","floor":11,"turns":1},{"damage":1,"enemies":"Lagavulin","floor":12,"turns":2},{"damage":1,"enemies":"Blue Slaver","floor":13,"turns":2},{"damage":0,"enemies":"3 Sentries","floor":14,"turns":1},{"damage":1,"enemies":"Hexaghost","floor":16,"turns":2},{"damage":1,"enemies":"3 Byrds","floor":18,"turns":2},{"damage":1,"enemies":"Spheric Guardian","floor":19,"turns":1},{"damage":1,"enemies":"Snecko","floor":22,"turns":2},{"damage":1,"enemies":"Slavers","floor":23,"turns":3},{"damage":1,"enemies":"Gremlin Leader","floor":24,"turns":2},{"damage":0,"enemies":"Slavers","floor":25,"turns":2},{"damage":1,"enemies":"Book of Stabbing","floor":27,"turns":2},{"damage":1,"enemies":"Centurion and Healer","floor":29,"turns":1},{"damage":1,"enemies":"Gremlin Leader","floor":31,"turns":1},{"damage":0,"enemies":"Collector","floor":33,"turns":2},{"damage":1,"enemies":"Orb Walker","floor":35,"turns":1},{"damage":1,"enemies":"3 Darklings","floor":37,"turns":1},{"damage":1,"enemies":"Mind Bloom Boss Battle","floor":38,"turns":2},{"damage":1,"enemies":"Sphere and 2 Shapes","floor":39,"turns":1},{"damage":1,"enemies":"Giant Head","floor":40,"turns":1},{"damage":1,"enemies":"Nemesis","floor":42,"turns":1},{"damage":0,"enemies":"Giant Head","floor":44,"turns":1},{"damage":0,"enemies":"2 Orb Walkers","floor":45,"turns":1},{"damage":1,"enemies":"Nemesis","floor":46,"turns":1},{"damage":1,"enemies":"Reptomancer","floor":47,"turns":1},{"damage":1,"enemies":"Jaw Worm Horde","floor":48,"turns":1},{"damage":1,"enemies":"Time Eater","floor":50,"turns":3},{"damage":1,"enemies":"Donu and Deca","floor":51,"turns":1}],"seed_played":"-4547376764637226332","potions_obtained":[{"floor":5,"key":"Block Potion"},{"floor":10,"key":"Ancient Potion"},{"floor":13,"key":"Swift Potion"}],"is_trial":true,"path_per_floor":["M","?","?","?","M","E","R","E","T","E","M","E","M","E","R","B",null,"M","M","?","?","M","E","E","E","T","E","?","M","$","E","R","B",null,"M","?","M","?","M","E","?","E","T","E","?","E","E","M","R","B","B",null],"character_chosen":"DEFECT","items_purchased":["FTL","Pear"],"campfire_rested":0,"item_purchase_floors":[30,30],"current_hp_per_floor":[64,64,43,66,66,66,66,66,66,65,64,63,62,62,62,61,69,68,67,67,67,66,65,64,64,64,63,63,62,72,71,71,71,79,78,78,77,76,75,74,74,73,73,73,73,86,85,84,84,83,82],"gold":600,"neow_bonus":"","is_prod":false,"is_daily":false,"chose_seed":false,"campfire_upgraded":4,"win_rate":0,"timestamp":1549320228,"path_taken":["M","?","?","?","M","E","R","E","T","E","?","E","M","E","R","BOSS","M","M","?","?","M","E","E","E","T","E","?","?","$","E","R","BOSS","M","?","M","?","M","E","?","E","T","E","?","E","E","M","R","BOSS","BOSS"],"build_version":"2019-01-23","purchased_purges":0,"victory":true,"max_hp_per_floor":[71,71,71,71,71,71,71,71,71,71,71,71,71,71,71,71,71,71,71,71,71,71,71,71,71,71,71,71,71,81,81,81,81,81,81,81,81,81,81,81,81,81,81,81,81,95,95,95,95,95,95],"card_choices":[{"not_picked":["Force Field","Heatsinks","Streamline"],"picked":"SKIP","floor":1},{"not_picked":["Aggregate","Undo"],"picked":"BootSequence","floor":5},{"not_picked":["Electrodynamics","Machine Learning","Thunder Strike"],"picked":"SKIP","floor":6},{"not_picked":["Reboot","Creative AI"],"picked":"Seek","floor":8},{"not_picked":["Core Surge","Creative AI","Multi-Cast"],"picked":"SKIP","floor":10},{"not_picked":["Darkness","Steam","Turbo"],"picked":"SKIP","floor":11},{"not_picked":["Echo Form","Electrodynamics","Meteor Strike"],"picked":"SKIP","floor":12},{"not_picked":["Sunder","Static Discharge","Ball Lightning"],"picked":"SKIP","floor":13},{"not_picked":["Meteor Strike","Reboot","Buffer"],"picked":"SKIP","floor":14},{"not_picked":["Beam Cell","Turbo"],"picked":"Scrape","floor":18},{"not_picked":["Blizzard","Hologram+1"],"picked":"Gash","floor":19},{"not_picked":["Redo+1","Chill","Ball Lightning"],"picked":"SKIP","floor":22},{"not_picked":["Hyperbeam","Multi-Cast","Echo Form"],"picked":"SKIP","floor":23},{"not_picked":["Amplify","Biased Cognition","Fission"],"picked":"SKIP","floor":24},{"not_picked":["Thunder Strike","Hyperbeam","Seek"],"picked":"SKIP","floor":25},{"not_picked":["Hyperbeam","Fission","Amplify"],"picked":"SKIP","floor":27},{"not_picked":["BootSequence","Tempest","Stack"],"picked":"SKIP","floor":29},{"not_picked":["Core Surge","Echo Form"],"picked":"All For One","floor":31},{"not_picked":["Rebound","Steam Power+1"],"picked":"Scrape","floor":35},{"not_picked":["Leap","Double Energy","Loop"],"picked":"SKIP","floor":37},{"not_picked":["Streamline","Barrage+1","Cold Snap"],"picked":"SKIP","floor":39},{"not_picked":["Hyperbeam","Meteor Strike","Multi-Cast"],"picked":"SKIP","floor":40},{"not_picked":["Machine Learning","Echo Form","Reboot"],"picked":"SKIP","floor":42},{"not_picked":["Seek","Biased Cognition","Multi-Cast"],"picked":"SKIP","floor":44},{"not_picked":["Machine Learning","Biased Cognition","All For One"],"picked":"SKIP","floor":46},{"not_picked":["Buffer","Amplify","Electrodynamics"],"picked":"SKIP","floor":47},{"not_picked":["Ball Lightning+1","Steam Power"],"picked":"Go for the Eyes+1","floor":48}],"player_experience":281230,"relics_obtained":[{"floor":6,"key":"PreservedInsect"},{"floor":8,"key":"StoneCalendar"},{"floor":9,"key":"Blue Candle"},{"floor":10,"key":"WingedGreaves"},{"floor":12,"key":"Shuriken"},{"floor":14,"key":"Incense Burner"},{"floor":23,"key":"Ginger"},{"floor":24,"key":"Gremlin Horn"},{"floor":25,"key":"Bronze Scales"},{"floor":26,"key":"Sundial"},{"floor":27,"key":"Turnip"},{"floor":31,"key":"Centennial Puzzle"},{"floor":38,"key":"Torii"},{"floor":40,"key":"Letter Opener"},{"floor":42,"key":"Emotion Chip"},{"floor":43,"key":"DataDisk"},{"floor":44,"key":"MawBank"},{"floor":45,"key":"Du-Vu Doll"},{"floor":46,"key":"Mango"},{"floor":47,"key":"Omamori"}],"event_choices":[{"cards_removed":["Hologram"],"damage_healed":0,"gold_gain":0,"player_choice":"Card Removal","damage_taken":0,"max_hp_gain":0,"max_hp_loss":0,"event_name":"The Cleric","floor":2,"gold_loss":75},{"damage_healed":0,"gold_gain":0,"player_choice":"Entered Light","damage_taken":21,"max_hp_gain":0,"max_hp_loss":0,"event_name":"Shining Light","floor":3,"gold_loss":0,"cards_upgraded":["Steam","BootSequence"]},{"damage_healed":23,"gold_gain":0,"player_choice":"Banana","damage_taken":0,"max_hp_gain":0,"max_hp_loss":0,"event_name":"Big Fish","floor":4,"gold_loss":0},{"damage_healed":0,"gold_gain":0,"player_choice":"Inject Mutagens","damage_taken":0,"relics_obtained":["MutagenicStrength"],"max_hp_gain":0,"max_hp_loss":0,"event_name":"Drug Dealer","floor":20,"gold_loss":0},{"damage_healed":0,"gold_gain":0,"player_choice":"Ignored","damage_taken":0,"max_hp_gain":0,"max_hp_loss":0,"event_name":"Ghosts","floor":21,"gold_loss":0},{"cards_removed":["Leap"],"damage_healed":0,"gold_gain":0,"player_choice":"Upgrade and Remove","damage_taken":0,"max_hp_gain":0,"max_hp_loss":0,"event_name":"Designer","floor":28,"gold_loss":110,"cards_upgraded":["Scrape"]},{"damage_healed":0,"gold_gain":0,"player_choice":"Memory 1","damage_taken":0,"max_hp_gain":0,"max_hp_loss":0,"event_name":"SensoryStone","floor":36,"gold_loss":0},{"damage_healed":0,"gold_gain":0,"player_choice":"Fight","damage_taken":0,"max_hp_gain":0,"max_hp_loss":0,"event_name":"MindBloom","floor":38,"gold_loss":0},{"damage_healed":0,"gold_gain":0,"player_choice":"Ignored","damage_taken":0,"max_hp_gain":0,"max_hp_loss":0,"event_name":"Tomb of Lord Red Mask","floor":41,"gold_loss":0},{"damage_healed":0,"gold_gain":0,"player_choice":"Fight","damage_taken":0,"max_hp_gain":0,"max_hp_loss":0,"event_name":"Mysterious Sphere","floor":45,"gold_loss":0}],"is_beta":false,"boss_relics":[{"not_picked":["Busted Crown","Calling Bell"],"picked":"Inserter"},{"not_picked":["Snecko Eye","Philosopher\u0027s Stone"],"picked":"Empty Cage"}],"items_purged_floors":[],"is_endless":false,"potions_floor_spawned":[5,10,12,13,14,18,22,27,29,31,38,39,40,42,45,47],"ascension_level":20}