{"gold_per_floor":[211,211,227,237,187,187,34,60,60,91,91,91,91,109,109,204,204,220,145,145,158,158],"floor_reached":22,"playtime":2510,"items_purged":["Defend_R"],"score":211,"play_id":"19024e16-7f96-4582-9660-8b7c00949150","local_time":"20190201021333","is_ascension_mode":true,"campfire_choices":[{"data":"Strike_R","floor":6,"key":"SMITH"},{"floor":11,"key":"REST"},{"floor":13,"key":"REST"},{"floor":15,"key":"REST"}],"neow_cost":"NONE","seed_source_timestamp":954518841207458,"circlet_count":0,"master_deck":["Strike_R","Strike_R","Strike_R+1","Strike_R+1","Strike_R+1","Defend_R","Defend_R","Heavy Blade","Flex","Thunderclap","Rampage","Metallicize","Pommel Strike","Anger","Offering","Shrug It Off"],"relics":["Burning Blood","Gremlin Horn","Bottled Lightning","Darkstone Periapt","Snecko Eye","NlothsMask"],"potions_floor_usage":[16,16,16,21,22],"damage_taken":[{"damage":0,"enemies":"2 Louse","floor":1,"turns":3},{"damage":14,"enemies":"Jaw Worm","floor":3,"turns":3},{"damage":10,"enemies":"Small Slimes","floor":4,"turns":2},{"damage":36,"enemies":"3 Sentries","floor":8,"turns":5},{"damage":19,"enemies":"Gremlin Nob","floor":10,"turns":4},{"damage":9,"enemies":"Exordium Wildlife","floor":14,"turns":3},{"damage":69,"enemies":"The Guardian","floor":16,"turns":8},{"damage":25,"enemies":"2 Thieves","floor":18,"turns":3},{"damage":34,"enemies":"Shell Parasite","floor":21,"turns":3},{"damage":43,"enemies":"Centurion and Healer","floor":22,"turns":5}],"seed_played":"-8931439941102473749","potions_obtained":[{"floor":4,"key":"SpeedPotion"},{"floor":8,"key":"Regen Potion"},{"floor":14,"key":"SteroidPotion"},{"floor":16,"key":"Strength Potion"},{"floor":21,"key":"Fire Potion"}],"is_trial":false,"path_per_floor":["M","?","M","M","?","R","$","E","T","E","R","$","R","M","R","B",null,"M","?","?","M","M"],"character_chosen":"IRONCLAD","items_purchased":["Rampage"],"campfire_rested":3,"item_purchase_floors":[7],"current_hp_per_floor":[80,64,56,52,52,52,52,22,22,9,33,33,57,54,78,27,80,61,61,61,33,0],"gold":158,"neow_bonus":"HUNDRED_GOLD","is_prod":false,"is_daily":false,"chose_seed":false,"campfire_upgraded":1,"win_rate":0,"timestamp":1549008813,"path_taken":["M","?","M","M","?","R","$","E","T","E","R","$","R","M","R","BOSS","M","?","?","M","?"],"build_version":"2019-01-23","purchased_purges":1,"victory":false,"max_hp_per_floor":[80,80,80,80,80,80,80,80,80,80,80,80,80,80,80,80,80,80,80,80,80,80],"card_choices":[{"not_picked":["Havoc","Perfected Strike"],"picked":"Heavy Blade","floor":1},{"not_picked":["Whirlwind","Headbutt"],"picked":"Flex","floor":3},{"not_picked":["Headbutt","Body Slam"],"picked":"Thunderclap","floor":4},{"not_picked":["Entrench","Reckless Charge"],"picked":"Metallicize","floor":8},{"not_picked":["Blood for Blood","Perfected Strike"],"picked":"Pommel Strike","floor":10},{"not_picked":["Clothesline","Carnage"],"picked":"Anger","floor":14},{"not_picked":["Bludgeon","Feed"],"picked":"Offering","floor":16},{"not_picked":["Headbutt","Havoc+1","Anger"],"picked":"SKIP","floor":18},{"not_picked":["Havoc","Clothesline"],"picked":"Shrug It Off","floor":21}],"player_experience":124980,"relics_obtained":[{"floor":8,"key":"Gremlin Horn"},{"floor":9,"key":"Bottled Lightning"},{"floor":10,"key":"Darkstone Periapt"}],"event_choices":[{"damage_healed":0,"gold_gain":0,"player_choice":"Entered Light","damage_taken":16,"max_hp_gain":0,"max_hp_loss":0,"event_name":"Shining Light","floor":2,"gold_loss":0,"cards_upgraded":["Strike_R","Strike_R"]},{"cards_removed":["Bash"],"damage_healed":0,"gold_gain":0,"player_choice":"Card Removal","damage_taken":0,"max_hp_gain":0,"max_hp_loss":0,"event_name":"The Cleric","floor":5,"gold_loss":50},{"cards_removed":["Defend_R"],"damage_healed":0,"gold_gain":0,"player_choice":"Gave Gold","damage_taken":0,"max_hp_gain":0,"max_hp_loss":0,"event_name":"Beggar","floor":19,"gold_loss":75},{"damage_healed":0,"gold_gain":0,"player_choice":"Trade","damage_taken":0,"relics_obtained":["NlothsMask"],"max_hp_gain":0,"max_hp_loss":0,"event_name":"FaceTrader","floor":20,"gold_loss":0}],"is_beta":false,"boss_relics":[{"not_picked":["Runic Dome","Runic Pyramid"],"picked":"Snecko Eye"}],"items_purged_floors":[7],"is_endless":false,"potions_floor_spawned":[4,8,14,16,21],"killed_by":"Centurion and Healer","ascension_level":2}