{"gold_per_floor":[111,121,131,149,159,159,193,211,211,223,1,1],"floor_reached":12,"playtime":522,"items_purged":[],"score":101,"play_id":"092eb770-f346-4272-8ed0-968919c3c89c","local_time":"20190311215753","is_ascension_mode":true,"campfire_choices":[{"data":"Neutralize","floor":6,"key":"SMITH"}],"neow_cost":"NONE","seed_source_timestamp":186839755780692,"circlet_count":0,"master_deck":["Defend_G","Defend_G","Defend_G","Defend_G","Defend_G","Strike_G","Strike_G","Strike_G","Strike_G","Strike_G","Survivor","Neutralize+1","Deadly Poison","Cloak And Dagger","Sucker Punch","Heel Hook","Noxious Fumes","Finisher","Noxious Fumes","Caltrops"],"relics":["Ring of the Snake","NeowsBlessing","Anchor","The Courier","Pear"],"potions_floor_usage":[7],"damage_taken":[{"damage":0,"enemies":"Cultist","floor":1,"turns":1},{"damage":0,"enemies":"2 Louse","floor":2,"turns":1},{"damage":0,"enemies":"Jaw Worm","floor":3,"turns":1},{"damage":7,"enemies":"Large Slime","floor":4,"turns":8},{"damage":5,"enemies":"Blue Slaver","floor":5,"turns":4},{"damage":16,"enemies":"Lagavulin","floor":7,"turns":8},{"damage":19,"enemies":"Exordium Thugs","floor":8,"turns":5},{"damage":15,"enemies":"Lots of Slimes","floor":10,"turns":5},{"damage":24,"enemies":"3 Sentries","floor":12,"turns":4}],"seed_played":"-2647489108745881940","potions_obtained":[{"floor":5,"key":"Weak Potion"}],"is_trial":false,"path_per_floor":["M","M","M","M","M","R","E","M","T","M","$","E"],"character_chosen":"THE_SILENT","items_purchased":["Caltrops","Pear"],"campfire_rested":0,"item_purchase_floors":[11,11],"current_hp_per_floor":[70,70,70,63,58,58,42,23,23,8,18,0],"gold":1,"neow_bonus":"THREE_ENEMY_KILL","is_prod":false,"is_daily":false,"chose_seed":false,"campfire_upgraded":1,"win_rate":0,"timestamp":1552337873,"path_taken":["M","M","M","?","M","R","E","M","T","M","$","E"],"build_version":"2019-01-23","purchased_purges":0,"victory":false,"max_hp_per_floor":[70,70,70,70,70,70,70,70,70,70,80,80],"card_choices":[{"not_picked":["PiercingWail","Cloak And Dagger"],"picked":"Deadly Poison","floor":1},{"not_picked":["Acrobatics","Caltrops"],"picked":"Cloak And Dagger","floor":2},{"not_picked":["Prepared","Underhanded Strike"],"picked":"Sucker Punch","floor":3},{"not_picked":["Backflip","Tactician","Terror"],"picked":"SKIP","floor":4},{"not_picked":["Outmaneuver","Riddle With Holes"],"picked":"Heel Hook","floor":5},{"not_picked":["Venomology","Well Laid Plans"],"picked":"Noxious Fumes","floor":7},{"not_picked":["Tactician","Concentrate"],"picked":"Finisher","floor":8},{"not_picked":["Acrobatics","Deflect"],"picked":"Noxious Fumes","floor":10}],"player_experience":189896,"relics_obtained":[{"floor":7,"key":"Anchor"},{"floor":9,"key":"The Courier"}],"event_choices":[],"is_beta":false,"boss_relics":[],"items_purged_floors":[],"is_endless":false,"potions_floor_spawned":[5],"killed_by":"3 Sentries","ascension_level":4}