{"gold_per_floor":[113,388,405,77,77,77,112,112,138,152,152,152,176,176,176,274,337,358,378,0,0,0,36,0,0,0,0,0,0,16,16,16,16],"floor_reached":33,"playtime":953,"items_purged":["Regret"],"score":554,"play_id":"98f871d1-91a9-4f77-810a-61947eee244a","local_time":"20190311172637","is_ascension_mode":true,"campfire_choices":[{"data":"Noxious Fumes","floor":6,"key":"SMITH"},{"data":"Noxious Fumes","floor":8,"key":"SMITH"},{"data":"Neutralize","floor":12,"key":"SMITH"},{"data":"Well Laid Plans","floor":15,"key":"SMITH"},{"data":"PiercingWail","floor":28,"key":"SMITH"},{"floor":32,"key":"REST"}],"neow_cost":"NONE","seed_source_timestamp":431286357943991,"circlet_count":0,"master_deck":["AscendersBane","Defend_G","Defend_G","Defend_G","Defend_G","Defend_G","Strike_G+1","Strike_G","Strike_G","Strike_G","Strike_G","Survivor+1","Neutralize+1","Noxious Fumes+1","Well Laid Plans+1","Catalyst+1","Noxious Fumes+1","PiercingWail+1","Adrenaline","Writhe"],"relics":["Eternal Feather","Juzu Bracelet","Mummified Hand","Bag of Marbles","Golden Idol","Tiny House","TwistedFunnel","Oddly Smooth Stone","Tingsha","Centennial Puzzle","Orichalcum","Regal Pillow"],"potions_floor_usage":[7,19,19,23],"damage_taken":[{"damage":1,"enemies":"2 Louse","floor":1,"turns":5},{"damage":0,"enemies":"Cultist","floor":3,"turns":5},{"damage":10,"enemies":"Lagavulin","floor":7,"turns":6},{"damage":11,"enemies":"Small Slimes","floor":10,"turns":4},{"damage":14,"enemies":"3 Louse","floor":13,"turns":4},{"damage":31,"enemies":"The Guardian","floor":16,"turns":9},{"damage":15,"enemies":"Spheric Guardian","floor":18,"turns":4},{"damage":14,"enemies":"3 Byrds","floor":19,"turns":4},{"damage":8,"enemies":"Book of Stabbing","floor":23,"turns":2},{"damage":21,"enemies":"Snake Plant","floor":30,"turns":5},{"damage":64,"enemies":"Collector","floor":33,"turns":8}],"seed_played":"-7986146431361391578","potions_obtained":[{"floor":1,"key":"Block Potion"},{"floor":16,"key":"GamblersBrew"},{"floor":17,"key":"PowerPotion"},{"floor":18,"key":"PowerPotion"},{"floor":19,"key":"SkillPotion"}],"is_trial":false,"path_per_floor":["M","?","M","$","?","R","E","R","T","M","?","R","M","?","R","B",null,"M","M","$","?","?","E","?","?","T","T","R","$","M","?","R","B"],"character_chosen":"THE_SILENT","items_purchased":["Catalyst","Juzu Bracelet","TwistedFunnel","Oddly Smooth Stone"],"campfire_rested":1,"item_purchase_floors":[4,4,20,20],"current_hp_per_floor":[58,58,58,58,38,47,37,46,46,35,35,44,30,50,59,28,57,42,28,28,28,28,20,20,20,20,20,29,29,8,8,54,0],"gold":16,"neow_bonus":"BOSS_RELIC","is_prod":false,"is_daily":false,"chose_seed":false,"campfire_upgraded":5,"win_rate":0,"timestamp":1552321597,"path_taken":["M","?","M","$","?","R","E","R","T","M","?","R","M","?","R","BOSS","M","M","$","?","?","E","?","?","T","?","R","?","M","?","R","BOSS"],"build_version":"2019-01-23","purchased_purges":1,"victory":false,"max_hp_per_floor":[66,66,66,66,66,66,66,66,66,66,60,60,60,60,60,60,65,65,65,65,65,65,65,65,65,65,65,65,65,65,65,65,65],"card_choices":[{"not_picked":["Backflip","Distraction"],"picked":"Noxious Fumes","floor":1},{"not_picked":["Heel Hook","Dodge and Roll"],"picked":"Well Laid Plans","floor":3},{"not_picked":["Underhanded Strike","Quick Slash"],"picked":"Noxious Fumes","floor":7},{"not_picked":["Terror","Dodge and Roll","Underhanded Strike"],"picked":"SKIP","floor":10},{"not_picked":["Underhanded Strike","Doppelganger","Sucker Punch"],"picked":"SKIP","floor":13},{"not_picked":["Accuracy","Heel Hook"],"picked":"PiercingWail","floor":17},{"not_picked":["Infinite Blades","Backflip","Prepared+1"],"picked":"SKIP","floor":18},{"not_picked":["Outmaneuver","Dagger Spray","Backflip+1"],"picked":"SKIP","floor":19},{"not_picked":["Sucker Punch+1","Underhanded Strike"],"picked":"Adrenaline","floor":23},{"not_picked":["PiercingWail","Flying Knee","Blade Dance"],"picked":"SKIP","floor":30}],"player_experience":967483,"relics_obtained":[{"floor":7,"key":"Mummified Hand"},{"floor":9,"key":"Bag of Marbles"},{"floor":23,"key":"Tingsha"},{"floor":26,"key":"Centennial Puzzle"},{"floor":27,"key":"Orichalcum"}],"event_choices":[{"damage_healed":0,"gold_gain":275,"player_choice":"Desecrate","damage_taken":0,"max_hp_gain":0,"max_hp_loss":0,"event_name":"Golden Shrine","floor":2,"gold_loss":0,"cards_obtained":["Regret"]},{"damage_healed":0,"gold_gain":0,"player_choice":"Entered Light","damage_taken":20,"max_hp_gain":0,"max_hp_loss":0,"event_name":"Shining Light","floor":5,"gold_loss":0,"cards_upgraded":["Strike_G","Catalyst"]},{"damage_healed":0,"gold_gain":0,"player_choice":"Lose Max HP","damage_taken":0,"relics_obtained":["Golden Idol"],"max_hp_gain":0,"max_hp_loss":6,"event_name":"Golden Idol","floor":11,"gold_loss":0},{"damage_healed":20,"gold_gain":0,"player_choice":"Banana","damage_taken":0,"max_hp_gain":0,"max_hp_loss":0,"event_name":"Big Fish","floor":14,"gold_loss":0},{"damage_healed":0,"gold_gain":0,"player_choice":"Ignored","damage_taken":0,"max_hp_gain":0,"max_hp_loss":0,"event_name":"Ghosts","floor":21,"gold_loss":0},{"damage_healed":0,"gold_gain":0,"player_choice":"Ignored","damage_taken":0,"max_hp_gain":0,"max_hp_loss":0,"event_name":"Vampires","floor":22,"gold_loss":0},{"damage_healed":0,"gold_gain":0,"player_choice":"Paid Fearfully","damage_taken":0,"max_hp_gain":0,"max_hp_loss":0,"event_name":"Masked Bandits","floor":24,"gold_loss":36},{"damage_healed":0,"gold_gain":0,"player_choice":"Ignored","damage_taken":0,"max_hp_gain":0,"max_hp_loss":0,"event_name":"Beggar","floor":25,"gold_loss":0},{"damage_healed":0,"gold_gain":0,"player_choice":"Opened","damage_taken":0,"relics_obtained":["Regal Pillow"],"max_hp_gain":0,"max_hp_loss":0,"event_name":"The Mausoleum","floor":31,"gold_loss":0,"cards_obtained":["Writhe"]}],"is_beta":false,"boss_relics":[{"not_picked":["Runic Pyramid","Snecko Eye"],"picked":"Tiny House"}],"items_purged_floors":[4],"is_endless":false,"potions_floor_spawned":[1,16,18,19],"killed_by":"Collector","ascension_level":19}