{"gold_per_floor":[114,129,79,154,169,169,184,199,249,249,174,189,204,234,234,334,334,349,23,38,53,68,68,18,33,108,108,138,168,168,168,168,268,268,283,283,233,263,278,278,308,338,338,353,54,69,69,84,84,84],"floor_reached":51,"playtime":4242,"items_purged":["Streamline","Streamline","Streamline","Streamline","Streamline+1"],"score":979,"play_id":"3da754fc-4a22-44fc-a545-8ead3a2fa82b","local_time":"20190307185020","daily_mods":["Insanity","Time Dilation","DeadlyEvents"],"is_ascension_mode":false,"campfire_choices":[{"data":"Capacitor","floor":6,"key":"SMITH"},{"data":"Defragment","floor":10,"key":"SMITH"},{"data":"Redo","floor":15,"key":"SMITH"},{"data":"Double Energy","floor":23,"key":"SMITH"},{"floor":30,"key":"REST"},{"floor":32,"key":"REST"},{"data":"Streamline","floor":40,"key":"SMITH"},{"data":"Loop","floor":47,"key":"SMITH"},{"floor":49,"key":"REST"}],"neow_cost":"","seed_source_timestamp":0,"circlet_count":0,"master_deck":["Redo+1","Lockon","Cold Snap","Melter","Ball Lightning","Redo","Go for the Eyes","Turbo+1","Sweeping Beam","Sweeping Beam","Loop+1","Conserve Battery+1","Turbo","Stack","Sunder","Force Field","Cold Snap","Tempest","Cold Snap","Turbo","Consume","Hello World","Coolheaded","Genetic Algorithm","Steam","Sweeping Beam","Redo","Steam","Double Energy+1","Tempest","Conserve Battery","Coolheaded","Defragment+1","Loop","Skim","Gash","Ball Lightning","Steam","Steam Power","Leap","Compile Driver","Stack","Compile Driver","Conserve Battery","Capacitor+1","Skim+1","Coolheaded+1","Coolheaded+1","Gash","Seek+1","All For One","Chill+1","Fusion+1","Capacitor+1","Leap+1","Gash+1","Rainbow+1","Machine Learning","Electrodynamics+1","Writhe","Rainbow+1","Steam Power+1","Barrage+1","Glacier+1","Redo+1","Glacier+1","Doubt","Steam+1","Conserve Battery+1","Coolheaded+1","Redo+1"],"special_seed":17962,"relics":["Cracked Core","Toxic Egg 2","DataDisk","Smiling Mask","Sozu","Runic Capacitor","Kunai","Calipers","Frozen Egg 2","Ornamental Fan","Cursed Key","Letter Opener","War Paint","Sundial","Meat on the Bone","Happy Flower"],"potions_floor_usage":[33],"damage_taken":[{"damage":0,"enemies":"Small Slimes","floor":1,"turns":2},{"damage":11,"enemies":"Jaw Worm","floor":2,"turns":2},{"damage":0,"enemies":"Cultist","floor":5,"turns":2},{"damage":0,"enemies":"Blue Slaver","floor":7,"turns":3},{"damage":1,"enemies":"Exordium Thugs","floor":8,"turns":2},{"damage":2,"enemies":"2 Fungi Beasts","floor":12,"turns":3},{"damage":13,"enemies":"Exordium Wildlife","floor":13,"turns":2},{"damage":5,"enemies":"Gremlin Nob","floor":14,"turns":4},{"damage":1,"enemies":"Hexaghost","floor":16,"turns":6},{"damage":27,"enemies":"2 Thieves","floor":18,"turns":3},{"damage":0,"enemies":"Spheric Guardian","floor":20,"turns":1},{"damage":2,"enemies":"Centurion and Healer","floor":21,"turns":5},{"damage":0,"enemies":"Sentry and Sphere","floor":22,"turns":4},{"damage":0,"enemies":"Cultist and Chosen","floor":25,"turns":5},{"damage":27,"enemies":"Slavers","floor":28,"turns":5},{"damage":6,"enemies":"Book of Stabbing","floor":29,"turns":5},{"damage":11,"enemies":"Automaton","floor":33,"turns":9},{"damage":0,"enemies":"3 Darklings","floor":35,"turns":5},{"damage":0,"enemies":"Reptomancer","floor":38,"turns":7},{"damage":0,"enemies":"3 Shapes","floor":39,"turns":2},{"damage":0,"enemies":"Nemesis","floor":41,"turns":5},{"damage":0,"enemies":"Giant Head","floor":42,"turns":6},{"damage":0,"enemies":"Maw","floor":44,"turns":7},{"damage":10,"enemies":"Sphere and 2 Shapes","floor":46,"turns":5},{"damage":0,"enemies":"3 Darklings","floor":48,"turns":4},{"damage":12,"enemies":"Donu and Deca","floor":50,"turns":13}],"seed_played":"-6414622860042854824","potions_obtained":[{"floor":2,"key":"Regen Potion"},{"floor":7,"key":"GamblersBrew"},{"floor":8,"key":"SpeedPotion"}],"is_trial":false,"path_per_floor":["M","M","?","T","M","R","M","M","T","R","$","M","M","E","R","B",null,"M","$","M","M","M","R","$","M","T","?","E","E","R","?","R","B",null,"M","?","$","E","M","R","E","E","T","M","$","M","R","M","R","B",null],"character_chosen":"DEFECT","items_purchased":["Fusion+1","Runic Capacitor","Happy Flower","Steam+1","Conserve Battery+1"],"campfire_rested":3,"item_purchase_floors":[19,19,45,45,45],"current_hp_per_floor":[75,64,64,64,64,64,64,63,63,63,63,61,48,43,43,42,75,48,48,48,46,46,46,46,46,46,46,19,13,35,35,57,61,75,75,75,75,75,75,75,75,75,75,75,75,65,65,65,75,63],"gold":84,"neow_bonus":"","is_prod":false,"is_daily":true,"chose_seed":false,"campfire_upgraded":6,"win_rate":0.0,"timestamp":1551981020,"path_taken":["M","M","?","?","M","R","M","M","T","R","$","M","M","?","R","BOSS","M","$","M","M","M","R","$","M","T","?","E","?","R","?","R","BOSS","M","?","$","?","?","R","E","?","T","?","?","M","R","M","R","BOSS"],"build_version":"2019-01-23","purchased_purges":5,"victory":true,"max_hp_per_floor":[75,75,75,75,75,75,75,75,75,75,75,75,75,75,75,75,75,75,75,75,75,75,75,75,75,75,75,75,75,75,75,75,75,75,75,75,75,75,75,75,75,75,75,75,75,75,75,75,75,75],"card_choices":[{"not_picked":["Fusion","Cold Snap","Beam Cell"],"picked":"SKIP","floor":1},{"not_picked":["Chill","Sunder"],"picked":"Capacitor","floor":2},{"not_picked":["Undo+1","Cold Snap"],"picked":"Skim+1","floor":5},{"not_picked":["Turbo+1","Melter"],"picked":"Coolheaded+1","floor":7},{"not_picked":["Scrape","Reprogram+1"],"picked":"Coolheaded+1","floor":8},{"not_picked":["Beam Cell","Ball Lightning"],"picked":"Gash","floor":12},{"not_picked":["Beam Cell","BootSequence+1"],"picked":"Seek+1","floor":13},{"not_picked":["Multi-Cast+1","Sweeping Beam","Loop"],"picked":"SKIP","floor":14},{"not_picked":["Creative AI","Thunder Strike"],"picked":"All For One","floor":16},{"not_picked":["Steam+1","Coolheaded+1"],"picked":"Chill+1","floor":18},{"not_picked":["Reinforced Body+1","Go for the Eyes"],"picked":"Capacitor+1","floor":20},{"not_picked":["Cold Snap","Ball Lightning","Hologram+1"],"picked":"SKIP","floor":21},{"not_picked":["Go for the Eyes","Loop"],"picked":"Leap+1","floor":22},{"not_picked":["Turbo+1","Consume+1"],"picked":"Gash+1","floor":25},{"not_picked":["Steam Power+1","Scrape+1"],"picked":"Machine Learning","floor":28},{"not_picked":["Steam+1","Hologram+1"],"picked":"Electrodynamics","floor":29},{"not_picked":["Seek+1","Multi-Cast+1"],"picked":"Rainbow+1","floor":33},{"not_picked":["Loop+1","Melter"],"picked":"Steam Power+1","floor":35},{"not_picked":["Loop+1","Leap+1"],"picked":"Barrage+1","floor":38},{"not_picked":["Turbo+1","Sweeping Beam+1"],"picked":"Glacier+1","floor":39},{"not_picked":["Hologram+1","Auto Shields+1"],"picked":"Redo+1","floor":41},{"not_picked":["Sweeping Beam+1","Skim+1"],"picked":"Glacier+1","floor":42},{"not_picked":["Hello World+1","Rebound","Streamline+1"],"picked":"SKIP","floor":44},{"not_picked":["Capacitor+1","Tempest+1"],"picked":"Coolheaded+1","floor":46},{"not_picked":["Leap+1","Self Repair+1"],"picked":"Redo+1","floor":48}],"player_experience":91946,"relics_obtained":[{"floor":4,"key":"Toxic Egg 2"},{"floor":9,"key":"DataDisk"},{"floor":14,"key":"Smiling Mask"},{"floor":26,"key":"Kunai"},{"floor":28,"key":"Calipers"},{"floor":29,"key":"Frozen Egg 2"},{"floor":38,"key":"Letter Opener"},{"floor":41,"key":"War Paint"},{"floor":42,"key":"Sundial"},{"floor":43,"key":"Meat on the Bone"}],"event_choices":[{"cards_removed":["Hello World"],"damage_healed":0,"gold_gain":0,"player_choice":"Card Removal","damage_taken":0,"max_hp_gain":0,"max_hp_loss":0,"event_name":"The Cleric","floor":3,"gold_loss":50},{"damage_healed":0,"gold_gain":0,"player_choice":"1 cards matched","damage_taken":0,"max_hp_gain":0,"max_hp_loss":0,"event_name":"Match and Keep!","floor":27,"gold_loss":0,"cards_obtained":["Rainbow"]},{"damage_healed":0,"gold_gain":0,"player_choice":"Opened","damage_taken":0,"relics_obtained":["Ornamental Fan"],"max_hp_gain":0,"max_hp_loss":0,"event_name":"The Mausoleum","floor":31,"gold_loss":0,"cards_obtained":["Writhe"]},{"damage_healed":0,"gold_gain":0,"player_choice":"Got Potions","damage_taken":0,"max_hp_gain":0,"max_hp_loss":0,"event_name":"Lab","floor":36,"gold_loss":0}],"is_beta":false,"boss_relics":[{"not_picked":["Velvet Choker","Orrery"],"picked":"Sozu"},{"not_picked":["Philosopher\u0027s Stone","Snecko Eye"],"picked":"Cursed Key"}],"items_purged_floors":[11,19,24,37,45],"is_endless":false,"potions_floor_spawned":[2,7,8,13,20,25,33,38,39,41,44,48],"ascension_level":0}