{"gold_per_floor":[14,33,33,52,4,32,57,57,82,144,173,173,173,173,173,339,339,383,437,377,417,417,417,474,518,518,518,552,552,603,20,20,214,214,263,323,370,60,207,207,207,207,207,207,307],"floor_reached":45,"playtime":3228,"items_purged":["Defend_MRS"],"score":486,"play_id":"76002acc-676f-4462-9ad0-f8c2bcdfd875","local_time":"20190108170921","is_ascension_mode":true,"campfire_choices":[{"data":"Robbery","floor":8,"key":"SMITH"},{"floor":13,"key":"REST"},{"floor":15,"key":"REST"},{"data":"ManaRampage","floor":23,"key":"SMITH"},{"data":"StarDustReverie","floor":27,"key":"SMITH"},{"data":"NonDirectionalLaser","floor":32,"key":"SMITH"},{"floor":40,"key":"RECALL"},{"data":"ReplayUltimateDefense","floor":42,"key":"SMITH"},{"floor":44,"key":"DIG"}],"neow_cost":"NO_GOLD","seed_source_timestamp":4812281594323,"circlet_count":0,"master_deck":["Strike_MRS","Strike_MRS","Strike_MRS","Defend_MRS+1","MasterSpark","UpSweep","MagicAbsorber","ShootingEcho","ShootTheMoon","StarBarrage","NonDirectionalLaser+1","PowerUp","Robbery+1","D6C","FairyDestructionRay","ManaRampage+1","PropBag","GrandCross","StarlightTyphoon","GalacticHalo","StarDustReverie+1","WitchOfGreed+1","CollectingQuirk","PowerUp+1","MysteriousBeam","MillisecondPulsars","ReplayUltimateDefense+1","Orbital+1"],"relics":["MiniHakkero","Bandana","Oddly Smooth Stone","Onion Ring","Bloody Idol","Snecko Eye","Centennial Puzzle","Mercury Hourglass","Nilry\u0027s Codex","Happy Flower","SimpleLauncher","Blood Vial","Lantern","ExperimentalFamiliar","ReplayTheSpireMod:Multitool","Molten Egg 2","Pet Ghost","AmplifyWand"],"potions_floor_usage":[10,16,19,24,33,39,39,45,45],"damage_taken":[{"damage":0,"enemies":"2 Louse","floor":1,"turns":2},{"damage":6,"enemies":"Cultist","floor":2,"turns":3},{"damage":0,"enemies":"Jaw Worm","floor":4,"turns":3},{"damage":8,"enemies":"Gremlin Nob","floor":6,"turns":3},{"damage":30,"enemies":"3 Sentries","floor":10,"turns":7},{"damage":0,"enemies":"3 Louse","floor":11,"turns":2},{"damage":21,"enemies":"Slime Boss","floor":16,"turns":7},{"damage":3,"enemies":"Shell Parasite","floor":18,"turns":3},{"damage":0,"enemies":"Chosen","floor":19,"turns":3},{"damage":0,"enemies":"Snecko","floor":21,"turns":2},{"damage":3,"enemies":"Shelled Parasite and Fungi","floor":24,"turns":4},{"damage":11,"enemies":"Book of Stabbing","floor":25,"turns":4},{"damage":0,"enemies":"3 Cultists","floor":28,"turns":3},{"damage":11,"enemies":"Automaton","floor":33,"turns":8},{"damage":0,"enemies":"3 Darklings","floor":35,"turns":1},{"damage":0,"enemies":"Orb Walker","floor":36,"turns":2},{"damage":0,"enemies":"Maw","floor":37,"turns":5},{"damage":0,"enemies":"Mind Bloom Boss Battle","floor":39,"turns":2},{"damage":60,"enemies":"Transient","floor":45,"turns":5}],"seed_played":"5520737604060402391","potions_obtained":[{"floor":1,"key":"Block Potion"},{"floor":2,"key":"Block Potion"},{"floor":4,"key":"Strength Potion"},{"floor":10,"key":"Milkshake"},{"floor":19,"key":"ShroomBrew"},{"floor":24,"key":"Swift Potion"},{"floor":33,"key":"Elixir"},{"floor":33,"key":"Poison Potion"},{"floor":37,"key":"Explosive Potion"},{"floor":39,"key":"Energy Potion"},{"floor":39,"key":"Dexterity Potion"}],"is_trial":false,"path_per_floor":["M","M","?","M","$","E","T","R","T","E","M","?","R","?","R","B",null,"M","M","?","M","?","R","M","E","T","R","M","?","T","$","R","B",null,"M","M","M","$","?","R","?","R","T","R","M"],"character_chosen":"MARISA","items_purchased":["PowerUp","SimpleLauncher","Blood Vial","Lantern","MillisecondPulsars","ReplayUltimateDefense"],"campfire_rested":2,"item_purchase_floors":[5,31,31,31,38,38],"current_hp_per_floor":[75,69,69,69,69,61,61,61,61,31,31,16,38,38,58,37,69,66,66,66,66,66,66,68,62,62,62,69,53,58,58,58,54,69,69,69,69,69,69,69,69,69,69,69,14],"gold":307,"neow_bonus":"TRANSFORM_TWO_CARDS","is_prod":false,"is_daily":false,"chose_seed":false,"campfire_upgraded":5,"win_rate":0,"timestamp":1546974561,"path_taken":["M","M","?","M","?","E","?","R","T","E","M","?","R","?","R","BOSS","M","M","?","M","?","R","M","E","T","R","M","?","?","$","R","BOSS","M","M","M","$","?","R","?","R","T","R","M"],"build_version":"2019-01-03v4","purchased_purges":1,"victory":false,"max_hp_per_floor":[75,75,75,75,75,75,75,75,75,75,75,75,75,69,69,69,69,69,69,69,69,69,69,69,69,69,69,69,69,69,69,69,69,69,69,69,69,69,69,69,69,69,69,69,69],"card_choices":[{"not_picked":["D6C","OpenUniverse"],"picked":"ShootTheMoon","floor":1},{"not_picked":["Singularity","WitchOfGreed"],"picked":"StarBarrage","floor":2},{"not_picked":["DoubleSpark","DarkSpark"],"picked":"NonDirectionalLaser","floor":4},{"not_picked":["UnstableBomb","OpenUniverse"],"picked":"Robbery","floor":6},{"not_picked":["PulseMagic","SprinkleStarSeal"],"picked":"D6C","floor":10},{"not_picked":["D6C","ManaConvection"],"picked":"FairyDestructionRay","floor":11},{"not_picked":["AbsoluteMagnitude","EscapeVelocity"],"picked":"ManaRampage","floor":16},{"not_picked":["6A","D6C"],"picked":"PropBag","floor":18},{"not_picked":["SporeBomb","AsteroidBelt"],"picked":"GrandCross","floor":19},{"not_picked":["GrandCross+1","NonDirectionalLaser"],"picked":"StarlightTyphoon","floor":21},{"not_picked":["OrrerysSun","DragonMeteor"],"picked":"GalacticHalo","floor":24},{"not_picked":["RefractionSpark+1","LuminesStrike"],"picked":"StarDustReverie","floor":25},{"not_picked":["DarkMatter","LuminesStrike+1"],"picked":"WitchOfGreed+1","floor":28},{"not_picked":["ManaRampage","StarDustReverie"],"picked":"CollectingQuirk","floor":33},{"not_picked":["GasGiant","MagicChant","SporeBomb"],"picked":"SKIP","floor":35},{"not_picked":["MilkyWay","GrandCross+1"],"picked":"PowerUp+1","floor":36},{"not_picked":["DoubleSpark+1","LuminesStrike+1"],"picked":"MysteriousBeam","floor":37},{"not_picked":["SprinkleStarSeal+1","LuminesStrike"],"picked":"Orbital+1","floor":39}],"player_experience":710895,"relics_obtained":[{"floor":6,"key":"Bandana"},{"floor":7,"key":"Oddly Smooth Stone"},{"floor":10,"key":"Onion Ring"},{"floor":25,"key":"Centennial Puzzle"},{"floor":26,"key":"Mercury Hourglass"},{"floor":29,"key":"Nilry\u0027s Codex"},{"floor":30,"key":"Happy Flower"},{"floor":39,"key":"ReplayTheSpireMod:Multitool"},{"floor":43,"key":"Molten Egg 2"},{"floor":44,"key":"Pet Ghost"}],"event_choices":[{"damage_healed":0,"gold_gain":0,"player_choice":"Entered Light","damage_taken":15,"max_hp_gain":0,"max_hp_loss":0,"event_name":"Shining Light","floor":12,"gold_loss":0,"cards_upgraded":["Defend_MRS","Defend_MRS"]},{"damage_healed":0,"gold_gain":0,"player_choice":"Lose Max HP","damage_taken":0,"relics_obtained":["Golden Idol"],"max_hp_gain":0,"max_hp_loss":6,"event_name":"Golden Idol","floor":14,"gold_loss":0},{"damage_healed":0,"gold_gain":0,"player_choice":"Gave Idol","damage_taken":0,"relics_obtained":["Bloody Idol"],"max_hp_gain":0,"max_hp_loss":0,"event_name":"Forgotten Altar","floor":22,"relics_lost":["Golden Idol"],"gold_loss":0},{"damage_healed":0,"gold_gain":0,"player_choice":"Obtained Book","damage_taken":16,"max_hp_gain":0,"max_hp_loss":0,"event_name":"Cursed Tome","floor":29,"gold_loss":0},{"damage_healed":0,"gold_gain":0,"player_choice":"Fight","damage_taken":0,"max_hp_gain":0,"max_hp_loss":0,"event_name":"MindBloom","floor":39,"gold_loss":0},{"cards_removed":["Defend_MRS"],"damage_healed":0,"gold_gain":0,"player_choice":"Removed Skill","damage_taken":0,"max_hp_gain":0,"max_hp_loss":0,"event_name":"Falling","floor":41,"gold_loss":0}],"is_beta":false,"boss_relics":[{"not_picked":["Black Star","Calling Bell"],"picked":"Snecko Eye"},{"not_picked":["Replay_Grab Bag","Tiny House"],"picked":"ExperimentalFamiliar"}],"items_purged_floors":[31],"is_endless":false,"potions_floor_spawned":[1,2,4,10,19,24,33,35,37,39],"killed_by":"Transient","ascension_level":1}