{"gold_per_floor":[115,115,115,4,81,113,128,128,128,157,174,191,191,209,209,309,309,325,407,417,429,16,16,47,47,47,0,0,0,0,14,14,14],"floor_reached":33,"playtime":1313,"items_purged":["Strike_B","Defend_B"],"score":323,"play_id":"f0e16032-1cb8-4a57-86d8-07d2e3a6024d","local_time":"20190307225108","is_ascension_mode":false,"campfire_choices":[{"data":"Go for the Eyes","floor":8,"key":"SMITH"},{"data":"Hologram","floor":15,"key":"SMITH"},{"data":"Hologram","floor":23,"key":"SMITH"},{"data":"Trip","floor":25,"key":"SMITH"},{"data":"Gash","floor":30,"key":"SMITH"},{"data":"Leap","floor":32,"key":"SMITH"}],"neow_cost":"NONE","seed_source_timestamp":204373072395304,"circlet_count":0,"master_deck":["Defend_B","Defend_B","Defend_B","Zap","Dualcast","Leap+1","Skim","Sunder","Go for the Eyes+1","Melter","Gash+1","Hologram+1","Conserve Battery+1","Leap","Aggregate+1","Hologram+1","Trip+1","Glacier","Leap+1","Dramatic Entrance+1"],"relics":["Cracked Core","NeowsBlessing","Mercury Hourglass","Bird Faced Urn","Bottled Flame","Letter Opener","Empty Cage","Darkstone Periapt","Membership Card","Vajra","Strawberry","Molten Egg 2"],"potions_floor_usage":[16],"damage_taken":[{"damage":0,"enemies":"Small Slimes","floor":1,"turns":1},{"damage":0,"enemies":"3 Sentries","floor":6,"turns":1},{"damage":0,"enemies":"Jaw Worm","floor":7,"turns":1},{"damage":15,"enemies":"Lagavulin","floor":10,"turns":8},{"damage":0,"enemies":"2 Louse","floor":11,"turns":2},{"damage":0,"enemies":"Red Slaver","floor":12,"turns":3},{"damage":9,"enemies":"Blue Slaver","floor":14,"turns":2},{"damage":16,"enemies":"The Guardian","floor":16,"turns":12},{"damage":9,"enemies":"Shell Parasite","floor":18,"turns":6},{"damage":13,"enemies":"2 Thieves","floor":20,"turns":4},{"damage":7,"enemies":"3 Cultists","floor":21,"turns":5},{"damage":35,"enemies":"Slavers","floor":24,"turns":5},{"damage":0,"enemies":"Snake Plant","floor":31,"turns":4},{"damage":6,"enemies":"Champ","floor":33,"turns":3}],"seed_played":"-4202514254413697592","potions_obtained":[{"floor":10,"key":"PowerPotion"},{"floor":11,"key":"Energy Potion"},{"floor":12,"key":"Fire Potion"},{"floor":18,"key":"Block Potion"}],"is_trial":false,"path_per_floor":["M","?","?","$","T","E","M","R","T","E","M","M","?","M","R","B",null,"M","T","M","M","$","R","E","R","T","$","?","?","R","M","R","B"],"character_chosen":"DEFECT","items_purchased":["Skim","Membership Card","Hologram","Trip","Glacier","Vajra","Dramatic Entrance+1"],"campfire_rested":0,"item_purchase_floors":[4,22,22,22,22,22,27],"current_hp_per_floor":[75,75,80,80,80,80,80,80,80,65,65,65,65,56,56,40,80,71,71,58,51,51,51,23,23,23,23,6,6,6,6,6,0],"gold":14,"neow_bonus":"THREE_ENEMY_KILL","is_prod":false,"is_daily":false,"chose_seed":false,"campfire_upgraded":6,"win_rate":0,"timestamp":1551995468,"path_taken":["M","?","?","$","?","E","M","R","T","E","M","M","?","M","R","BOSS","M","?","M","M","$","R","E","R","T","$","?","?","R","M","R","BOSS"],"build_version":"2019-01-23","purchased_purges":2,"victory":false,"max_hp_per_floor":[75,75,80,80,80,80,80,80,80,80,80,80,80,80,80,80,80,80,80,80,80,80,80,87,87,87,87,92,92,92,92,92,92],"card_choices":[{"not_picked":["Compile Driver","Static Discharge"],"picked":"Leap","floor":1},{"not_picked":["Rebound","Barrage"],"picked":"Sunder","floor":6},{"not_picked":["Leap","Rebound"],"picked":"Go for the Eyes","floor":7},{"not_picked":["Biased Cognition","Core Surge","Chaos"],"picked":"SKIP","floor":10},{"not_picked":["Consume","Reprogram"],"picked":"Melter","floor":11},{"not_picked":["Barrage","Rebound"],"picked":"Gash","floor":12},{"not_picked":["Streamline","Defragment"],"picked":"Hologram","floor":14},{"not_picked":["Turbo+1","Chaos+1"],"picked":"Conserve Battery+1","floor":18},{"not_picked":["Lockon+1","Rebound"],"picked":"Leap","floor":20},{"not_picked":["Go for the Eyes","Defragment"],"picked":"Aggregate+1","floor":21},{"not_picked":["Glacier","Beam Cell"],"picked":"Leap+1","floor":24},{"not_picked":["Darkness+1","Stack","Storm"],"picked":"SKIP","floor":31}],"player_experience":102219,"relics_obtained":[{"floor":5,"key":"Mercury Hourglass"},{"floor":6,"key":"Bird Faced Urn"},{"floor":9,"key":"Bottled Flame"},{"floor":10,"key":"Letter Opener"},{"floor":19,"key":"Darkstone Periapt"},{"floor":24,"key":"Strawberry"},{"floor":26,"key":"Molten Egg 2"}],"event_choices":[{"cards_removed":["Strike_B"],"damage_healed":0,"gold_gain":0,"player_choice":"Forget","damage_taken":0,"max_hp_gain":0,"max_hp_loss":0,"event_name":"Living Wall","floor":2,"gold_loss":0},{"damage_healed":0,"gold_gain":0,"player_choice":"Donut","damage_taken":0,"max_hp_gain":5,"max_hp_loss":0,"event_name":"Big Fish","floor":3,"gold_loss":0},{"damage_healed":0,"gold_gain":0,"player_choice":"Got Potions","damage_taken":0,"max_hp_gain":0,"max_hp_loss":0,"event_name":"Lab","floor":13,"gold_loss":0},{"damage_healed":0,"gold_gain":0,"player_choice":"Shed Blood","damage_taken":22,"max_hp_gain":5,"max_hp_loss":0,"event_name":"Forgotten Altar","floor":28,"gold_loss":0},{"damage_healed":0,"gold_gain":0,"player_choice":"Ignored","damage_taken":0,"max_hp_gain":0,"max_hp_loss":0,"event_name":"Vampires","floor":29,"gold_loss":0}],"is_beta":false,"boss_relics":[{"not_picked":["Pandora\u0027s Box","Snecko Eye"],"picked":"Empty Cage"}],"items_purged_floors":[4,22],"is_endless":false,"potions_floor_spawned":[10,11,12,14,18,20,31],"killed_by":"Champ","ascension_level":0}