{"gold_per_floor":[111,286,296,14,29,62,78,78,78,98,132,48,48,59,59,161,161,178,178,189,189,205,230,230,230],"floor_reached":25,"playtime":1420,"items_purged":["Doubt"],"score":295,"play_id":"2e41ffe4-ea30-4a11-a4cf-7c734faf44d1","local_time":"20190311144524","is_ascension_mode":true,"campfire_choices":[{"data":"Fiend Fire","floor":15,"key":"SMITH"},{"data":"Shockwave","floor":24,"key":"SMITH"}],"neow_cost":"NONE","seed_source_timestamp":159991460129150,"circlet_count":0,"master_deck":["Strike_R","Strike_R","Strike_R","Strike_R","Defend_R","Defend_R","Defend_R","Defend_R","Bash","Shrug It Off","Shockwave+1","Shrug It Off","Sword Boomerang","Clothesline","Fiend Fire+1","Headbutt","Feel No Pain","Battle Trance","Havoc","Exhume","Armaments+1","Limit Break"],"relics":["Burning Blood","Vajra","Strawberry","Dream Catcher","The Courier","Nloth\u0027s Gift","Bottled Tornado"],"potions_floor_usage":[3,16,18,22,23,23,23,23,23,23],"damage_taken":[{"damage":3,"enemies":"Jaw Worm","floor":1,"turns":5},{"damage":0,"enemies":"Small Slimes","floor":3,"turns":5},{"damage":1,"enemies":"2 Louse","floor":5,"turns":3},{"damage":30,"enemies":"Gremlin Nob","floor":6,"turns":5},{"damage":13,"enemies":"Exordium Wildlife","floor":7,"turns":7},{"damage":6,"enemies":"Lots of Slimes","floor":10,"turns":5},{"damage":22,"enemies":"Lagavulin","floor":11,"turns":8},{"damage":3,"enemies":"Gremlin Gang","floor":14,"turns":5},{"damage":14,"enemies":"Slime Boss","floor":16,"turns":7},{"damage":28,"enemies":"2 Thieves","floor":18,"turns":4},{"damage":8,"enemies":"Chosen","floor":20,"turns":5},{"damage":4,"enemies":"Shelled Parasite and Fungi","floor":22,"turns":3},{"damage":37,"enemies":"Gremlin Leader","floor":23,"turns":6},{"damage":71,"enemies":"Slavers","floor":25,"turns":7}],"seed_played":"1991345260996829884","potions_obtained":[{"floor":3,"key":"Fruit Juice"},{"floor":6,"key":"Block Potion"},{"floor":14,"key":"SpeedPotion"},{"floor":16,"key":"Fruit Juice"},{"floor":20,"key":"Explosive Potion"},{"floor":21,"key":"LiquidBronze"},{"floor":21,"key":"EntropicBrew"},{"floor":22,"key":"SneckoOil"}],"is_trial":false,"path_per_floor":["M","?","M","$","M","E","M","?","T","M","E","$","?","M","R","B",null,"M","?","M","?","M","E","R","E"],"character_chosen":"IRONCLAD","items_purchased":["Vajra","Shrug It Off","Feel No Pain","Battle Trance"],"campfire_rested":0,"item_purchase_floors":[4,4,12,12],"current_hp_per_floor":[88,88,93,93,93,76,69,62,62,62,46,46,51,54,54,46,105,88,88,86,86,88,71,71,0],"gold":230,"neow_bonus":"TEN_PERCENT_HP_BONUS","is_prod":false,"is_daily":false,"chose_seed":false,"campfire_upgraded":2,"win_rate":0,"timestamp":1552311924,"path_taken":["M","?","M","$","M","E","M","?","T","M","E","$","?","M","R","BOSS","M","?","?","?","?","E","R","E"],"build_version":"2019-01-23","purchased_purges":1,"victory":false,"max_hp_per_floor":[88,88,93,93,93,100,100,100,100,100,100,100,105,105,105,105,105,110,110,110,110,110,110,110,110],"card_choices":[{"not_picked":["Iron Wave","Heavy Blade"],"picked":"Shrug It Off","floor":1},{"not_picked":["Burning Pact","Carnage"],"picked":"Shockwave","floor":3},{"not_picked":["Rupture","Second Wind"],"picked":"Sword Boomerang","floor":5},{"not_picked":["Warcry","Clash","Burning Pact"],"picked":"SKIP","floor":6},{"not_picked":["Anger","Second Wind"],"picked":"Clothesline","floor":7},{"not_picked":["Flex","Headbutt"],"picked":"Fiend Fire","floor":10},{"not_picked":["Perfected Strike","Iron Wave"],"picked":"Headbutt","floor":11},{"not_picked":["Clash","Heavy Blade"],"picked":"Havoc","floor":14},{"not_picked":["Fiend Fire","Impervious"],"picked":"Exhume","floor":16},{"not_picked":["Pummel","Cleave"],"picked":"Armaments+1","floor":18},{"not_picked":["Headbutt","Iron Wave","Rupture+1"],"picked":"SKIP","floor":20},{"not_picked":["Inflame+1","Dropkick"],"picked":"Limit Break","floor":22},{"not_picked":["Bludgeon","Shrug It Off","Seeing Red"],"picked":"SKIP","floor":23}],"player_experience":171135,"relics_obtained":[{"floor":6,"key":"Strawberry"},{"floor":9,"key":"Dream Catcher"},{"floor":11,"key":"The Courier"},{"floor":23,"key":"Bottled Tornado"}],"event_choices":[{"damage_healed":0,"gold_gain":175,"player_choice":"AGREE","damage_taken":0,"max_hp_gain":0,"max_hp_loss":0,"event_name":"Liars Game","floor":2,"gold_loss":0,"cards_obtained":["Doubt"]},{"cards_removed":["Strike_R"],"damage_healed":0,"gold_gain":0,"player_choice":"Card Removal","damage_taken":7,"max_hp_gain":0,"max_hp_loss":0,"event_name":"Golden Wing","floor":8,"gold_loss":0},{"damage_healed":0,"gold_gain":0,"player_choice":"Donut","damage_taken":0,"max_hp_gain":5,"max_hp_loss":0,"event_name":"Big Fish","floor":13,"gold_loss":0},{"damage_healed":0,"gold_gain":0,"player_choice":"Traded Relic","damage_taken":0,"relics_obtained":["Nloth\u0027s Gift"],"max_hp_gain":0,"max_hp_loss":0,"event_name":"N\u0027loth","floor":19,"relics_lost":["Eternal Feather"],"gold_loss":0},{"damage_healed":0,"gold_gain":0,"player_choice":"Got Potions","damage_taken":0,"max_hp_gain":0,"max_hp_loss":0,"event_name":"Lab","floor":21,"gold_loss":0}],"is_beta":false,"boss_relics":[{"not_picked":["Runic Cube","Tiny House"],"picked":"Eternal Feather"}],"items_purged_floors":[4],"is_endless":false,"potions_floor_spawned":[3,6,14,16,20,22],"killed_by":"Slavers","ascension_level":1}