{"gold_per_floor":[109,109,127,127,202,202,283,326,326,349,368,386,386,399,399,522,522,546,546,564,479,511,523,569,599,689,701,726,752,764],"floor_reached":30,"playtime":1058,"items_purged":[],"score":368,"play_id":"123fe173-2e74-4760-84cf-36ce0002cd6c","local_time":"20190123175206","is_ascension_mode":true,"campfire_choices":[{"floor":6,"key":"REST"},{"floor":13,"key":"REST"},{"data":"Chaos","floor":15,"key":"SMITH"},{"data":"Darkness","floor":23,"key":"SMITH"}],"neow_cost":"NONE","seed_source_timestamp":381045979005570,"circlet_count":0,"master_deck":["Strike_B","Strike_B+1","Strike_B","Defend_B","Defend_B","Defend_B+1","Defend_B","Zap","Dualcast","Chaos+1","Ball Lightning","Cold Snap","Ball Lightning","Sunder","Ball Lightning","Fusion","Ball Lightning","Echo Form","Self Repair","Darkness+1","Beam Cell","Defragment","Ball Lightning","Darkness","Cold Snap"],"relics":["Cracked Core","Golden Idol","Art of War","Meat on the Bone","Thread and Needle","Sozu","MutagenicStrength","MawBank","Bag of Preparation","Sundial"],"potions_floor_usage":[7,14,24,24,28],"damage_taken":[{"damage":1,"enemies":"Cultist","floor":1,"turns":3},{"damage":9,"enemies":"Small Slimes","floor":3,"turns":3},{"damage":6,"enemies":"3 Sentries","floor":7,"turns":7},{"damage":3,"enemies":"Gremlin Nob","floor":8,"turns":3},{"damage":0,"enemies":"2 Louse","floor":10,"turns":2},{"damage":0,"enemies":"2 Fungi Beasts","floor":11,"turns":2},{"damage":8,"enemies":"Exordium Wildlife","floor":12,"turns":3},{"damage":7,"enemies":"Lots of Slimes","floor":14,"turns":2},{"damage":46,"enemies":"Hexaghost","floor":16,"turns":8},{"damage":0,"enemies":"Spheric Guardian","floor":18,"turns":2},{"damage":14,"enemies":"2 Thieves","floor":20,"turns":3},{"damage":17,"enemies":"Centurion and Healer","floor":22,"turns":5},{"damage":21,"enemies":"Gremlin Leader","floor":24,"turns":6},{"damage":46,"enemies":"Shelled Parasite and Fungi","floor":25,"turns":6},{"damage":12,"enemies":"Chosen and Byrds","floor":28,"turns":5},{"damage":13,"enemies":"Snake Plant","floor":29,"turns":4},{"damage":14,"enemies":"Shelled Parasite and Fungi","floor":30,"turns":2}],"seed_played":"5987913348508041737","potions_obtained":[{"floor":3,"key":"Regen Potion"},{"floor":7,"key":"Fire Potion"},{"floor":11,"key":"GamblersBrew"},{"floor":12,"key":"Energy Potion"},{"floor":16,"key":"Block Potion"}],"is_trial":false,"path_per_floor":["M","?","M","?","?","R","?","E","T","M","M","M","R","M","R","B",null,"M","?","M","?","M","R","E","M","T","?","M","M","M"],"character_chosen":"DEFECT","items_purchased":[],"campfire_rested":2,"item_purchase_floors":[],"current_hp_per_floor":[67,52,43,25,14,36,45,42,42,42,42,46,68,61,61,27,63,63,63,49,49,51,51,49,15,15,15,15,14,0],"gold":764,"neow_bonus":"TRANSFORM_CARD","is_prod":false,"is_daily":false,"chose_seed":false,"campfire_upgraded":2,"win_rate":0,"timestamp":1548301926,"path_taken":["M","?","M","?","?","R","?","E","T","M","M","?","R","?","R","BOSS","M","?","M","?","M","R","E","M","T","?","M","M","M"],"build_version":"2019-01-23","purchased_purges":0,"victory":false,"max_hp_per_floor":[75,75,75,75,75,75,75,75,75,75,75,75,75,75,75,75,75,75,75,75,75,75,75,75,75,75,75,75,75,75],"card_choices":[{"not_picked":["Beam Cell","Compile Driver"],"picked":"Ball Lightning","floor":1},{"not_picked":["Steam","Go for the Eyes"],"picked":"Cold Snap","floor":3},{"not_picked":["Stack","Turbo"],"picked":"Ball Lightning","floor":7},{"not_picked":["Rebound","Conserve Battery"],"picked":"Sunder","floor":8},{"not_picked":["Barrage","Go for the Eyes"],"picked":"Ball Lightning","floor":10},{"not_picked":["Aggregate","Self Repair"],"picked":"Fusion","floor":11},{"not_picked":["Doom and Gloom","Conserve Battery"],"picked":"Ball Lightning","floor":12},{"not_picked":["Go for the Eyes","Turbo"],"picked":"Doom and Gloom","floor":14},{"not_picked":["Buffer","Core Surge"],"picked":"Echo Form","floor":16},{"not_picked":["Beam Cell","Sunder"],"picked":"Self Repair","floor":18},{"not_picked":["Cold Snap+1","Conserve Battery"],"picked":"Darkness","floor":20},{"not_picked":["Gash+1","Machine Learning"],"picked":"Beam Cell","floor":22},{"not_picked":["Gash","Stack"],"picked":"Defragment","floor":24},{"not_picked":["Leap","Recycle+1"],"picked":"Ball Lightning","floor":25},{"not_picked":["Doom and Gloom+1","Conserve Battery"],"picked":"Cold Snap","floor":28},{"not_picked":["Steam Power","Streamline","Doom and Gloom+1"],"picked":"SKIP","floor":29}],"player_experience":345834,"relics_obtained":[{"floor":8,"key":"Meat on the Bone"},{"floor":9,"key":"Thread and Needle"},{"floor":24,"key":"Bag of Preparation"},{"floor":26,"key":"Sundial"}],"event_choices":[{"damage_healed":0,"gold_gain":0,"player_choice":"Entered Light","damage_taken":15,"max_hp_gain":0,"max_hp_loss":0,"event_name":"Shining Light","floor":2,"gold_loss":0,"cards_upgraded":["Defend_B","Strike_B"]},{"damage_healed":0,"gold_gain":0,"player_choice":"Take Damage","damage_taken":18,"relics_obtained":["Golden Idol"],"max_hp_gain":0,"max_hp_loss":0,"event_name":"Golden Idol","floor":4,"gold_loss":0},{"damage_healed":0,"gold_gain":75,"player_choice":"Gather Gold","damage_taken":11,"max_hp_gain":0,"max_hp_loss":0,"event_name":"World of Goop","floor":5,"gold_loss":0},{"damage_healed":0,"gold_gain":0,"player_choice":"Searched \u00272\u0027 times","damage_taken":0,"relics_obtained":["Art of War"],"max_hp_gain":0,"max_hp_loss":0,"event_name":"Dead Adventurer","floor":7,"gold_loss":0},{"damage_healed":0,"gold_gain":0,"player_choice":"Inject Mutagens","damage_taken":0,"relics_obtained":["MutagenicStrength"],"max_hp_gain":0,"max_hp_loss":0,"event_name":"Drug Dealer","floor":19,"gold_loss":0},{"damage_healed":0,"gold_gain":0,"player_choice":"Obtained Relic","damage_taken":0,"relics_obtained":["MawBank"],"max_hp_gain":0,"max_hp_loss":0,"event_name":"Addict","floor":21,"gold_loss":85},{"damage_healed":0,"gold_gain":0,"cards_transformed":["Doom and Gloom"],"player_choice":"Transformed","damage_taken":0,"max_hp_gain":0,"max_hp_loss":0,"event_name":"Transmorgrifier","floor":27,"gold_loss":0,"cards_obtained":["Darkness"]}],"is_beta":false,"boss_relics":[{"not_picked":["Lizard Tail","Fusion Hammer"],"picked":"Sozu"}],"items_purged_floors":[],"is_endless":false,"potions_floor_spawned":[3,7,11,12,16,20,24,28,29],"killed_by":"Shelled Parasite and Fungi","ascension_level":7}