{"gold_per_floor":[362,380,0,0,18,18,32,32,32,32,49,64,77,109,109,211,211,226,241,258,4,0,0,0,31,121,144,174,186,198],"floor_reached":30,"playtime":1344,"items_purged":["Doubt"],"score":279,"play_id":"c32358da-ded6-4728-8071-cdac5609416d","local_time":"20190107232932","is_ascension_mode":false,"campfire_choices":[{"data":"6A","floor":6,"key":"SMITH"},{"data":"MasterSpark","floor":8,"key":"SMITH"},{"data":"StarlightTyphoon","floor":15,"key":"SMITH"},{"data":"ReplayTheSpireMod:Necrogeddon","floor":23,"key":"SMITH"}],"neow_cost":"CURSE","seed_source_timestamp":18190034645216,"circlet_count":0,"master_deck":["Strike_MRS","Strike_MRS","Strike_MRS","Strike_MRS","Defend_MRS","Defend_MRS","Defend_MRS","Defend_MRS","MasterSpark+1","UpSweep","PulseMagic","6A+1","D6C+1","Steam","Cloak And Dagger","GalacticHalo","StarlightTyphoon+1","Cloak And Dagger","ReplayTheSpireMod:Necrogeddon+1","Blade Dance+1","DarkMatter","Whirlwind","TreasureHunter","SporeBomb","Hologram"],"relics":["EnhancedHakkero","PrismaticShard","Bronze Scales","Pantograph","Potion Belt","MawBank","ReplayTheSpireMod:Bottled Steam","Matryoshka"],"potions_floor_usage":[14,16,27],"damage_taken":[{"damage":0,"enemies":"Cultist","floor":1,"turns":4},{"damage":0,"enemies":"Small Slimes","floor":2,"turns":3},{"damage":0,"enemies":"Jaw Worm","floor":5,"turns":1},{"damage":0,"enemies":"3 Louse","floor":7,"turns":3},{"damage":2,"enemies":"Large Slime","floor":11,"turns":3},{"damage":6,"enemies":"Exordium Thugs","floor":12,"turns":3},{"damage":14,"enemies":"Blue Slaver","floor":13,"turns":3},{"damage":0,"enemies":"Gremlin Nob","floor":14,"turns":2},{"damage":20,"enemies":"Slime Boss","floor":16,"turns":11},{"damage":0,"enemies":"Shell Parasite","floor":18,"turns":6},{"damage":11,"enemies":"3 Byrds","floor":19,"turns":3},{"damage":15,"enemies":"Centurion and Healer","floor":20,"turns":5},{"damage":45,"enemies":"Slavers","floor":25,"turns":8},{"damage":8,"enemies":"Sentry and Sphere","floor":27,"turns":5},{"damage":14,"enemies":"Snake Plant","floor":28,"turns":3},{"damage":0,"enemies":"3 Cultists","floor":30,"turns":1}],"seed_played":"-4568348739916356559","potions_obtained":[{"floor":2,"key":"GamblersBrew"},{"floor":5,"key":"Strength Potion"},{"floor":7,"key":"SpeedPotion"},{"floor":14,"key":"Dexterity Potion"},{"floor":27,"key":"Elixir"},{"floor":28,"key":"PowerPotion"},{"floor":29,"key":"GamblersBrew"},{"floor":29,"key":"Toxic Potion"},{"floor":29,"key":"Elixir"}],"is_trial":false,"path_per_floor":["M","M","$","?","M","R","M","R","T","?","M","M","M","E","R","B",null,"M","M","M","$","?","R","?","E","T","M","M","?","M"],"character_chosen":"MARISA","items_purchased":["PrismaticShard","D6C+1","Bronze Scales","TreasureHunter","SporeBomb"],"campfire_rested":0,"item_purchase_floors":[3,3,3,21,21],"current_hp_per_floor":[75,75,75,75,75,75,75,75,75,75,73,67,53,53,53,55,75,75,64,49,49,49,49,74,29,29,21,7,7,7],"gold":198,"neow_bonus":"TWO_FIFTY_GOLD","is_prod":false,"is_daily":false,"chose_seed":false,"campfire_upgraded":4,"win_rate":0,"timestamp":1546910972,"path_taken":["M","M","$","?","M","R","?","R","T","?","M","M","M","E","R","BOSS","M","M","M","$","?","R","?","E","T","M","M","?","M"],"build_version":"2019-01-03v4","purchased_purges":1,"victory":false,"max_hp_per_floor":[75,75,75,75,75,75,75,75,75,75,75,75,75,75,75,75,75,75,75,75,75,75,75,75,75,75,75,75,75,75],"card_choices":[{"not_picked":["WitchLeyline","GalacticHalo"],"picked":"PulseMagic","floor":1},{"not_picked":["DoubleSpark","DarkMatter"],"picked":"6A","floor":2},{"not_picked":["UnstableBomb","Underhanded Strike"],"picked":"Steam","floor":5},{"not_picked":["Perfected Strike","Redo","ManaConvection"],"picked":"SKIP","floor":7},{"not_picked":["Massacre","Twin Strike"],"picked":"Cloak And Dagger","floor":11},{"not_picked":["Panacea","Corruption"],"picked":"GalacticHalo","floor":12},{"not_picked":["Tempest","Replay:Undeath\u0027s Touch"],"picked":"StarlightTyphoon","floor":13},{"not_picked":["Glacier","Replay:Undeath\u0027s Touch"],"picked":"Cloak And Dagger","floor":14},{"not_picked":["FinalSpark","Doppelganger"],"picked":"ReplayTheSpireMod:Necrogeddon","floor":16},{"not_picked":["Defragment","WitchOfGreed+1"],"picked":"Blade Dance+1","floor":18},{"not_picked":["Discovery+1","Run Through"],"picked":"DarkMatter","floor":19},{"not_picked":["Dodge and Roll","Deflect"],"picked":"Whirlwind","floor":20},{"not_picked":["Replay:Poison Smokescreen","Reprogram","Rupture"],"picked":"SKIP","floor":25},{"not_picked":["Forethought","Clash"],"picked":"Hologram","floor":27},{"not_picked":["Dagger Throw","Wild Strike","Dagger Throw"],"picked":"SKIP","floor":28}],"player_experience":704427,"relics_obtained":[{"floor":14,"key":"Potion Belt"},{"floor":25,"key":"MawBank"},{"floor":25,"key":"ReplayTheSpireMod:Bottled Steam"},{"floor":26,"key":"Matryoshka"}],"event_choices":[{"damage_healed":0,"gold_gain":0,"player_choice":"Gave Potion","damage_taken":0,"relics_obtained":["Pantograph"],"max_hp_gain":0,"max_hp_loss":0,"event_name":"WeMeetAgain","floor":4,"gold_loss":0},{"damage_healed":0,"gold_gain":0,"player_choice":"Ignored","damage_taken":0,"max_hp_gain":0,"max_hp_loss":0,"event_name":"Liars Game","floor":10,"gold_loss":0},{"damage_healed":0,"gold_gain":0,"player_choice":"Paid Fearfully","damage_taken":0,"max_hp_gain":0,"max_hp_loss":0,"event_name":"Masked Bandits","floor":22,"gold_loss":4},{"damage_healed":25,"gold_gain":0,"player_choice":"Heal","damage_taken":0,"max_hp_gain":0,"max_hp_loss":0,"event_name":"The Library","floor":24,"gold_loss":0},{"damage_healed":0,"gold_gain":0,"player_choice":"Got Potions","damage_taken":0,"max_hp_gain":0,"max_hp_loss":0,"event_name":"Lab","floor":29,"gold_loss":0}],"is_beta":false,"boss_relics":[{"not_picked":["RampagingMagicTools","Lizard Tail"],"picked":"EnhancedHakkero"}],"items_purged_floors":[21],"is_endless":false,"potions_floor_spawned":[2,5,7,14,27,28],"killed_by":"3 Cultists","ascension_level":0}