{"gold_per_floor":[112,131,146,146,146,146,160,160,160,171,183,197,87,115,115,211,211,221,74,74,86,101,101,111,124,124,124,48,48,48,60,60,60],"floor_reached":33,"playtime":1052,"items_purged":["Strike_R"],"score":276,"play_id":"2c55dcc3-dae4-40d8-b683-c6a209ce9cd4","local_time":"20190304155638","is_ascension_mode":false,"campfire_choices":[{"data":"Bash","floor":6,"key":"SMITH"},{"data":"Pommel Strike","floor":15,"key":"SMITH"},{"floor":23,"key":"REST"},{"floor":27,"key":"REST"},{"floor":29,"key":"REST"},{"data":"Barricade","floor":32,"key":"SMITH"}],"neow_cost":"NONE","seed_source_timestamp":1455580159529218,"circlet_count":0,"master_deck":["Strike_R+1","Strike_R+1","Strike_R+1","Defend_R","Defend_R","Defend_R","Defend_R","Bash+1","Power Through","Headbutt","Pommel Strike+1","Flex","Havoc+1","Searing Blow+1","Barricade+1","Shame","Armaments+1","Ghostly+1","Ghostly+1","Ghostly+1","Ghostly+1","Ghostly+1"],"relics":["Busted Crown","Turnip","Toxic Egg 2","Kunai","Runic Cube","Whetstone","Strawberry","Bottled Lightning"],"potions_floor_usage":[14,16,16,22],"damage_taken":[{"damage":6,"enemies":"Cultist","floor":1,"turns":3},{"damage":0,"enemies":"Small Slimes","floor":2,"turns":3},{"damage":0,"enemies":"Jaw Worm","floor":3,"turns":3},{"damage":0,"enemies":"2 Fungi Beasts","floor":7,"turns":2},{"damage":1,"enemies":"Large Slime","floor":10,"turns":3},{"damage":0,"enemies":"3 Louse","floor":11,"turns":3},{"damage":7,"enemies":"Blue Slaver","floor":12,"turns":3},{"damage":22,"enemies":"3 Sentries","floor":14,"turns":5},{"damage":10,"enemies":"Hexaghost","floor":16,"turns":8},{"damage":21,"enemies":"Chosen","floor":18,"turns":7},{"damage":31,"enemies":"2 Thieves","floor":21,"turns":5},{"damage":24,"enemies":"Sentry and Sphere","floor":22,"turns":5},{"damage":20,"enemies":"Snecko","floor":24,"turns":4},{"damage":21,"enemies":"Cultist and Chosen","floor":25,"turns":10},{"damage":3,"enemies":"Snake Plant","floor":31,"turns":3},{"damage":67,"enemies":"Collector","floor":33,"turns":16}],"seed_played":"-7619916861458394782","potions_obtained":[{"floor":1,"key":"AttackPotion"},{"floor":11,"key":"Poison Potion"},{"floor":14,"key":"GamblersBrew"},{"floor":21,"key":"BloodPotion"},{"floor":24,"key":"Fire Potion"},{"floor":31,"key":"Ancient Potion"}],"is_trial":false,"path_per_floor":["M","M","M","?","?","R","M","?","T","M","M","M","$","E","R","B",null,"M","$","?","M","M","R","M","M","T","R","$","R","?","M","R","B"],"character_chosen":"IRONCLAD","items_purchased":["Searing Blow","Whetstone","Regen Potion"],"campfire_rested":3,"item_purchase_floors":[13,19,28],"current_hp_per_floor":[74,74,74,67,51,51,51,48,48,47,47,40,40,18,18,8,80,59,59,66,35,19,45,25,4,4,30,30,56,43,40,40,0],"gold":60,"neow_bonus":"BOSS_RELIC","is_prod":false,"is_daily":false,"chose_seed":false,"campfire_upgraded":3,"win_rate":0,"timestamp":1551693398,"path_taken":["M","M","M","?","?","R","?","?","T","M","M","M","$","E","R","BOSS","M","$","?","M","M","R","M","M","T","R","$","R","?","M","R","BOSS"],"build_version":"2019-01-23","purchased_purges":1,"victory":false,"max_hp_per_floor":[80,80,80,80,80,80,80,80,80,80,80,80,80,80,80,80,80,80,80,87,87,87,87,87,87,87,87,87,87,43,43,43,43],"card_choices":[{"not_picked":[],"picked":"Power Through","floor":1},{"not_picked":[],"picked":"Headbutt","floor":2},{"not_picked":[],"picked":"Pommel Strike","floor":3},{"not_picked":[],"picked":"Flex","floor":7},{"not_picked":["Perfected Strike"],"picked":"SKIP","floor":10},{"not_picked":[],"picked":"Havoc+1","floor":11},{"not_picked":["Bloodletting+1"],"picked":"SKIP","floor":12},{"not_picked":["Combust"],"picked":"SKIP","floor":14},{"not_picked":[],"picked":"Barricade","floor":16},{"not_picked":["Searing Blow"],"picked":"SKIP","floor":18},{"not_picked":["Thunderclap"],"picked":"SKIP","floor":21},{"not_picked":["Sentinel+1"],"picked":"SKIP","floor":22},{"not_picked":[],"picked":"Armaments+1","floor":24},{"not_picked":["Heavy Blade"],"picked":"SKIP","floor":25},{"not_picked":["Pommel Strike"],"picked":"SKIP","floor":31}],"player_experience":940547,"relics_obtained":[{"floor":9,"key":"Toxic Egg 2"},{"floor":14,"key":"Kunai"},{"floor":26,"key":"Bottled Lightning"}],"event_choices":[{"cards_removed":["Strike_R"],"damage_healed":0,"gold_gain":0,"player_choice":"Card Removal","damage_taken":7,"max_hp_gain":0,"max_hp_loss":0,"event_name":"Golden Wing","floor":4,"gold_loss":0},{"damage_healed":0,"gold_gain":0,"player_choice":"Entered Light","damage_taken":16,"max_hp_gain":0,"max_hp_loss":0,"event_name":"Shining Light","floor":5,"gold_loss":0,"cards_upgraded":["Strike_R","Strike_R"]},{"damage_healed":0,"gold_gain":0,"player_choice":"Success","damage_taken":3,"relics_obtained":["Turnip"],"max_hp_gain":0,"max_hp_loss":0,"event_name":"Scrap Ooze","floor":8,"gold_loss":0},{"damage_healed":0,"gold_gain":0,"player_choice":"Stole Relic","damage_taken":0,"relics_obtained":["Strawberry"],"max_hp_gain":0,"max_hp_loss":0,"event_name":"Addict","floor":20,"gold_loss":0,"cards_obtained":["Shame"]},{"damage_healed":0,"gold_gain":0,"player_choice":"Became a Ghost","damage_taken":0,"max_hp_gain":0,"max_hp_loss":44,"event_name":"Ghosts","floor":30,"gold_loss":0,"cards_obtained":["Ghostly","Ghostly","Ghostly","Ghostly","Ghostly"]}],"is_beta":false,"boss_relics":[{"not_picked":["Astrolabe","Black Star"],"picked":"Runic Cube"}],"items_purged_floors":[13],"is_endless":false,"potions_floor_spawned":[1,11,14,21,24,31],"killed_by":"Collector","ascension_level":0}