{"gold_per_floor":[116,116,3,3,3,3,18,36,36,36,53,53,53,72,72,173,173,193,212,240,240,263,263,283,300,325,354,386,398,424,455,467,479],"floor_reached":33,"playtime":2248,"items_purged":["Injury"],"score":241,"play_id":"8ca440c7-bad2-422f-bc18-2cdb4b3c2241","local_time":"20190304032754","is_ascension_mode":false,"campfire_choices":[{"data":"Double Tap","floor":6,"key":"SMITH"},{"data":"Rage","floor":10,"key":"SMITH"},{"data":"Anger","floor":13,"key":"SMITH"},{"floor":15,"key":"REST"},{"data":"Flex","floor":23,"key":"SMITH"},{"floor":29,"key":"REST"},{"floor":32,"key":"REST"}],"neow_cost":"CURSE","seed_source_timestamp":120352200636533,"circlet_count":0,"master_deck":["Strike_R","Strike_R","Strike_R","Strike_R","Strike_R","Defend_R","Defend_R","Defend_R+1","Defend_R","Bash+1","Double Tap+1","Disarm","Swift Strike","Ghostly Armor","Rage+1","Anger+1","Intimidate","Impervious","Flex+1","Inflame+1","Cleave","Metallicize+1","Twin Strike","Berserk+1","Fire Breathing+1","Dropkick"],"relics":["Burning Blood","Frozen Egg 2","Velvet Choker","Red Mask","PreservedInsect","MawBank"],"potions_floor_usage":[16,20,27,33,33,33],"damage_taken":[{"damage":8,"enemies":"Small Slimes","floor":1,"turns":3},{"damage":6,"enemies":"Jaw Worm","floor":7,"turns":2},{"damage":6,"enemies":"2 Louse","floor":8,"turns":2},{"damage":10,"enemies":"Lots of Slimes","floor":11,"turns":4},{"damage":0,"enemies":"Looter","floor":14,"turns":2},{"damage":28,"enemies":"Slime Boss","floor":16,"turns":12},{"damage":9,"enemies":"Shell Parasite","floor":18,"turns":7},{"damage":8,"enemies":"3 Byrds","floor":19,"turns":7},{"damage":16,"enemies":"Masked Bandits","floor":20,"turns":6},{"damage":7,"enemies":"Centurion and Healer","floor":24,"turns":8},{"damage":18,"enemies":"Snecko","floor":25,"turns":6},{"damage":16,"enemies":"3 Cultists","floor":27,"turns":5},{"damage":1,"enemies":"Snake Plant","floor":28,"turns":4},{"damage":14,"enemies":"Centurion and Healer","floor":30,"turns":4},{"damage":43,"enemies":"3 Cultists","floor":31,"turns":6},{"damage":80,"enemies":"Automaton","floor":33,"turns":6}],"seed_played":"1292918640753265936","potions_obtained":[{"floor":7,"key":"SteroidPotion"},{"floor":11,"key":"Swift Potion"},{"floor":12,"key":"EssenceOfSteel"},{"floor":16,"key":"Dexterity Potion"},{"floor":18,"key":"Explosive Potion"},{"floor":20,"key":"FearPotion"},{"floor":27,"key":"Fire Potion"}],"is_trial":false,"path_per_floor":["M","?","$","?","?","R","M","M","T","R","M","?","R","M","R","B",null,"M","M","?","?","T","R","M","M","T","M","M","R","M","M","R","B"],"character_chosen":"IRONCLAD","items_purchased":["Disarm"],"campfire_rested":3,"item_purchase_floors":[3],"current_hp_per_floor":[78,62,62,62,62,62,62,62,62,62,58,58,58,64,80,58,80,77,75,65,65,65,65,64,52,52,42,47,71,63,26,50,0],"gold":479,"neow_bonus":"THREE_RARE_CARDS","is_prod":false,"is_daily":false,"chose_seed":false,"campfire_upgraded":4,"win_rate":0.0,"timestamp":1551666474,"path_taken":["M","?","$","?","?","R","?","M","T","R","M","?","R","M","R","BOSS","M","M","?","?","?","R","M","M","T","M","?","R","M","M","R","BOSS"],"build_version":"2019-01-23","purchased_purges":1,"victory":false,"max_hp_per_floor":[80,80,80,80,80,80,80,80,80,80,80,80,80,80,80,80,80,80,80,80,80,80,80,80,80,80,80,80,80,80,80,80,80],"card_choices":[{"not_picked":["Feed","Demon Form"],"picked":"Double Tap","floor":0},{"not_picked":["Clash","True Grit","Warcry"],"picked":"SKIP","floor":1},{"not_picked":["Combust","Thunderclap"],"picked":"Ghostly Armor","floor":7},{"not_picked":["Reckless Charge","Hemokinesis"],"picked":"Rage","floor":8},{"not_picked":["Heavy Blade","Perfected Strike"],"picked":"Anger","floor":11},{"not_picked":["Power Through","True Grit"],"picked":"Intimidate","floor":14},{"not_picked":["Bludgeon","Brutality+1"],"picked":"Impervious","floor":16},{"not_picked":["Heavy Blade","Warcry"],"picked":"Flex","floor":18},{"not_picked":["Second Wind","Reckless Charge+1"],"picked":"Inflame+1","floor":19},{"not_picked":["Sever Soul","Intimidate"],"picked":"Cleave","floor":20},{"not_picked":["Reckless Charge+1","Rampage"],"picked":"Metallicize+1","floor":24},{"not_picked":["Clothesline+1","Flame Barrier"],"picked":"Twin Strike","floor":25},{"not_picked":["Warcry","Clash","Burning Pact"],"picked":"SKIP","floor":27},{"not_picked":["Pummel","Combust+1"],"picked":"Berserk+1","floor":28},{"not_picked":["Clothesline","Metallicize+1"],"picked":"Fire Breathing+1","floor":30},{"not_picked":["Rampage","Clothesline+1"],"picked":"Dropkick","floor":31}],"player_experience":9854,"relics_obtained":[{"floor":9,"key":"Frozen Egg 2"},{"floor":20,"key":"Red Mask"},{"floor":22,"key":"PreservedInsect"},{"floor":26,"key":"MawBank"}],"event_choices":[{"damage_healed":0,"gold_gain":0,"player_choice":"Entered Light","damage_taken":16,"max_hp_gain":0,"max_hp_loss":0,"event_name":"Shining Light","floor":2,"gold_loss":0,"cards_upgraded":["Defend_R","Bash"]},{"damage_healed":0,"gold_gain":0,"player_choice":"Leave","damage_taken":0,"max_hp_gain":0,"max_hp_loss":0,"event_name":"The Cleric","floor":4,"gold_loss":0},{"damage_healed":0,"gold_gain":0,"player_choice":"1 cards matched","damage_taken":0,"max_hp_gain":0,"max_hp_loss":0,"event_name":"Match and Keep!","floor":5,"gold_loss":0,"cards_obtained":["Swift Strike"]},{"damage_healed":0,"gold_gain":0,"player_choice":"Got Potions","damage_taken":0,"max_hp_gain":0,"max_hp_loss":0,"event_name":"Lab","floor":12,"gold_loss":0},{"damage_healed":0,"gold_gain":0,"player_choice":"Fought Bandits","damage_taken":0,"max_hp_gain":0,"max_hp_loss":0,"event_name":"Masked Bandits","floor":20,"gold_loss":0},{"damage_healed":0,"gold_gain":0,"player_choice":"Ignored","damage_taken":0,"max_hp_gain":0,"max_hp_loss":0,"event_name":"Vampires","floor":21,"gold_loss":0}],"is_beta":false,"boss_relics":[{"not_picked":["Empty Cage","Ectoplasm"],"picked":"Velvet Choker"}],"items_purged_floors":[3],"is_endless":false,"potions_floor_spawned":[7,11,16,18,20,24,27],"killed_by":"Automaton","ascension_level":0}