{"gold_per_floor":[109,109,18,29,29,62,62,89,142,142,167,167,208,208,208,332,332,348,348,369,149,72,103,103,138,213,248,266,266,291,306,306,426,426,447,447,547,570,73,116,128,176,268,314,41,77,93,111,111,111],"floor_reached":51,"playtime":3739,"items_purged":["Injury"],"score":1095,"play_id":"d8684bfa-4548-443b-92df-75e4a52216ac","local_time":"20180818032749","daily_mods":["Draft","Specialized","Elite Swarm"],"is_ascension_mode":false,"campfire_choices":[{"data":"Offering","floor":7,"key":"SMITH"},{"data":"Body Slam","floor":10,"key":"SMITH"},{"floor":15,"key":"REST"},{"floor":24,"key":"REST"},{"data":"Dark Embrace","floor":29,"key":"PURGE"},{"data":"Limit Break","floor":32,"key":"SMITH"},{"data":"Spot Weakness","floor":41,"key":"SMITH"},{"floor":49,"key":"REST"}],"neow_cost":"","seed_source_timestamp":0,"circlet_count":0,"master_deck":["Cleave","Clash","Iron Wave","Warcry+1","Anger","Heavy Blade","Iron Wave","Body Slam+1","Shrug It Off+1","Iron Wave","Armaments","Iron Wave","Anger","Rampage","Headbutt","Twin Strike","Pommel Strike+1","Offering+1","Impervious","Fiend Fire+1","Clash","Limit Break+1","Rupture","Bloodletting","J.A.X.","Demon Form","Offering","Flex","Sword Boomerang+1","Spot Weakness+1","Berserk","Double Tap","Demon Form","Havoc+1"],"relics":["Burning Blood","Dream Catcher","Ancient Tea Set","Self Forming Clay","Juzu Bracelet","StoneCalendar","Golden Idol","Magic Flower","Thread and Needle","Runic Pyramid","War Paint","Peace Pipe","Ginger","Bottled Lightning","Sundial","Pen Nib","Busted Crown","Membership Card","Mango","MawBank","Question Card","Dodecahedron","Regal Pillow","Whetstone","Lee\u0027s Waffle","Vajra"],"potions_floor_usage":[38,50],"damage_taken":[{"damage":0,"enemies":"Small Slimes","floor":1,"turns":2},{"damage":1,"enemies":"Cultist","floor":4,"turns":3},{"damage":0,"enemies":"3 Sentries","floor":6,"turns":4},{"damage":13,"enemies":"Gremlin Nob","floor":8,"turns":4},{"damage":11,"enemies":"Lagavulin","floor":11,"turns":4},{"damage":3,"enemies":"Gremlin Nob","floor":13,"turns":3},{"damage":57,"enemies":"The Guardian","floor":16,"turns":9},{"damage":1,"enemies":"Chosen","floor":18,"turns":4},{"damage":13,"enemies":"2 Thieves","floor":20,"turns":4},{"damage":26,"enemies":"Book of Stabbing","floor":23,"turns":5},{"damage":9,"enemies":"Slavers","floor":25,"turns":3},{"damage":15,"enemies":"Book of Stabbing","floor":27,"turns":3},{"damage":13,"enemies":"Centurion and Healer","floor":28,"turns":5},{"damage":12,"enemies":"Sentry and Sphere","floor":31,"turns":3},{"damage":18,"enemies":"Collector","floor":33,"turns":5},{"damage":38,"enemies":"3 Darklings","floor":35,"turns":4},{"damage":18,"enemies":"Flame Bruiser 1 Orb","floor":38,"turns":3},{"damage":22,"enemies":"2 Orb Walkers","floor":40,"turns":3},{"damage":18,"enemies":"Giant Head","floor":42,"turns":4},{"damage":13,"enemies":"2 Orb Walkers","floor":44,"turns":3},{"damage":12,"enemies":"Nemesis","floor":46,"turns":3},{"damage":18,"enemies":"Transient","floor":47,"turns":5},{"damage":33,"enemies":"Maw","floor":48,"turns":4},{"damage":38,"enemies":"Time Eater","floor":50,"turns":4}],"seed_played":"-1127948383182083449","potions_obtained":[{"floor":8,"key":"FearPotion"},{"floor":11,"key":"Energy Potion"},{"floor":13,"key":"SpeedPotion"},{"floor":42,"key":"SkillPotion"}],"is_trial":true,"path_per_floor":["M","$","?","M","?","E","R","E","T","R","E","?","E","?","R","B",null,"M","?","M","$","?","E","R","E","T","E","M","R","T","M","R","B",null,"M","?","?","M","$","E","R","E","T","E","$","E","M","M","R","B"],"character_chosen":"IRONCLAD","items_purchased":["War Paint","Membership Card","Mango","Spot Weakness","Whetstone","Lee\u0027s Waffle"],"campfire_rested":3,"item_purchase_floors":[21,39,39,39,45,45],"current_hp_per_floor":[80,80,80,80,80,80,80,73,73,73,68,68,71,64,80,32,80,80,80,76,76,76,59,80,80,80,74,70,70,70,67,67,58,80,51,51,51,42,56,43,43,34,34,30,101,98,89,65,101,72],"gold":111,"neow_bonus":"","is_prod":false,"is_daily":false,"chose_seed":false,"campfire_upgraded":4,"win_rate":0,"timestamp":1534580869,"path_taken":["M","$","?","M","?","E","R","E","T","R","E","?","E","?","R","BOSS","M","?","M","$","?","E","R","E","T","E","M","R","?","M","R","BOSS","M","?","?","M","?","E","R","E","T","E","$","E","M","M","R","BOSS"],"build_version":"2018-08-16","purchased_purges":1,"victory":true,"max_hp_per_floor":[80,80,80,80,80,80,80,80,80,80,80,80,80,80,80,80,80,80,80,80,80,80,80,80,80,80,80,80,80,80,80,80,80,80,80,80,80,80,94,94,94,94,94,94,101,101,101,101,101,101],"card_choices":[{"not_picked":["Twin Strike","Headbutt"],"picked":"Cleave","floor":0},{"not_picked":["Intimidate","Uppercut"],"picked":"Clash","floor":0},{"not_picked":["Havoc","Shrug It Off"],"picked":"Iron Wave","floor":0},{"not_picked":["Wild Strike","Heavy Blade"],"picked":"Warcry","floor":0},{"not_picked":["Hemokinesis","Perfected Strike"],"picked":"Anger","floor":0},{"not_picked":["Carnage","Disarm"],"picked":"Heavy Blade","floor":0},{"not_picked":["Hemokinesis","Havoc"],"picked":"Iron Wave","floor":0},{"not_picked":["Twin Strike","Heavy Blade"],"picked":"Body Slam","floor":0},{"not_picked":["Carnage","Sever Soul"],"picked":"Shrug It Off","floor":0},{"not_picked":["Carnage","Wild Strike"],"picked":"Iron Wave","floor":0},{"not_picked":["Reckless Charge","Flex"],"picked":"Armaments","floor":0},{"not_picked":["Feel No Pain","Perfected Strike"],"picked":"Iron Wave","floor":0},{"not_picked":["Armaments","Headbutt"],"picked":"Anger","floor":0},{"not_picked":["Dropkick","Heavy Blade"],"picked":"Rampage","floor":0},{"not_picked":["Whirlwind","True Grit"],"picked":"Headbutt","floor":0},{"not_picked":["True Grit","Power Through"],"picked":"Twin Strike","floor":1},{"not_picked":["Second Wind","Feel No Pain"],"picked":"Pommel Strike","floor":4},{"not_picked":["Feed","Double Tap"],"picked":"Offering","floor":6},{"not_picked":["Double Tap","Brutality"],"picked":"Impervious","floor":8},{"not_picked":["Dark Embrace","Immolate","Exhume"],"picked":"SKIP","floor":11},{"not_picked":["Immolate","Exhume"],"picked":"Fiend Fire","floor":13},{"not_picked":["Disarm","Iron Wave"],"picked":"Clash","floor":15},{"not_picked":["Exhume","Feed"],"picked":"Limit Break","floor":16},{"not_picked":["Cleave","Headbutt","Body Slam"],"picked":"SKIP","floor":18},{"not_picked":["Sword Boomerang","Flex+1"],"picked":"Bloodletting","floor":20},{"not_picked":["Fiend Fire","Reaper"],"picked":"Dark Embrace","floor":23},{"not_picked":["Impervious","Berserk"],"picked":"Demon Form","floor":25},{"not_picked":["Impervious","Exhume"],"picked":"Offering","floor":27},{"not_picked":["Warcry","Clash","Dropkick"],"picked":"SKIP","floor":28},{"not_picked":["Warcry","Shockwave"],"picked":"Flex","floor":31},{"not_picked":[],"picked":"Sword Boomerang+1","floor":35},{"not_picked":["Sentinel"],"picked":"SKIP","floor":38},{"not_picked":["Bludgeon"],"picked":"SKIP","floor":40},{"not_picked":[],"picked":"Berserk","floor":42},{"not_picked":["Bludgeon"],"picked":"Double Tap","floor":44},{"not_picked":["Exhume"],"picked":"Demon Form","floor":46},{"not_picked":["Sword Boomerang","Twin Strike"],"picked":"SKIP","floor":47},{"not_picked":["Armaments+1","Battle Trance+1"],"picked":"SKIP","floor":48},{"not_picked":["Shockwave"],"picked":"Havoc+1","floor":49}],"player_experience":93080,"relics_obtained":[{"floor":6,"key":"Ancient Tea Set"},{"floor":8,"key":"Self Forming Clay"},{"floor":9,"key":"Juzu Bracelet"},{"floor":11,"key":"StoneCalendar"},{"floor":13,"key":"Magic Flower"},{"floor":23,"key":"Peace Pipe"},{"floor":25,"key":"Ginger"},{"floor":26,"key":"Bottled Lightning"},{"floor":27,"key":"Sundial"},{"floor":30,"key":"Pen Nib"},{"floor":40,"key":"MawBank"},{"floor":42,"key":"Question Card"},{"floor":43,"key":"Dodecahedron"},{"floor":44,"key":"Regal Pillow"},{"floor":46,"key":"Vajra"}],"event_choices":[{"event_name":"WeMeetAgain","player_choice":"Gold","floor":3,"damage_taken":0},{"event_name":"The Cleric","player_choice":"Leave","floor":5,"damage_taken":0},{"event_name":"Golden Idol","player_choice":"Take Wound","floor":12,"damage_taken":0},{"event_name":"Scrap Ooze","player_choice":"success","floor":14,"damage_taken":7},{"event_name":"The Library","player_choice":"Read","floor":19,"damage_taken":0},{"event_name":"Drug Dealer","player_choice":"Got JAXXED","floor":22,"damage_taken":0},{"event_name":"Tomb of Lord Red Mask","player_choice":"Ignored","floor":36,"damage_taken":0},{"event_name":"Golden Shrine","player_choice":"Pray","floor":37,"damage_taken":0}],"is_beta":false,"boss_relics":[{"not_picked":["Pandora\u0027s Box","Mark of Pain"],"picked":"Runic Pyramid"},{"not_picked":["Runic Dome","Philosopher\u0027s Stone"],"picked":"Busted Crown"}],"items_purged_floors":[21],"is_endless":false,"potions_floor_spawned":[8,11,13,16,20,23,25,31,33,42,44,47,48],"ascension_level":0}