{"gold_per_floor":[114,131,131,149,149,182,182,213,513,60,78,105,105,125,125,229,229,245,263,263,277,277,277,376,376,376,376,376,405,405,440,440,440],"floor_reached":33,"playtime":1717,"items_purged":["Strike_G"],"score":341,"play_id":"790d3fc6-ad64-478e-94bf-94a6de1586f7","local_time":"20190310002434","is_ascension_mode":true,"campfire_choices":[{"data":"Noxious Fumes","floor":7,"key":"SMITH"},{"data":"Caltrops","floor":13,"key":"SMITH"},{"floor":15,"key":"REST"},{"data":"After Image","floor":23,"key":"SMITH"},{"data":"Deadly Poison","floor":27,"key":"SMITH"},{"data":"Backstab","floor":30,"key":"SMITH"},{"floor":32,"key":"REST"}],"neow_cost":"NONE","seed_source_timestamp":21644312048528,"circlet_count":0,"master_deck":["Defend_G","Defend_G","Defend_G","Defend_G","Survivor","Neutralize+1","Noxious Fumes+1","Dagger Throw","Backstab+1","Backflip","Well Laid Plans","Dagger Spray","Finesse","Blur","Caltrops+1","Deadly Poison+1","After Image+1","Dodge and Roll","Caltrops","Slice","Bite","Bite","Bite","Bite","Bite","Decay","Dodge and Roll"],"relics":["Ring of the Snake","Mercury Hourglass","Ginger","Old Coin","TwistedFunnel","Juzu Bracelet","Orrery","Bottled Lightning","Dodecahedron","Question Card"],"potions_floor_usage":[6,12,25,31,31,33],"damage_taken":[{"damage":0,"enemies":"Small Slimes","floor":1,"turns":4},{"damage":0,"enemies":"Jaw Worm","floor":2,"turns":6},{"damage":3,"enemies":"2 Louse","floor":4,"turns":2},{"damage":12,"enemies":"Gremlin Nob","floor":6,"turns":3},{"damage":14,"enemies":"3 Sentries","floor":8,"turns":5},{"damage":0,"enemies":"Exordium Thugs","floor":11,"turns":3},{"damage":10,"enemies":"Lagavulin","floor":12,"turns":6},{"damage":0,"enemies":"Exordium Wildlife","floor":14,"turns":3},{"damage":5,"enemies":"The Guardian","floor":16,"turns":8},{"damage":8,"enemies":"Chosen","floor":18,"turns":4},{"damage":25,"enemies":"2 Thieves","floor":19,"turns":3},{"damage":24,"enemies":"Shelled Parasite and Fungi","floor":21,"turns":6},{"damage":21,"enemies":"Colosseum Slavers","floor":22,"turns":4},{"damage":12,"enemies":"Gremlin Leader","floor":29,"turns":7},{"damage":11,"enemies":"Book of Stabbing","floor":31,"turns":7},{"damage":42,"enemies":"Automaton","floor":33,"turns":10}],"seed_played":"-382657897712055129","potions_obtained":[{"floor":1,"key":"SteroidPotion"},{"floor":6,"key":"GhostInAJar"},{"floor":11,"key":"Weak Potion"},{"floor":19,"key":"SkillPotion"},{"floor":25,"key":"Fruit Juice"},{"floor":25,"key":"EssenceOfSteel"},{"floor":25,"key":"Regen Potion"},{"floor":31,"key":"EssenceOfSteel"}],"is_trial":false,"path_per_floor":["M","M","?","M","?","E","R","E","T","$","M","E","R","M","R","B",null,"M","M","?","M","?","R","?","?","T","R","?","E","R","E","R","B"],"character_chosen":"THE_SILENT","items_purchased":["TwistedFunnel","Dagger Spray","Finesse","Blur"],"campfire_rested":2,"item_purchase_floors":[10,10,10,10],"current_hp_per_floor":[70,70,63,60,60,48,48,34,34,34,34,24,24,24,45,40,70,62,37,37,23,6,6,6,11,11,11,11,13,13,15,31,0],"gold":440,"neow_bonus":"REMOVE_CARD","is_prod":false,"is_daily":false,"chose_seed":false,"campfire_upgraded":5,"win_rate":0,"timestamp":1552173874,"path_taken":["M","M","?","M","?","E","R","E","T","?","M","E","R","M","R","BOSS","M","M","?","M","?","R","?","?","T","R","?","E","R","E","R","BOSS"],"build_version":"2019-01-23","purchased_purges":1,"victory":false,"max_hp_per_floor":[70,70,70,70,70,70,70,70,70,70,70,70,70,70,70,70,70,70,70,49,49,49,49,49,54,54,54,54,54,54,54,54,54],"card_choices":[{"not_picked":["Deflect","Predator"],"picked":"Noxious Fumes","floor":1},{"not_picked":["Prepared","Slice"],"picked":"Dagger Throw","floor":2},{"not_picked":["Deflect","Acrobatics"],"picked":"Backstab","floor":4},{"not_picked":["Cloak And Dagger","Distraction"],"picked":"Backflip","floor":6},{"not_picked":["Grand Finale","Quick Slash"],"picked":"Well Laid Plans","floor":8},{"not_picked":["Blade Dance","Sucker Punch"],"picked":"Caltrops","floor":11},{"not_picked":["Bane","Blade Dance","Poisoned Stab"],"picked":"SKIP","floor":12},{"not_picked":["Flechettes","Quick Slash"],"picked":"Deadly Poison","floor":14},{"not_picked":["Adrenaline","Grand Finale"],"picked":"After Image","floor":16},{"not_picked":["Acrobatics","Prepared"],"picked":"Dodge and Roll","floor":17},{"not_picked":["Outmaneuver","Dagger Throw"],"picked":"Caltrops","floor":17},{"not_picked":["Heel Hook","Cloak And Dagger","Eviscerate"],"picked":"SKIP","floor":18},{"not_picked":["Choke","Reflex"],"picked":"Slice","floor":19},{"not_picked":["Predator","All Out Attack","PiercingWail"],"picked":"SKIP","floor":21},{"not_picked":["Dagger Throw","Night Terror"],"picked":"Dodge and Roll","floor":29},{"not_picked":["Outmaneuver","Burst","Flying Knee"],"picked":"SKIP","floor":31}],"player_experience":139873,"relics_obtained":[{"floor":6,"key":"Mercury Hourglass"},{"floor":8,"key":"Ginger"},{"floor":9,"key":"Old Coin"},{"floor":12,"key":"Juzu Bracelet"},{"floor":26,"key":"Bottled Lightning"},{"floor":29,"key":"Dodecahedron"},{"floor":31,"key":"Question Card"}],"event_choices":[{"cards_removed":["Defend_G"],"damage_healed":0,"gold_gain":0,"player_choice":"Card Removal","damage_taken":7,"max_hp_gain":0,"max_hp_loss":0,"event_name":"Golden Wing","floor":3,"gold_loss":0},{"damage_healed":0,"gold_gain":0,"player_choice":"Grow","damage_taken":0,"max_hp_gain":0,"max_hp_loss":0,"event_name":"Living Wall","floor":5,"gold_loss":0,"cards_upgraded":["Neutralize"]},{"damage_healed":0,"gold_gain":0,"player_choice":"Became a vampire","damage_taken":0,"max_hp_gain":0,"max_hp_loss":21,"event_name":"Vampires","floor":20,"gold_loss":0,"cards_obtained":["Bite","Bite","Bite","Bite","Bite"]},{"damage_healed":0,"gold_gain":0,"player_choice":"Fight","damage_taken":0,"max_hp_gain":0,"max_hp_loss":0,"event_name":"Colosseum","floor":22,"gold_loss":0},{"damage_healed":0,"gold_gain":0,"player_choice":"Fled From Nobs","damage_taken":0,"max_hp_gain":0,"max_hp_loss":0,"event_name":"Colosseum","floor":22,"gold_loss":0},{"damage_healed":0,"gold_gain":99,"player_choice":"Stole From Cult","damage_taken":0,"max_hp_gain":0,"max_hp_loss":0,"event_name":"Nest","floor":24,"gold_loss":0},{"damage_healed":0,"gold_gain":0,"player_choice":"Got Potions","damage_taken":0,"max_hp_gain":0,"max_hp_loss":0,"event_name":"Lab","floor":25,"gold_loss":0},{"damage_healed":0,"gold_gain":0,"player_choice":"Smashed Altar","damage_taken":0,"max_hp_gain":0,"max_hp_loss":0,"event_name":"Forgotten Altar","floor":28,"gold_loss":0,"cards_obtained":["Decay"]}],"is_beta":false,"boss_relics":[{"not_picked":["Fusion Hammer","Astrolabe"],"picked":"Orrery"}],"items_purged_floors":[10],"is_endless":false,"potions_floor_spawned":[1,6,11,19,22,31],"killed_by":"Automaton","ascension_level":1}