{"gold_per_floor":[118,118,118,43,8,41,41,41,65,65,65,76,89,89,89,89],"floor_reached":16,"playtime":1694,"items_purged":["Strike_B"],"score":110,"play_id":"4adb063c-1545-45d1-a2fe-e4d92aac2295","local_time":"20190308165326","is_ascension_mode":true,"campfire_choices":[{"data":"Dualcast","floor":8,"key":"SMITH"},{"data":"Gash","floor":10,"key":"SMITH"},{"data":"Gash","floor":15,"key":"SMITH"}],"neow_cost":"CURSE","seed_source_timestamp":351546400933147,"circlet_count":0,"master_deck":["Strike_B+1","Strike_B","Strike_B","Defend_B","Defend_B","Defend_B","Defend_B","Zap+1","Dualcast+1","Gash+1","Gash+1","FTL","Conserve Battery"],"relics":["Cracked Core","Du-Vu Doll","Regal Pillow","Strawberry"],"potions_floor_usage":[16,16,16],"damage_taken":[{"damage":4,"enemies":"Small Slimes","floor":1,"turns":3},{"damage":32,"enemies":"Lagavulin","floor":6,"turns":6},{"damage":2,"enemies":"Jaw Worm","floor":12,"turns":2},{"damage":1,"enemies":"Cultist","floor":13,"turns":3},{"damage":50,"enemies":"Slime Boss","floor":16,"turns":9}],"seed_played":"-6793403574139500792","potions_obtained":[{"floor":6,"key":"Weak Potion"},{"floor":12,"key":"FocusPotion"},{"floor":13,"key":"Poison Potion"}],"is_trial":false,"path_per_floor":["M","?","?","$","?","E","$","R","T","R","?","M","M","$","R","B"],"character_chosen":"DEFECT","items_purchased":[],"campfire_rested":0,"item_purchase_floors":[],"current_hp_per_floor":[71,56,56,56,72,40,40,40,47,47,52,50,49,49,49,0],"gold":89,"neow_bonus":"ONE_RARE_RELIC","is_prod":false,"is_daily":false,"chose_seed":false,"campfire_upgraded":3,"win_rate":0,"timestamp":1552085606,"path_taken":["M","?","?","$","?","E","$","R","T","R","?","?","M","$","R","BOSS"],"build_version":"2019-01-23","purchased_purges":1,"victory":false,"max_hp_per_floor":[75,75,72,72,72,72,72,72,79,79,84,84,84,84,84,84],"card_choices":[{"not_picked":["Beam Cell","Turbo"],"picked":"Gash","floor":1},{"not_picked":["Compile Driver","Barrage"],"picked":"Gash","floor":6},{"not_picked":["Steam","Stack"],"picked":"FTL","floor":12},{"not_picked":["Genetic Algorithm","Compile Driver"],"picked":"Conserve Battery","floor":13}],"player_experience":225444,"relics_obtained":[{"floor":6,"key":"Regal Pillow"},{"floor":9,"key":"Strawberry"}],"event_choices":[{"damage_healed":0,"gold_gain":0,"player_choice":"Entered Light","damage_taken":15,"max_hp_gain":0,"max_hp_loss":0,"event_name":"Shining Light","floor":2,"gold_loss":0,"cards_upgraded":["Strike_B","Zap"]},{"cards_removed":["Parasite"],"damage_healed":0,"gold_gain":0,"player_choice":"Forget","damage_taken":0,"max_hp_gain":0,"max_hp_loss":0,"event_name":"Living Wall","floor":3,"gold_loss":0},{"damage_healed":18,"gold_gain":0,"player_choice":"Healed","damage_taken":0,"max_hp_gain":0,"max_hp_loss":0,"event_name":"The Cleric","floor":5,"gold_loss":35},{"damage_healed":0,"gold_gain":0,"player_choice":"Donut","damage_taken":0,"max_hp_gain":5,"max_hp_loss":0,"event_name":"Big Fish","floor":11,"gold_loss":0}],"is_beta":false,"boss_relics":[],"items_purged_floors":[4],"is_endless":false,"potions_floor_spawned":[6,12,13],"killed_by":"Slime Boss","ascension_level":3}