{"gold_per_floor":[117,117,133,153,172,197,197,231,257,257,271,300,316,335,335,434,434,454,454,454,159,179,213,225,247,284,296,333,345,392,418,430,544,556,587,569,581,609,636,677,699,711],"floor_reached":42,"playtime":1547,"items_purged":[],"score":968,"play_id":"5031247b-d583-4082-8980-d44c26786c4c","local_time":"20190127222932","is_ascension_mode":true,"campfire_choices":[{"floor":7,"key":"REST"},{"floor":15,"key":"REST"},{"floor":32,"key":"REST"}],"neow_cost":"NONE","seed_source_timestamp":742812087585098,"circlet_count":0,"master_deck":["AscendersBane","Defend_R","Defend_R","Defend_R","Defend_R","Bash","Twin Strike","Regret","Inflame","Dropkick","Iron Wave","Clash","Iron Wave","Pain","Double Tap","Cleave","Iron Wave","Spot Weakness","Limit Break","Warcry","RitualDagger","Twin Strike","Flex","Rage","Twin Strike","Bite","Bite","Bite","Bite","Bite","Seeing Red","Twin Strike","Limit Break","Iron Wave+1","Heavy Blade+1","Twin Strike","Anger"],"relics":["Black Blood","Happy Flower","Pear","Boot","Anchor","Centennial Puzzle","WarpedTongs","Du-Vu Doll","Kunai","MawBank","Oddly Smooth Stone","MutagenicStrength","Potion Belt","Pen Nib","Smiling Mask"],"potions_floor_usage":[6,6,6,8,16,23,28,39,41,42],"damage_taken":[{"damage":8,"enemies":"2 Louse","floor":1,"turns":3},{"damage":9,"enemies":"Small Slimes","floor":3,"turns":3},{"damage":3,"enemies":"Cultist","floor":4,"turns":4},{"damage":28,"enemies":"Exordium Thugs","floor":5,"turns":5},{"damage":29,"enemies":"3 Sentries","floor":6,"turns":8},{"damage":29,"enemies":"Gremlin Nob","floor":8,"turns":4},{"damage":10,"enemies":"Exordium Wildlife","floor":11,"turns":4},{"damage":33,"enemies":"Lagavulin","floor":12,"turns":5},{"damage":0,"enemies":"Looter","floor":13,"turns":2},{"damage":4,"enemies":"Large Slime","floor":14,"turns":3},{"damage":10,"enemies":"Slime Boss","floor":16,"turns":6},{"damage":12,"enemies":"Shell Parasite","floor":18,"turns":3},{"damage":0,"enemies":"Spheric Guardian","floor":22,"turns":2},{"damage":19,"enemies":"Book of Stabbing","floor":23,"turns":3},{"damage":20,"enemies":"Snecko","floor":25,"turns":4},{"damage":15,"enemies":"Gremlin Leader","floor":28,"turns":4},{"damage":32,"enemies":"Book of Stabbing","floor":30,"turns":4},{"damage":3,"enemies":"Snake Plant","floor":31,"turns":2},{"damage":55,"enemies":"Automaton","floor":33,"turns":6},{"damage":1,"enemies":"Orb Walker","floor":35,"turns":2},{"damage":17,"enemies":"3 Darklings","floor":38,"turns":4},{"damage":0,"enemies":"Spire Growth","floor":39,"turns":3},{"damage":50,"enemies":"Nemesis","floor":40,"turns":5},{"damage":57,"enemies":"Maw","floor":41,"turns":5},{"damage":48,"enemies":"Reptomancer","floor":42,"turns":3}],"seed_played":"7733172087626199857","potions_obtained":[{"floor":1,"key":"Energy Potion"},{"floor":5,"key":"EntropicBrew"},{"floor":6,"key":"BloodPotion"},{"floor":14,"key":"Ancient Potion"},{"floor":16,"key":"Ancient Potion"},{"floor":18,"key":"Strength Potion"},{"floor":25,"key":"Weak Potion"},{"floor":28,"key":"Dexterity Potion"},{"floor":36,"key":"FearPotion"},{"floor":36,"key":"LiquidBronze"},{"floor":39,"key":"Energy Potion"}],"is_trial":false,"path_per_floor":["M","?","M","M","M","E","R","E","T","?","M","E","M","M","R","B",null,"M","?","T","$","M","E","?","M","T","?","E","?","E","M","R","B",null,"M","?","$","M","M","E","M","E"],"character_chosen":"IRONCLAD","items_purchased":["Blood Vial","Twin Strike","FairyPotion"],"campfire_rested":3,"item_purchase_floors":[21,21,21],"current_hp_per_floor":[70,80,77,80,58,35,62,48,48,48,44,17,23,25,52,48,80,78,72,72,72,84,77,77,69,69,69,66,66,48,60,87,55,81,90,90,90,87,90,55,18,0],"gold":711,"neow_bonus":"RANDOM_COMMON_RELIC","is_prod":false,"is_daily":false,"chose_seed":false,"campfire_upgraded":0,"win_rate":0,"timestamp":1548664172,"path_taken":["M","?","M","M","M","E","R","E","T","?","M","E","?","M","R","BOSS","M","?","?","$","M","E","?","?","T","?","E","?","E","M","R","BOSS","M","?","$","M","M","E","M","E"],"build_version":"2019-01-23","purchased_purges":0,"victory":false,"max_hp_per_floor":[80,90,90,90,90,90,90,90,90,90,90,90,90,90,90,90,90,90,90,90,90,90,90,90,90,90,90,90,90,90,90,90,90,90,90,90,90,90,90,90,90,90],"card_choices":[{"not_picked":["Shockwave","Body Slam"],"picked":"Twin Strike","floor":1},{"not_picked":["Shrug It Off","Warcry"],"picked":"Inflame","floor":3},{"not_picked":["Blood for Blood","Intimidate"],"picked":"Dropkick","floor":4},{"not_picked":["Pommel Strike","Shrug It Off"],"picked":"Iron Wave","floor":5},{"not_picked":["Twin Strike","Rampage"],"picked":"Clash","floor":6},{"not_picked":["Reckless Charge","Sever Soul"],"picked":"Iron Wave","floor":8},{"not_picked":["Anger","Havoc"],"picked":"Double Tap","floor":11},{"not_picked":["True Grit","Reckless Charge"],"picked":"Cleave","floor":12},{"not_picked":["Headbutt","Clash"],"picked":"Iron Wave","floor":13},{"not_picked":["Pommel Strike","Bloodletting"],"picked":"Spot Weakness","floor":14},{"not_picked":["Brutality","Demon Form"],"picked":"Limit Break","floor":16},{"not_picked":["Battle Trance","Perfected Strike"],"picked":"Warcry","floor":18},{"not_picked":["Cleave","Sentinel+1"],"picked":"Flex","floor":22},{"not_picked":["Limit Break","Feel No Pain+1"],"picked":"Rage","floor":23},{"not_picked":["True Grit","Searing Blow","Corruption+1"],"picked":"SKIP","floor":25},{"not_picked":["Clothesline","Ghostly Armor+1"],"picked":"Twin Strike","floor":28},{"not_picked":["Sentinel","Clash"],"picked":"Seeing Red","floor":30},{"not_picked":["Flex","Thunderclap"],"picked":"Twin Strike","floor":31},{"not_picked":["Brutality","Bludgeon"],"picked":"Limit Break","floor":33},{"not_picked":["Power Through+1","Thunderclap+1"],"picked":"Iron Wave+1","floor":35},{"not_picked":["Havoc+1","Immolate","Headbutt"],"picked":"SKIP","floor":38},{"not_picked":["Wild Strike+1","Flex"],"picked":"Heavy Blade+1","floor":39},{"not_picked":["Armaments+1","Uppercut"],"picked":"Twin Strike","floor":40},{"not_picked":["Wild Strike+1","Twin Strike+1"],"picked":"Anger","floor":41}],"player_experience":372429,"relics_obtained":[{"floor":6,"key":"Boot"},{"floor":8,"key":"Anchor"},{"floor":9,"key":"Centennial Puzzle"},{"floor":12,"key":"Du-Vu Doll"},{"floor":20,"key":"Kunai"},{"floor":23,"key":"MawBank"},{"floor":26,"key":"Oddly Smooth Stone"},{"floor":28,"key":"Potion Belt"},{"floor":30,"key":"Pen Nib"},{"floor":40,"key":"Smiling Mask"}],"event_choices":[{"damage_healed":0,"gold_gain":0,"player_choice":"Box","damage_taken":0,"relics_obtained":["Pear"],"max_hp_gain":0,"max_hp_loss":0,"event_name":"Big Fish","floor":2,"gold_loss":0,"cards_obtained":["Regret"]},{"damage_healed":0,"gold_gain":0,"player_choice":"Rummage","damage_taken":0,"relics_obtained":["WarpedTongs"],"max_hp_gain":0,"max_hp_loss":0,"event_name":"Accursed Blacksmith","floor":10,"gold_loss":0,"cards_obtained":["Pain"]},{"damage_healed":0,"gold_gain":0,"player_choice":"Joined the Cult","damage_taken":6,"max_hp_gain":0,"max_hp_loss":0,"event_name":"Nest","floor":19,"gold_loss":0,"cards_obtained":["RitualDagger"]},{"damage_healed":0,"gold_gain":0,"player_choice":"Ignored","damage_taken":0,"max_hp_gain":0,"max_hp_loss":0,"event_name":"Beggar","floor":24,"gold_loss":0},{"damage_healed":0,"gold_gain":0,"player_choice":"Inject Mutagens","damage_taken":0,"relics_obtained":["MutagenicStrength"],"max_hp_gain":0,"max_hp_loss":0,"event_name":"Drug Dealer","floor":27,"gold_loss":0},{"damage_healed":0,"gold_gain":0,"player_choice":"Became a vampire (Vial)","damage_taken":0,"max_hp_gain":0,"max_hp_loss":0,"event_name":"Vampires","floor":29,"relics_lost":["Blood Vial"],"gold_loss":0,"cards_obtained":["Bite","Bite","Bite","Bite","Bite"]},{"damage_healed":0,"gold_gain":0,"player_choice":"Bought 2 Potions","damage_taken":0,"max_hp_gain":0,"max_hp_loss":0,"event_name":"The Woman in Blue","floor":36,"gold_loss":0}],"is_beta":false,"boss_relics":[{"not_picked":["Runic Pyramid","Black Star"],"picked":"Black Blood"},{"not_picked":["Mark of Pain","Fusion Hammer","Snecko Eye"]}],"items_purged_floors":[],"is_endless":false,"potions_floor_spawned":[1,5,6,14,16,18,25,28,38,39],"killed_by":"Reptomancer","ascension_level":11}