{"gold_per_floor":[109,122,135,151,326,361,361,361,361,375,375,391,420,433,433,433],"floor_reached":16,"playtime":1057,"items_purged":[],"score":114,"play_id":"b6cb9580-00f2-4229-ab7a-754a4f5920fe","local_time":"20190307190818","is_ascension_mode":false,"campfire_choices":[{"data":"Loop","floor":8,"key":"SMITH"},{"floor":11,"key":"REST"},{"floor":15,"key":"REST"}],"neow_cost":"NONE","seed_source_timestamp":925179289862534,"circlet_count":0,"master_deck":["Strike_B","Strike_B","Strike_B","Strike_B","Defend_B","Defend_B","Defend_B","Defend_B","Zap","Dualcast","Dramatic Entrance","Chill","Leap","Turbo","Redo","Loop+1","Sunder","Capacitor","Beam Cell","Leap"],"relics":["Cracked Core","Question Card","Shuriken","Vajra"],"potions_floor_usage":[4,6,16],"damage_taken":[{"damage":3,"enemies":"Small Slimes","floor":1,"turns":2},{"damage":1,"enemies":"Jaw Worm","floor":2,"turns":4},{"damage":0,"enemies":"Cultist","floor":3,"turns":3},{"damage":0,"enemies":"Lots of Slimes","floor":4,"turns":1},{"damage":11,"enemies":"3 Sentries","floor":6,"turns":9},{"damage":5,"enemies":"Blue Slaver","floor":10,"turns":4},{"damage":5,"enemies":"Looter","floor":12,"turns":2},{"damage":34,"enemies":"Lagavulin","floor":13,"turns":7},{"damage":13,"enemies":"Exordium Thugs","floor":14,"turns":2},{"damage":49,"enemies":"Slime Boss","floor":16,"turns":10}],"seed_played":"4150126575691097105","potions_obtained":[{"floor":1,"key":"Explosive Potion"},{"floor":3,"key":"Strength Potion"},{"floor":4,"key":"AttackPotion"},{"floor":12,"key":"GamblersBrew"}],"is_trial":false,"path_per_floor":["M","M","M","M","?","E","?","R","T","M","R","M","E","M","R","B"],"character_chosen":"DEFECT","items_purchased":[],"campfire_rested":2,"item_purchase_floors":[],"current_hp_per_floor":[72,71,71,71,71,60,60,60,60,55,75,70,36,23,45,0],"gold":433,"neow_bonus":"RANDOM_COLORLESS","is_prod":false,"is_daily":false,"chose_seed":false,"campfire_upgraded":1,"win_rate":0,"timestamp":1551996498,"path_taken":["M","M","M","M","?","E","?","R","T","M","R","?","E","M","R","BOSS"],"build_version":"2019-01-23","purchased_purges":0,"victory":false,"max_hp_per_floor":[75,75,75,75,75,75,75,75,75,75,75,75,75,75,75,75],"card_choices":[{"not_picked":["Compile Driver","Go for the Eyes"],"picked":"Chill","floor":1},{"not_picked":["Doom and Gloom","Beam Cell"],"picked":"Leap","floor":2},{"not_picked":["Compile Driver","Stack"],"picked":"Turbo","floor":3},{"not_picked":["Blizzard","Sweeping Beam"],"picked":"Redo","floor":4},{"not_picked":["Steam","Rebound"],"picked":"Loop","floor":6},{"not_picked":["Gash","Rebound","Go for the Eyes"],"picked":"Sunder","floor":10},{"not_picked":["Cold Snap","Chill","Machine Learning"],"picked":"Capacitor","floor":12},{"not_picked":["Rip and Tear","Sweeping Beam","Go for the Eyes"],"picked":"Beam Cell","floor":13},{"not_picked":["Melter","Coolheaded","Gash"],"picked":"Leap","floor":14}],"player_experience":20426,"relics_obtained":[{"floor":6,"key":"Question Card"},{"floor":9,"key":"Shuriken"},{"floor":13,"key":"Vajra"}],"event_choices":[{"damage_healed":0,"gold_gain":175,"player_choice":"AGREE","damage_taken":0,"max_hp_gain":0,"max_hp_loss":0,"event_name":"Liars Game","floor":5,"gold_loss":0,"cards_obtained":["Doubt"]},{"cards_removed":["Doubt"],"damage_healed":0,"gold_gain":0,"player_choice":"Purged","damage_taken":0,"max_hp_gain":0,"max_hp_loss":0,"event_name":"Purifier","floor":7,"gold_loss":0}],"is_beta":false,"boss_relics":[],"items_purged_floors":[],"is_endless":false,"potions_floor_spawned":[1,3,4,12],"killed_by":"Slime Boss","ascension_level":0}