{"gold_per_floor":[111,131,151,151,167,194,213,213,213,213,231,247,96,96,96,193,193,208,224,224,224,242,242,258,293,317,317,416,427,427,440,440,440],"floor_reached":33,"playtime":1217,"items_purged":[],"score":459,"play_id":"edfc4b43-5e45-4811-89b9-e412e7a2ebbe","local_time":"20190218221930","is_ascension_mode":true,"campfire_choices":[{"floor":8,"key":"REST"},{"floor":10,"key":"REST"},{"data":"Armaments","floor":15,"key":"SMITH"},{"floor":23,"key":"RECALL"},{"floor":30,"key":"REST"},{"floor":32,"key":"REST"}],"neow_cost":"NONE","seed_source_timestamp":481980614340791,"circlet_count":0,"master_deck":["AscendersBane","Strike_R","Strike_R","Strike_R","Strike_R","Strike_R","Defend_R","Defend_R","Defend_R","Defend_R","Bash","Heavy Blade","Flame Barrier","Armaments+1","Entrench","Demon Form","Offering","Shockwave","Entrench","Armaments+1","Iron Wave","Iron Wave"],"relics":["Burning Blood","FaceOfCleric","Orichalcum","Incense Burner","PreservedInsect","Gremlin Horn","Sozu","Charon\u0027s Ashes"],"potions_floor_usage":[5,6,18,25],"damage_taken":[{"damage":2,"enemies":"2 Louse","floor":1,"turns":3},{"damage":5,"enemies":"Cultist","floor":2,"turns":4},{"damage":12,"enemies":"Jaw Worm","floor":3,"turns":3},{"damage":0,"enemies":"Looter","floor":5,"turns":5},{"damage":66,"enemies":"Lagavulin","floor":6,"turns":10},{"damage":15,"enemies":"3 Louse","floor":7,"turns":5},{"damage":4,"enemies":"Blue Slaver","floor":11,"turns":5},{"damage":3,"enemies":"2 Fungi Beasts","floor":12,"turns":5},{"damage":32,"enemies":"Slime Boss","floor":16,"turns":11},{"damage":6,"enemies":"Spheric Guardian","floor":18,"turns":4},{"damage":14,"enemies":"Shell Parasite","floor":19,"turns":5},{"damage":49,"enemies":"Colosseum Slavers","floor":20,"turns":5},{"damage":6,"enemies":"Snake Plant","floor":22,"turns":5},{"damage":4,"enemies":"Centurion and Healer","floor":24,"turns":7},{"damage":44,"enemies":"Book of Stabbing","floor":25,"turns":6},{"damage":27,"enemies":"Chosen and Byrds","floor":29,"turns":6},{"damage":31,"enemies":"3 Cultists","floor":31,"turns":6},{"damage":55,"enemies":"Collector","floor":33,"turns":3}],"seed_played":"-5878156011181052855","potions_obtained":[{"floor":2,"key":"LiquidBronze"},{"floor":3,"key":"Weak Potion"},{"floor":5,"key":"Dexterity Potion"},{"floor":7,"key":"Strength Potion"}],"is_trial":false,"path_per_floor":["M","M","M","?","M","E","M","R","T","R","M","M","$","?","R","B",null,"M","M","?","?","M","R","M","E","T","$","?","M","R","M","R","B"],"character_chosen":"IRONCLAD","items_purchased":["PreservedInsect"],"campfire_rested":4,"item_purchase_floors":[13],"current_hp_per_floor":[84,85,79,79,86,27,19,46,46,73,76,80,80,77,77,52,84,85,78,36,68,69,69,72,35,35,35,35,15,45,21,51,0],"gold":440,"neow_bonus":"TEN_PERCENT_HP_BONUS","is_prod":false,"is_daily":false,"chose_seed":false,"campfire_upgraded":1,"win_rate":0,"timestamp":1550564370,"path_taken":["M","M","M","?","?","E","M","R","T","R","M","M","?","?","R","BOSS","M","M","?","?","M","R","M","E","T","$","?","M","R","M","R","BOSS"],"build_version":"2019-01-23","purchased_purges":0,"victory":false,"max_hp_per_floor":[88,88,88,88,89,90,91,91,91,91,92,93,93,93,93,94,94,95,96,97,97,98,98,99,100,100,100,100,101,101,102,102,102],"card_choices":[{"not_picked":["Anger","Sword Boomerang"],"picked":"Heavy Blade","floor":1},{"not_picked":["Pommel Strike","Hemokinesis","Evolve"],"picked":"SKIP","floor":2},{"not_picked":["True Grit","Thunderclap"],"picked":"Flame Barrier","floor":3},{"not_picked":["Clothesline","Warcry","Rampage"],"picked":"SKIP","floor":5},{"not_picked":["Thunderclap","Evolve"],"picked":"Armaments","floor":6},{"not_picked":["Anger","Sword Boomerang"],"picked":"Entrench","floor":7},{"not_picked":["Heavy Blade","Combust"],"picked":"Demon Form","floor":11},{"not_picked":["Inflame","Clothesline","Pommel Strike"],"picked":"SKIP","floor":12},{"not_picked":["Exhume","Immolate"],"picked":"Offering","floor":16},{"not_picked":["Body Slam","Anger"],"picked":"Shockwave","floor":18},{"not_picked":["Hemokinesis","Pommel Strike","Burning Pact"],"picked":"SKIP","floor":19},{"not_picked":["True Grit","Flex","Twin Strike+1"],"picked":"SKIP","floor":22},{"not_picked":["Twin Strike","Perfected Strike"],"picked":"Entrench","floor":24},{"not_picked":["Entrench","Sword Boomerang"],"picked":"Armaments+1","floor":25},{"not_picked":["Havoc","Warcry"],"picked":"Iron Wave","floor":29},{"not_picked":["Fire Breathing","Dual Wield"],"picked":"Iron Wave","floor":31}],"player_experience":445931,"relics_obtained":[{"floor":6,"key":"Orichalcum"},{"floor":9,"key":"Incense Burner"},{"floor":25,"key":"Charon\u0027s Ashes"}],"event_choices":[{"damage_healed":0,"gold_gain":0,"player_choice":"Trade","damage_taken":0,"relics_obtained":["FaceOfCleric"],"max_hp_gain":0,"max_hp_loss":0,"event_name":"FaceTrader","floor":4,"gold_loss":0},{"damage_healed":0,"gold_gain":0,"player_choice":"Success","damage_taken":3,"relics_obtained":["Gremlin Horn"],"max_hp_gain":0,"max_hp_loss":0,"event_name":"Scrap Ooze","floor":14,"gold_loss":0},{"damage_healed":0,"gold_gain":0,"player_choice":"Fight","damage_taken":0,"max_hp_gain":0,"max_hp_loss":0,"event_name":"Colosseum","floor":20,"gold_loss":0},{"damage_healed":0,"gold_gain":0,"player_choice":"Fled From Nobs","damage_taken":0,"max_hp_gain":0,"max_hp_loss":0,"event_name":"Colosseum","floor":20,"gold_loss":0},{"damage_healed":32,"gold_gain":0,"player_choice":"Heal","damage_taken":0,"max_hp_gain":0,"max_hp_loss":0,"event_name":"The Library","floor":21,"gold_loss":0},{"damage_healed":0,"gold_gain":99,"player_choice":"Stole From Cult","damage_taken":0,"max_hp_gain":0,"max_hp_loss":0,"event_name":"Nest","floor":28,"gold_loss":0}],"is_beta":false,"boss_relics":[{"not_picked":["Tiny House","Runic Dome"],"picked":"Sozu"}],"items_purged_floors":[],"is_endless":false,"potions_floor_spawned":[2,3,5,7,19,20,22],"killed_by":"Collector","ascension_level":12}