{"gold_per_floor":[118,137,62,62,73,104,104,131,131,131,131,146,146,156,156,227,227,237,162,162,236,5,5,33,62,74,86,113,154,177,18,18,92,92,105,125,138,193,208,242,255,288,314,349,362,362,362,762,762,762,762,762,15,49,49],"floor_reached":56,"playtime":7143,"items_purged":["Strike_R","Shame"],"score":2182,"play_id":"a7d326e8-3d53-4cd9-aa5a-1eb0066c36cc","local_time":"20190311140037","is_ascension_mode":true,"campfire_choices":[{"data":"Uppercut","floor":7,"key":"SMITH"},{"floor":10,"key":"REST"},{"data":"Sword Boomerang","floor":13,"key":"SMITH"},{"data":"Flame Barrier","floor":15,"key":"SMITH"},{"data":"Demon Form","floor":32,"key":"SMITH"},{"floor":46,"key":"RECALL"},{"floor":49,"key":"REST"},{"data":"Feel No Pain","floor":52,"key":"SMITH"}],"neow_cost":"NONE","seed_source_timestamp":2190140762088799,"circlet_count":0,"master_deck":["AscendersBane","Defend_R+1","Defend_R","Defend_R","Defend_R","Bash","Offering","Uppercut+1","Impervious","Evolve","Corruption","Flame Barrier+1","Demon Form+1","Shrug It Off","RitualDagger","Feel No Pain","Shrug It Off","Shrug It Off","Pommel Strike","Flame Barrier+1","Heavy Blade+1","True Grit","Feel No Pain+1","Offering","Juggernaut","Bloodletting","Warcry","Exhume","Headbutt+1","Havoc+1","Parasite","Ghostly Armor","Flame Barrier+1","Flame Barrier","Shrug It Off+1","Intimidate","Armaments"],"relics":["Burning Blood","Paper Frog","FossilizedHelix","Thread and Needle","Sozu","The Courier","Centennial Puzzle","Vajra","MawBank","Dream Catcher","War Paint","Lizard Tail","Unceasing Top","Girya","Anchor","Bottled Tornado","Old Coin","Incense Burner","Mercury Hourglass","Ginger","Pen Nib"],"potions_floor_usage":[8,55,55],"damage_taken":[{"damage":7,"enemies":"2 Louse","floor":1,"turns":3},{"damage":1,"enemies":"Cultist","floor":2,"turns":3},{"damage":11,"enemies":"Small Slimes","floor":5,"turns":3},{"damage":41,"enemies":"3 Sentries","floor":6,"turns":16},{"damage":18,"enemies":"Gremlin Nob","floor":8,"turns":3},{"damage":6,"enemies":"Blue Slaver","floor":12,"turns":4},{"damage":11,"enemies":"Large Slime","floor":14,"turns":6},{"damage":8,"enemies":"Hexaghost","floor":16,"turns":11},{"damage":12,"enemies":"Spheric Guardian","floor":18,"turns":5},{"damage":26,"enemies":"Gremlin Leader","floor":24,"turns":6},{"damage":0,"enemies":"Chosen","floor":25,"turns":4},{"damage":6,"enemies":"Snake Plant","floor":28,"turns":3},{"damage":0,"enemies":"Book of Stabbing","floor":29,"turns":5},{"damage":0,"enemies":"Chosen and Byrds","floor":30,"turns":6},{"damage":12,"enemies":"Champ","floor":33,"turns":7},{"damage":8,"enemies":"Orb Walker","floor":35,"turns":3},{"damage":0,"enemies":"3 Shapes","floor":36,"turns":5},{"damage":12,"enemies":"Sphere and 2 Shapes","floor":37,"turns":6},{"damage":9,"enemies":"2 Orb Walkers","floor":38,"turns":6},{"damage":21,"enemies":"Transient","floor":39,"turns":5},{"damage":12,"enemies":"Giant Head","floor":40,"turns":7},{"damage":12,"enemies":"Writhing Mass","floor":41,"turns":5},{"damage":50,"enemies":"Reptomancer","floor":42,"turns":5},{"damage":0,"enemies":"Giant Head","floor":44,"turns":7},{"damage":0,"enemies":"Spire Growth","floor":45,"turns":5},{"damage":15,"enemies":"Mind Bloom Boss Battle","floor":48,"turns":8},{"damage":27,"enemies":"Awakened One","floor":50,"turns":10},{"damage":16,"enemies":"Shield and Spear","floor":54,"turns":7},{"damage":21,"enemies":"The Heart","floor":55,"turns":8}],"seed_played":"2094521509502072668","potions_obtained":[{"floor":2,"key":"Dexterity Potion"},{"floor":5,"key":"SteroidPotion"},{"floor":8,"key":"Ancient Potion"}],"is_trial":false,"path_per_floor":["M","M","$","?","M","E","R","E","T","R","?","M","R","M","R","B",null,"M","?","?","T","$","?","E","M","T","$","M","E","M","$","R","B",null,"M","M","M","?","M","E","M","E","T","E","M","R","?","?","R","B",null,"R","$","E","B",null],"character_chosen":"IRONCLAD","items_purchased":["Feel No Pain","Centennial Puzzle","Shrug It Off","Shrug It Off","Feel No Pain","Offering","Incense Burner","Mercury Hourglass","Ginger"],"campfire_rested":2,"item_purchase_floors":[22,22,22,22,31,31,53,53,53],"current_hp_per_floor":[71,76,76,69,64,29,29,17,17,41,41,41,41,36,36,34,69,63,63,57,57,57,57,37,43,43,43,43,49,55,55,55,49,72,70,76,70,67,52,46,40,46,46,52,58,58,58,49,73,52,73,73,73,63,48],"gold":49,"neow_bonus":"TRANSFORM_CARD","is_prod":false,"is_daily":false,"chose_seed":false,"campfire_upgraded":5,"win_rate":0,"timestamp":1552327237,"path_taken":["M","M","$","?","M","E","R","E","T","R","?","?","R","M","R","BOSS","M","?","?","?","$","?","E","M","T","?","M","E","?","$","R","BOSS","M","M","M","?","M","E","M","E","T","E","M","R","?","?","R","BOSS","R","$","E","BOSS"],"build_version":"2019-01-23","purchased_purges":2,"victory":true,"max_hp_per_floor":[80,80,80,80,80,80,80,80,80,80,80,80,80,80,80,80,80,80,80,80,80,80,80,80,80,80,80,80,80,80,80,80,80,80,80,80,80,80,80,80,80,80,80,80,80,80,80,80,80,80,80,80,80,80,80],"card_choices":[{"not_picked":["Thunderclap","Sword Boomerang"],"picked":"Uppercut","floor":1},{"not_picked":["Shockwave","Pommel Strike"],"picked":"Impervious","floor":2},{"not_picked":["Sentinel","Clash"],"picked":"Evolve","floor":5},{"not_picked":["Body Slam","Shrug It Off"],"picked":"Corruption","floor":6},{"not_picked":["True Grit","Cleave"],"picked":"Sword Boomerang","floor":8},{"not_picked":["Wild Strike","True Grit","Uppercut"],"picked":"SKIP","floor":12},{"not_picked":["Clash","Pummel"],"picked":"Flame Barrier","floor":14},{"not_picked":["Feed","Reaper"],"picked":"Demon Form","floor":16},{"not_picked":["Warcry","Twin Strike"],"picked":"Shrug It Off","floor":18},{"not_picked":["Offering","Hemokinesis"],"picked":"Pommel Strike","floor":24},{"not_picked":["Clash","Intimidate"],"picked":"Flame Barrier","floor":25},{"not_picked":["Reckless Charge","Cleave"],"picked":"Heavy Blade+1","floor":28},{"not_picked":["Clothesline","Heavy Blade"],"picked":"True Grit","floor":29},{"not_picked":["Iron Wave","Carnage","Cleave"],"picked":"SKIP","floor":30},{"not_picked":["Iron Wave","Carnage","Cleave"],"picked":"SKIP","floor":30},{"not_picked":["Offering","Limit Break"],"picked":"Juggernaut","floor":33},{"not_picked":["Clothesline+1","Combust","Pommel Strike"],"picked":"SKIP","floor":35},{"not_picked":["Havoc+1","Flex"],"picked":"Bloodletting","floor":36},{"not_picked":["Whirlwind","Combust"],"picked":"Warcry","floor":37},{"not_picked":["Disarm","Clothesline+1"],"picked":"Exhume","floor":38},{"not_picked":["Pummel","Anger"],"picked":"Headbutt+1","floor":39},{"not_picked":["Brutality","Perfected Strike"],"picked":"Havoc+1","floor":40},{"not_picked":["Clash","Warcry"],"picked":"Ghostly Armor","floor":41},{"not_picked":["Pommel Strike","True Grit"],"picked":"Flame Barrier+1","floor":42},{"not_picked":["Clash","Pommel Strike+1"],"picked":"Flame Barrier","floor":44},{"not_picked":["Fire Breathing+1","Heavy Blade"],"picked":"Shrug It Off+1","floor":45},{"not_picked":["Warcry+1","Clothesline+1"],"picked":"Intimidate","floor":49},{"not_picked":["Demon Form","Cleave"],"picked":"Armaments","floor":54}],"player_experience":390178,"relics_obtained":[{"floor":6,"key":"Paper Frog"},{"floor":8,"key":"FossilizedHelix"},{"floor":9,"key":"Thread and Needle"},{"floor":21,"key":"The Courier"},{"floor":24,"key":"MawBank"},{"floor":26,"key":"Dream Catcher"},{"floor":29,"key":"War Paint"},{"floor":38,"key":"Unceasing Top"},{"floor":40,"key":"Girya"},{"floor":42,"key":"Anchor"},{"floor":44,"key":"Bottled Tornado"},{"floor":48,"key":"Old Coin"},{"floor":54,"key":"Pen Nib"}],"event_choices":[{"cards_removed":["Strike_R"],"damage_healed":0,"gold_gain":0,"player_choice":"Card Removal","damage_taken":7,"max_hp_gain":0,"max_hp_loss":0,"event_name":"Golden Wing","floor":4,"gold_loss":0},{"cards_removed":["Strike_R"],"damage_healed":0,"gold_gain":0,"player_choice":"Purged","damage_taken":0,"max_hp_gain":0,"max_hp_loss":0,"event_name":"Purifier","floor":11,"gold_loss":0},{"cards_removed":["Strike_R"],"damage_healed":0,"gold_gain":0,"player_choice":"Gave Gold","damage_taken":0,"max_hp_gain":0,"max_hp_loss":0,"event_name":"Beggar","floor":19,"gold_loss":75},{"damage_healed":0,"gold_gain":0,"player_choice":"Joined the Cult","damage_taken":6,"max_hp_gain":0,"max_hp_loss":0,"event_name":"Nest","floor":20,"gold_loss":0,"cards_obtained":["RitualDagger"]},{"damage_healed":0,"gold_gain":0,"player_choice":"Stole Relic","damage_taken":0,"relics_obtained":["Vajra"],"max_hp_gain":0,"max_hp_loss":0,"event_name":"Addict","floor":23,"gold_loss":0,"cards_obtained":["Shame"]},{"damage_healed":0,"gold_gain":0,"player_choice":"Fight","damage_taken":0,"max_hp_gain":0,"max_hp_loss":0,"event_name":"Mysterious Sphere","floor":38,"gold_loss":0},{"cards_removed":["Sword Boomerang"],"damage_healed":0,"gold_gain":0,"player_choice":"Removed Attack","damage_taken":0,"max_hp_gain":0,"max_hp_loss":0,"event_name":"Falling","floor":47,"gold_loss":0},{"damage_healed":0,"gold_gain":0,"player_choice":"Fight","damage_taken":0,"max_hp_gain":0,"max_hp_loss":0,"event_name":"MindBloom","floor":48,"gold_loss":0}],"is_beta":false,"boss_relics":[{"not_picked":["Runic Pyramid","Runic Cube"],"picked":"Sozu"},{"not_picked":["Philosopher\u0027s Stone","Pandora\u0027s Box"],"picked":"Lizard Tail"}],"items_purged_floors":[3,53],"is_endless":false,"potions_floor_spawned":[2,5,8,14,18,28,35,37,38,44,45,54],"ascension_level":13}