{"gold_per_floor":[110,35,45,45,45,70,70,101,101,1,11,31,31,46,46,151,151,163,24,24,42,61,92,92,118,118,218,218,230,62,62,62,165,165,185,202,50,65,77,402,402,432,509,563,573,573,585,598,598,598],"floor_reached":50,"playtime":2995,"items_purged":["Writhe","Combust","Bash"],"score":928,"play_id":"78099090-cfc1-494f-86eb-a1be19cd9eb8","local_time":"20181219013736","is_ascension_mode":true,"campfire_choices":[{"data":"Uppercut","floor":7.0,"key":"SMITH"},{"data":"Juggernaut","floor":13.0,"key":"SMITH"},{"floor":15.0,"key":"REST"},{"data":"Seeing Red","floor":24,"key":"SMITH"},{"data":"Barricade","floor":28,"key":"SMITH"},{"data":"Havoc","floor":32,"key":"SMITH"},{"data":"True Grit","floor":41,"key":"SMITH"},{"data":"True Grit","floor":46,"key":"SMITH"},{"data":"Fiend Fire","floor":49,"key":"SMITH"}],"neow_cost":"CURSE","seed_source_timestamp":0,"circlet_count":0,"master_deck":["True Grit+1","Uppercut+1","Panacea","Juggernaut+1","Feel No Pain","Metallicize","Reckless Charge","Fiend Fire+1","Power Through+1","Dual Wield+1","Juggernaut","Barricade+1","Headbutt","Havoc","Cleave","Warcry+1","Havoc+1","Finesse","Seeing Red+1","Evolve","Seeing Red","True Grit+1","Second Wind","Feed","Intimidate+1","True Grit","Disarm","Seeing Red+1"],"special_seed":0,"relics":["Burning Blood","StoneCalendar","Dead Branch","Bottled Tornado","Charon\u0027s Ashes","Pear","Pandora\u0027s Box","Darkstone Periapt","War Paint","Magic Flower","Sundial","Mango","Kunai","Runic Dome","Old Coin","Blue Candle","Frozen Egg 2","Du-Vu Doll"],"potions_floor_usage":[25,27,33,50,50,50],"damage_taken":[{"damage":9.0,"enemies":"2 Louse","floor":1.0,"turns":4.0},{"damage":8.0,"enemies":"Cultist","floor":3.0,"turns":5.0},{"damage":28.0,"enemies":"Gremlin Nob","floor":6.0,"turns":4.0},{"damage":13.0,"enemies":"Lagavulin","floor":8.0,"turns":7.0},{"damage":0.0,"enemies":"Small Slimes","floor":11.0,"turns":3.0},{"damage":5.0,"enemies":"2 Fungi Beasts","floor":12.0,"turns":3.0},{"damage":23.0,"enemies":"Gremlin Gang","floor":14.0,"turns":4.0},{"damage":0.0,"enemies":"The Guardian","floor":16.0,"turns":7.0},{"damage":9.0,"enemies":"Chosen","floor":18.0,"turns":4.0},{"damage":0,"enemies":"Spheric Guardian","floor":21,"turns":3},{"damage":6,"enemies":"3 Cultists","floor":22,"turns":1},{"damage":26,"enemies":"Slavers","floor":23,"turns":4},{"damage":17,"enemies":"Book of Stabbing","floor":25,"turns":3},{"damage":16,"enemies":"Colosseum Slavers","floor":27,"turns":3},{"damage":26,"enemies":"Colosseum Nobs","floor":27,"turns":4},{"damage":0,"enemies":"Snecko","floor":29,"turns":3},{"damage":7,"enemies":"Collector","floor":33,"turns":8},{"damage":22,"enemies":"3 Darklings","floor":35,"turns":3},{"damage":0,"enemies":"Orb Walker","floor":36,"turns":3},{"damage":6,"enemies":"3 Darklings","floor":38,"turns":3},{"damage":0,"enemies":"Jaw Worm Horde","floor":39,"turns":3},{"damage":18,"enemies":"Reptomancer","floor":40,"turns":4},{"damage":0,"enemies":"Nemesis","floor":42,"turns":5},{"damage":25,"enemies":"2 Orb Walkers","floor":44,"turns":3},{"damage":26,"enemies":"4 Shapes","floor":45,"turns":3},{"damage":8,"enemies":"Maw","floor":47,"turns":5},{"damage":8,"enemies":"Transient","floor":48,"turns":5},{"damage":85,"enemies":"Time Eater","floor":50,"turns":3}],"seed_played":"3317775817615261531","potions_obtained":[{"floor":3.0,"key":"Energy Potion"},{"floor":6.0,"key":"Poison Potion"},{"floor":11.0,"key":"SpeedPotion"},{"floor":14.0,"key":"EssenceOfSteel"},{"floor":21,"key":"Regen Potion"},{"floor":23,"key":"BloodPotion"},{"floor":27,"key":"BloodPotion"},{"floor":29,"key":"FearPotion"},{"floor":35,"key":"Explosive Potion"},{"floor":38,"key":"Fire Potion"},{"floor":39,"key":"Explosive Potion"}],"is_trial":false,"path_per_floor":["M","$","M","?","$","E","R","E","T","?","M","M","R","M","R","B",null,"M","$","T","M","M","E","R","E","T","?","R","M","$","?","R","B",null,"M","M","$","M","M","E","R","E","T","?","M","R","M","M","R","B"],"character_chosen":"IRONCLAD","items_purchased":["Havoc","Finesse","Second Wind","True Grit"],"campfire_rested":1,"item_purchase_floors":[19,19,30,37],"current_hp_per_floor":[69,69,67,67,67,45,45,38,38,48,54,55,55,38,65,71,85,82,82,82,88,88,68,68,66,66,70,70,79,79,79,79,96,102,89,103,103,106,107,98,98,107,107,91,74,74,75,76,76,0],"gold":598,"neow_bonus":"ONE_RARE_RELIC","is_prod":false,"is_daily":false,"chose_seed":false,"campfire_upgraded":8,"win_rate":0,"timestamp":1545190656,"path_taken":["M","$","M","?","?","E","R","E","T","?","?","M","R","M","R","BOSS","M","$","?","M","M","E","R","E","T","?","R","M","$","?","R","BOSS","M","M","$","M","M","E","R","E","T","?","M","R","M","M","R","BOSS"],"build_version":"2018-12-13","purchased_purges":3,"victory":false,"max_hp_per_floor":[80,80,80,80,80,80,80,80,80,90,90,90,90,90,90,90,90,90,90,90,90,90,90,90,90,90,104,104,104,104,104,104,104,104,104,107,107,107,107,107,107,107,107,107,107,107,107,107,107,107],"card_choices":[{"not_picked":["Power Through","Anger"],"picked":"True Grit","floor":1.0},{"not_picked":["Fire Breathing","Pommel Strike"],"picked":"Uppercut","floor":3.0},{"not_picked":["Thunderclap","Wild Strike"],"picked":"Juggernaut","floor":6.0},{"not_picked":["Shrug It Off","Rupture"],"picked":"Feel No Pain","floor":8.0},{"not_picked":["Sword Boomerang","Searing Blow"],"picked":"Metallicize","floor":11.0},{"not_picked":["Spot Weakness","Carnage","Clash"],"picked":"SKIP","floor":12.0},{"not_picked":["Spot Weakness","Carnage","Clash"],"picked":"SKIP","floor":12.0},{"not_picked":["Rage","Reckless Charge","Wild Strike"],"picked":"SKIP","floor":14.0},{"not_picked":["Rage","Wild Strike"],"picked":"Reckless Charge","floor":14.0},{"not_picked":["Barricade","Dark Embrace"],"picked":"Fiend Fire","floor":16.0},{"not_picked":["Perfected Strike","Clothesline+1"],"picked":"Warcry+1","floor":18.0},{"not_picked":["Headbutt","Sword Boomerang"],"picked":"Seeing Red","floor":21},{"not_picked":["Thunderclap+1","Anger","Clothesline"],"picked":"SKIP","floor":22},{"not_picked":["Perfected Strike+1","Armaments"],"picked":"Evolve","floor":23},{"not_picked":["Twin Strike+1","Heavy Blade","Body Slam"],"picked":"SKIP","floor":25},{"not_picked":["Combust+1","Rampage"],"picked":"Seeing Red","floor":27},{"not_picked":["Flex+1","Sever Soul+1"],"picked":"True Grit","floor":29},{"not_picked":["Double Tap","Bludgeon"],"picked":"Feed","floor":33},{"not_picked":["Rampage","Flex"],"picked":"Intimidate+1","floor":35},{"not_picked":["Iron Wave+1","Body Slam","Dual Wield+1"],"picked":"SKIP","floor":36},{"not_picked":["Iron Wave","Clash+1","Double Tap"],"picked":"SKIP","floor":38},{"not_picked":["Shrug It Off","Entrench+1","Clash"],"picked":"SKIP","floor":39},{"not_picked":["Pommel Strike","Blood for Blood+1","Carnage"],"picked":"SKIP","floor":40},{"not_picked":["Sentinel","Rampage","Clothesline+1"],"picked":"SKIP","floor":42},{"not_picked":["Rampage","Feed"],"picked":"Disarm","floor":45},{"not_picked":["Carnage+1","Anger"],"picked":"Seeing Red+1","floor":47},{"not_picked":["Heavy Blade","Thunderclap+1","Twin Strike+1"],"picked":"SKIP","floor":48}],"player_experience":612469,"relics_obtained":[{"floor":6.0,"key":"Dead Branch"},{"floor":8.0,"key":"Bottled Tornado"},{"floor":9.0,"key":"Charon\u0027s Ashes"},{"floor":20,"key":"Darkstone Periapt"},{"floor":23,"key":"War Paint"},{"floor":25,"key":"Magic Flower"},{"floor":26,"key":"Sundial"},{"floor":27,"key":"Mango"},{"floor":27,"key":"Kunai"},{"floor":40,"key":"Old Coin"},{"floor":42,"key":"Blue Candle"},{"floor":43,"key":"Frozen Egg 2"},{"floor":44,"key":"Du-Vu Doll"}],"event_choices":[{"damage_healed":0.0,"max_hp_gain":0.0,"max_hp_loss":0.0,"gold_gain":0.0,"event_name":"Match and Keep!","player_choice":"1 cards matched","floor":4.0,"gold_loss":0.0,"damage_taken":0.0,"cards_obtained":["Panacea"]},{"damage_healed":0.0,"max_hp_gain":0.0,"max_hp_loss":0.0,"gold_gain":0.0,"event_name":"WeMeetAgain","player_choice":"Paid Gold","floor":10.0,"gold_loss":100.0,"damage_taken":0.0,"relics_obtained":["Pear"]},{"damage_healed":0,"gold_gain":0,"player_choice":"Fight","damage_taken":0,"max_hp_gain":0,"max_hp_loss":0,"event_name":"Colosseum","floor":27,"gold_loss":0},{"damage_healed":0,"gold_gain":0,"player_choice":"Fought Nobs","damage_taken":0,"max_hp_gain":0,"max_hp_loss":0,"event_name":"Colosseum","floor":27,"gold_loss":0},{"cards_removed":["Spot Weakness"],"damage_healed":0,"gold_gain":0,"player_choice":"Elegance","damage_taken":0,"max_hp_gain":0,"max_hp_loss":0,"event_name":"Back to Basics","floor":31,"gold_loss":0},{"damage_healed":0,"gold_gain":0,"player_choice":"Fight","damage_taken":0,"max_hp_gain":0,"max_hp_loss":0,"event_name":"Mysterious Sphere","floor":44,"gold_loss":0}],"is_beta":false,"boss_relics":[{"not_picked":["Philosopher\u0027s Stone","Astrolabe"],"picked":"Pandora\u0027s Box"},{"not_picked":["Coffee Dripper","Runic Pyramid"],"picked":"Runic Dome"}],"items_purged_floors":[2,30,37],"is_endless":false,"potions_floor_spawned":[3,6,11,14,21,23,27,27,29,35,38,39,42],"killed_by":"Time Eater","ascension_level":8}