{"gold_per_floor":[115,115,135,151,161,192,192,203,285,235,235,235],"floor_reached":12,"playtime":448,"items_purged":[],"score":92,"play_id":"dcf33651-2b48-4eea-bc21-dd5cd0a84096","local_time":"20190303235521","is_ascension_mode":true,"campfire_choices":[{"floor":7,"key":"REST"}],"neow_cost":"NONE","seed_source_timestamp":94637162654819,"circlet_count":0,"master_deck":["Strike_R","Strike_R","Strike_R","Strike_R","Strike_R","Defend_R","Bash","Perfected Strike","True Grit","Uppercut","Twin Strike","Iron Wave"],"relics":["Burning Blood","NeowsBlessing","Strawberry"],"potions_floor_usage":[6,8],"damage_taken":[{"damage":0,"enemies":"Small Slimes","floor":1,"turns":1},{"damage":0,"enemies":"Cultist","floor":3,"turns":1},{"damage":0,"enemies":"2 Louse","floor":4,"turns":1},{"damage":25,"enemies":"Exordium Thugs","floor":5,"turns":5},{"damage":60,"enemies":"3 Sentries","floor":6,"turns":9},{"damage":15,"enemies":"Large Slime","floor":8,"turns":6},{"damage":46,"enemies":"Lagavulin","floor":12,"turns":5}],"seed_played":"5817008994087119604","potions_obtained":[{"floor":3,"key":"Poison Potion"},{"floor":5,"key":"BloodPotion"},{"floor":6,"key":"Regen Potion"}],"is_trial":false,"path_per_floor":["M","?","M","M","M","E","R","M","T","?","?","E"],"character_chosen":"IRONCLAD","items_purchased":[],"campfire_rested":1,"item_purchase_floors":[],"current_hp_per_floor":[80,80,80,80,61,22,48,39,39,39,32,0],"gold":235,"neow_bonus":"THREE_ENEMY_KILL","is_prod":false,"is_daily":false,"chose_seed":false,"campfire_upgraded":0,"win_rate":0,"timestamp":1551678921,"path_taken":["M","?","M","?","?","E","R","M","T","?","?","E"],"build_version":"2019-01-23","purchased_purges":0,"victory":false,"max_hp_per_floor":[80,80,80,80,80,87,87,87,87,87,87,87],"card_choices":[{"not_picked":["Pommel Strike","Evolve"],"picked":"Perfected Strike","floor":1},{"not_picked":["Fire Breathing","Clash","Blood for Blood"],"picked":"SKIP","floor":3},{"not_picked":["Second Wind","Heavy Blade"],"picked":"True Grit","floor":4},{"not_picked":["Anger","Clothesline"],"picked":"Uppercut","floor":5},{"not_picked":["Clash","Fiend Fire"],"picked":"Twin Strike","floor":6},{"not_picked":["Warcry","Whirlwind"],"picked":"Iron Wave","floor":8}],"player_experience":180361,"relics_obtained":[{"floor":6,"key":"Strawberry"}],"event_choices":[{"cards_removed":["Defend_R"],"damage_healed":0,"gold_gain":0,"player_choice":"Purged","damage_taken":0,"max_hp_gain":0,"max_hp_loss":0,"event_name":"Purifier","floor":2,"gold_loss":0},{"cards_removed":["Defend_R"],"damage_healed":0,"gold_gain":0,"player_choice":"Card Removal","damage_taken":0,"max_hp_gain":0,"max_hp_loss":0,"event_name":"The Cleric","floor":10,"gold_loss":50},{"cards_removed":["Defend_R"],"damage_healed":0,"gold_gain":0,"player_choice":"Card Removal","damage_taken":7,"max_hp_gain":0,"max_hp_loss":0,"event_name":"Golden Wing","floor":11,"gold_loss":0}],"is_beta":false,"boss_relics":[],"items_purged_floors":[],"is_endless":false,"potions_floor_spawned":[3,5,6],"killed_by":"Lagavulin","ascension_level":3}