{"gold_per_floor":[118,136,153,328,328,355,373,373,427,427,444,454,454,467,467,467],"floor_reached":16,"playtime":525,"items_purged":[],"score":177,"play_id":"981c50e6-c308-42cd-b1e2-2249d3035fae","local_time":"20190219204229","is_ascension_mode":true,"campfire_choices":[{"floor":10,"key":"REST"},{"floor":13,"key":"REST"},{"data":"True Grit","floor":15,"key":"SMITH"}],"neow_cost":"NONE","seed_source_timestamp":41965805742326,"circlet_count":0,"master_deck":["AscendersBane","Strike_R","Strike_R","Strike_R","Strike_R","Strike_R","Defend_R+1","Defend_R","Defend_R","Defend_R","Bash","Fire Breathing","Anger","Infernal Blade+1","Cleave","True Grit+1","Regret","Iron Wave","Dual Wield","Offering"],"relics":["Burning Blood","Gremlin Horn","War Paint","Bronze Scales"],"potions_floor_usage":[6,16],"damage_taken":[{"damage":0,"enemies":"2 Louse","floor":1,"turns":3},{"damage":9,"enemies":"Small Slimes","floor":2,"turns":4},{"damage":9,"enemies":"Jaw Worm","floor":3,"turns":4},{"damage":35,"enemies":"3 Sentries","floor":6,"turns":7},{"damage":4,"enemies":"2 Fungi Beasts","floor":7,"turns":4},{"damage":24,"enemies":"Exordium Wildlife","floor":11,"turns":5},{"damage":5,"enemies":"Blue Slaver","floor":12,"turns":3},{"damage":7,"enemies":"Looter","floor":14,"turns":3},{"damage":80,"enemies":"The Guardian","floor":16,"turns":11}],"seed_played":"1401329637632640897","potions_obtained":[{"floor":1,"key":"SteroidPotion"},{"floor":2,"key":"LiquidBronze"},{"floor":12,"key":"Energy Potion"}],"is_trial":false,"path_per_floor":["M","M","M","?","?","E","M","?","T","R","M","M","R","M","R","B"],"character_chosen":"IRONCLAD","items_purchased":[],"campfire_rested":2,"item_purchase_floors":[],"current_hp_per_floor":[81,78,75,75,75,46,48,48,48,72,54,55,79,78,78,0],"gold":467,"neow_bonus":"TEN_PERCENT_HP_BONUS","is_prod":false,"is_daily":false,"chose_seed":false,"campfire_upgraded":1,"win_rate":0,"timestamp":1550644949,"path_taken":["M","M","M","?","?","E","?","?","T","R","M","M","R","M","R","BOSS"],"build_version":"2019-01-23","purchased_purges":0,"victory":false,"max_hp_per_floor":[82,82,82,82,82,82,82,82,82,82,82,82,82,82,82,82],"card_choices":[{"not_picked":["Thunderclap","True Grit"],"picked":"Fire Breathing","floor":1},{"not_picked":["Havoc","Clothesline"],"picked":"Anger","floor":2},{"not_picked":["Iron Wave","Anger"],"picked":"Infernal Blade","floor":3},{"not_picked":["Flex","Ghostly Armor"],"picked":"Cleave","floor":6},{"not_picked":["Thunderclap","Fire Breathing"],"picked":"True Grit","floor":7},{"not_picked":["Metallicize","Havoc"],"picked":"Iron Wave","floor":11},{"not_picked":["Heavy Blade","Intimidate"],"picked":"Dual Wield","floor":12},{"not_picked":["Power Through","True Grit"],"picked":"Offering","floor":14}],"player_experience":455302,"relics_obtained":[{"floor":6,"key":"Gremlin Horn"},{"floor":9,"key":"Bronze Scales"}],"event_choices":[{"damage_healed":0,"gold_gain":175,"player_choice":"AGREE","damage_taken":0,"max_hp_gain":0,"max_hp_loss":0,"event_name":"Liars Game","floor":4,"gold_loss":0,"cards_obtained":["Doubt"]},{"cards_removed":["Doubt"],"damage_healed":0,"gold_gain":0,"player_choice":"Forget","damage_taken":0,"max_hp_gain":0,"max_hp_loss":0,"event_name":"Living Wall","floor":5,"gold_loss":0},{"damage_healed":0,"gold_gain":0,"player_choice":"Box","damage_taken":0,"relics_obtained":["War Paint"],"max_hp_gain":0,"max_hp_loss":0,"event_name":"Big Fish","floor":8,"gold_loss":0,"cards_obtained":["Regret"]}],"is_beta":false,"boss_relics":[],"items_purged_floors":[],"is_endless":false,"potions_floor_spawned":[1,2,12],"killed_by":"The Guardian","ascension_level":14}