{"gold_per_floor":[113,38,38,57,57,91,104,122,122,92,42,19,19,32,32,129,129,139,139,151,51,61,61,94,113,113,113,148,148,173,48,48,48],"floor_reached":33,"playtime":2932,"items_purged":["Strike_B","Defend_B","Defend_B"],"score":377,"play_id":"d7536890-c664-43d4-bae2-d0dae4783e38","local_time":"20190307211520","is_ascension_mode":true,"campfire_choices":[{"data":"White Noise","floor":15,"key":"SMITH"},{"data":"Rainbow","floor":23,"key":"SMITH"},{"floor":27,"key":"REST"},{"floor":29,"key":"REST"},{"data":"Creative AI","floor":32,"key":"SMITH"}],"neow_cost":"NONE","seed_source_timestamp":279624495110504,"circlet_count":0,"master_deck":["Defend_B","Defend_B","Zap+1","Dualcast","Sweeping Beam","Rebound","Creative AI+1","White Noise+1","Defragment","FTL","Conserve Battery","Beam Cell","Rainbow+1","Redo+1","Coolheaded+1","Ball Lightning","Glacier+1","Ball Lightning"],"relics":["Cracked Core","NeowsBlessing","Matryoshka","Peace Pipe","DataDisk","Nuclear Battery","PreservedInsect","Symbiotic Virus","War Paint","Anchor"],"potions_floor_usage":[28,30],"damage_taken":[{"damage":0,"enemies":"2 Louse","floor":1,"turns":1},{"damage":0,"enemies":"Jaw Worm","floor":4,"turns":1},{"damage":0,"enemies":"Lagavulin","floor":6,"turns":1},{"damage":8,"enemies":"Small Slimes","floor":7,"turns":5},{"damage":6,"enemies":"Blue Slaver","floor":8,"turns":4},{"damage":1,"enemies":"Looter","floor":10,"turns":4},{"damage":16,"enemies":"Lots of Slimes","floor":14,"turns":2},{"damage":12,"enemies":"The Guardian","floor":16,"turns":7},{"damage":17,"enemies":"Chosen","floor":18,"turns":5},{"damage":0,"enemies":"Spheric Guardian","floor":20,"turns":3},{"damage":15,"enemies":"Shelled Parasite and Fungi","floor":22,"turns":5},{"damage":29,"enemies":"Slavers","floor":24,"turns":4},{"damage":0,"enemies":"Centurion and Healer","floor":25,"turns":7},{"damage":14,"enemies":"Gremlin Leader","floor":28,"turns":4},{"damage":3,"enemies":"Slavers","floor":30,"turns":5},{"damage":68,"enemies":"Collector","floor":33,"turns":7}],"seed_played":"2865251020807041725","potions_obtained":[{"floor":4,"key":"Ancient Potion"},{"floor":16,"key":"SmokeBomb"},{"floor":24,"key":"Block Potion"},{"floor":28,"key":"EssenceOfSteel"}],"is_trial":false,"path_per_floor":["M","$","?","M","?","E","M","M","T","M","?","$","$","M","R","B",null,"M","?","M","$","M","R","E","M","T","R","E","R","E","$","R","B"],"character_chosen":"DEFECT","items_purchased":["Conserve Battery"],"campfire_rested":2,"item_purchase_floors":[12],"current_hp_per_floor":[75,75,80,80,80,80,72,66,66,65,65,65,65,49,49,37,80,63,63,63,63,48,48,19,19,19,43,29,53,50,50,50,0],"gold":48,"neow_bonus":"THREE_ENEMY_KILL","is_prod":false,"is_daily":false,"chose_seed":false,"campfire_upgraded":3,"win_rate":0,"timestamp":1552014920,"path_taken":["M","$","?","M","?","E","M","M","T","M","?","?","$","M","R","BOSS","M","?","M","$","M","R","E","M","T","R","E","R","E","$","R","BOSS"],"build_version":"2019-01-23","purchased_purges":3,"victory":false,"max_hp_per_floor":[75,75,80,80,80,80,80,80,80,80,80,80,80,80,80,80,80,80,80,80,80,80,80,80,80,80,80,80,80,80,80,80,80],"card_choices":[{"not_picked":["Beam Cell","Cold Snap"],"picked":"Sweeping Beam","floor":1},{"not_picked":["Darkness","Sweeping Beam"],"picked":"Rebound","floor":4},{"not_picked":["Genetic Algorithm","Chill"],"picked":"Creative AI","floor":6},{"not_picked":["Cold Snap","Sweeping Beam"],"picked":"White Noise","floor":7},{"not_picked":["Steam","Chaos"],"picked":"Defragment","floor":8},{"not_picked":["Streamline","Rebound"],"picked":"FTL","floor":10},{"not_picked":["Stack","Static Discharge"],"picked":"Beam Cell","floor":14},{"not_picked":["Thunder Strike","Reboot"],"picked":"Rainbow","floor":16},{"not_picked":["Turbo","Double Energy"],"picked":"Redo+1","floor":18},{"not_picked":["Conserve Battery","Loop+1"],"picked":"Coolheaded+1","floor":20},{"not_picked":["Go for the Eyes","Double Energy"],"picked":"Ball Lightning","floor":22},{"not_picked":["Auto Shields","Turbo"],"picked":"Glacier","floor":24},{"not_picked":["Streamline+1","Sweeping Beam"],"picked":"Ball Lightning","floor":25},{"not_picked":["Loop+1","Biased Cognition","Sweeping Beam"],"picked":"SKIP","floor":28},{"not_picked":["Undo","Compile Driver","Static Discharge"],"picked":"SKIP","floor":30}],"player_experience":216833,"relics_obtained":[{"floor":6,"key":"Matryoshka"},{"floor":9,"key":"Peace Pipe"},{"floor":9,"key":"DataDisk"},{"floor":24,"key":"PreservedInsect"},{"floor":26,"key":"Symbiotic Virus"},{"floor":28,"key":"War Paint"},{"floor":30,"key":"Anchor"}],"event_choices":[{"damage_healed":0,"gold_gain":0,"player_choice":"Donut","damage_taken":0,"max_hp_gain":5,"max_hp_loss":0,"event_name":"Big Fish","floor":3,"gold_loss":0},{"cards_removed":["Strike_B"],"damage_healed":0,"gold_gain":0,"player_choice":"Forget","damage_taken":0,"max_hp_gain":0,"max_hp_loss":0,"event_name":"Living Wall","floor":5,"gold_loss":0},{"cards_removed":["Strike_B"],"damage_healed":0,"gold_gain":0,"player_choice":"Card Removal","damage_taken":0,"max_hp_gain":0,"max_hp_loss":0,"event_name":"The Cleric","floor":11,"gold_loss":50},{"cards_removed":["Strike_B"],"damage_healed":0,"gold_gain":0,"player_choice":"Purged","damage_taken":0,"max_hp_gain":0,"max_hp_loss":0,"event_name":"Purifier","floor":19,"gold_loss":0}],"is_beta":false,"boss_relics":[{"not_picked":["Philosopher\u0027s Stone","Cursed Key"],"picked":"Nuclear Battery"}],"items_purged_floors":[2,21,31],"is_endless":false,"potions_floor_spawned":[4,16,24,28],"killed_by":"Collector","ascension_level":3}