{"gold_per_floor":[119,131,131,151,114,114,146,158,208,208,226,236,268,283,283,283],"floor_reached":16,"playtime":832,"items_purged":[],"score":125,"play_id":"48ddee81-32b2-4869-8fe9-0bab6ba0d5c3","local_time":"20190311003812","is_ascension_mode":true,"campfire_choices":[{"data":"Neutralize","floor":6,"key":"SMITH"},{"floor":15,"key":"REST"}],"neow_cost":"NONE","seed_source_timestamp":109750002961130,"circlet_count":0,"master_deck":["Defend_G","Defend_G","Defend_G","Defend_G","Defend_G","Strike_G","Strike_G","Strike_G","Strike_G","Strike_G","Survivor","Neutralize+1","Deflect","Deadly Poison","Caltrops","Crippling Poison","Leg Sweep","Caltrops","Dagger Spray","Noxious Fumes"],"relics":["Ring of the Snake","Question Card","Lantern","Ancient Tea Set"],"potions_floor_usage":[7,13,13,16,16,16],"damage_taken":[{"damage":6,"enemies":"Jaw Worm","floor":1,"turns":5},{"damage":0,"enemies":"Cultist","floor":2,"turns":4},{"damage":0,"enemies":"2 Louse","floor":4,"turns":4},{"damage":8,"enemies":"Lagavulin","floor":7,"turns":8},{"damage":3,"enemies":"Exordium Wildlife","floor":8,"turns":6},{"damage":2,"enemies":"Blue Slaver","floor":11,"turns":4},{"damage":1,"enemies":"Looter","floor":12,"turns":4},{"damage":33,"enemies":"Gremlin Nob","floor":13,"turns":5},{"damage":0,"enemies":"Lots of Slimes","floor":14,"turns":2},{"damage":48,"enemies":"Slime Boss","floor":16,"turns":9}],"seed_played":"5991421220983438613","potions_obtained":[{"floor":2,"key":"Strength Potion"},{"floor":8,"key":"FearPotion"},{"floor":10,"key":"SteroidPotion"},{"floor":10,"key":"SkillPotion"},{"floor":13,"key":"SteroidPotion"},{"floor":14,"key":"Strength Potion"}],"is_trial":false,"path_per_floor":["M","M","$","M","$","R","E","M","T","?","M","M","E","M","R","B"],"character_chosen":"THE_SILENT","items_purchased":["Caltrops"],"campfire_rested":1,"item_purchase_floors":[5],"current_hp_per_floor":[71,71,71,71,71,71,63,60,60,60,58,57,24,24,47,0],"gold":283,"neow_bonus":"TEN_PERCENT_HP_BONUS","is_prod":false,"is_daily":false,"chose_seed":false,"campfire_upgraded":1,"win_rate":0,"timestamp":1552261092,"path_taken":["M","M","$","M","$","R","E","M","T","?","?","M","E","M","R","BOSS"],"build_version":"2019-01-23","purchased_purges":0,"victory":false,"max_hp_per_floor":[77,77,77,77,77,77,77,77,77,77,77,77,77,77,77,77],"card_choices":[{"not_picked":["Blur","Predator"],"picked":"Deflect","floor":1},{"not_picked":["Backflip","Escape Plan"],"picked":"Deadly Poison","floor":2},{"not_picked":["Setup","Tactician","Bane"],"picked":"SKIP","floor":4},{"not_picked":["Masterful Stab","Doppelganger"],"picked":"Crippling Poison","floor":7},{"not_picked":["Slice","Infinite Blades","Poisoned Stab","Bane"],"picked":"SKIP","floor":8},{"not_picked":["Concentrate","Deadly Poison","Acrobatics"],"picked":"Leg Sweep","floor":11},{"not_picked":["PiercingWail","Prepared","Underhanded Strike"],"picked":"Caltrops","floor":12},{"not_picked":["Dagger Throw","Underhanded Strike","Glass Knife"],"picked":"Dagger Spray","floor":13},{"not_picked":["Underhanded Strike","Backflip","Acrobatics"],"picked":"Noxious Fumes","floor":14}],"player_experience":162285,"relics_obtained":[{"floor":7,"key":"Question Card"},{"floor":9,"key":"Lantern"},{"floor":13,"key":"Ancient Tea Set"}],"event_choices":[{"damage_healed":0,"gold_gain":0,"player_choice":"Got Potions","damage_taken":0,"max_hp_gain":0,"max_hp_loss":0,"event_name":"Lab","floor":10,"gold_loss":0}],"is_beta":false,"boss_relics":[],"items_purged_floors":[],"is_endless":false,"potions_floor_spawned":[2,8,11,13,14],"killed_by":"Slime Boss","ascension_level":2}