{"gold_per_floor":[112,122,139,153,169,202,202,222,222,107,107,107,127,141,141,243,243,258,258,258,158,248,248],"floor_reached":23,"playtime":1091,"items_purged":["Defend_R","Strike_R"],"score":203,"play_id":"f1308018-f4ff-4760-bb3b-9a88c44d73de","local_time":"20190310164327","is_ascension_mode":true,"campfire_choices":[{"data":"Armaments","floor":7,"key":"SMITH"},{"data":"Uppercut","floor":11,"key":"SMITH"},{"data":"Body Slam","floor":15,"key":"SMITH"}],"neow_cost":"NONE","seed_source_timestamp":81004772946282,"circlet_count":0,"master_deck":["Strike_R","Strike_R","Strike_R","Strike_R","Defend_R","Defend_R","Defend_R","Bash+1","Shrug It Off","Shrug It Off","Armaments+1","Body Slam+1","Ghostly Armor","Uppercut+1","Rampage+1","Dramatic Entrance+1","Reaper+1","RitualDagger+1"],"relics":["Burning Blood","Bag of Marbles","Molten Egg 2","Black Star"],"potions_floor_usage":[6,16],"damage_taken":[{"damage":0,"enemies":"Small Slimes","floor":1,"turns":3},{"damage":0,"enemies":"Cultist","floor":2,"turns":3},{"damage":4,"enemies":"Jaw Worm","floor":3,"turns":4},{"damage":5,"enemies":"Red Slaver","floor":4,"turns":6},{"damage":8,"enemies":"Large Slime","floor":5,"turns":11},{"damage":25,"enemies":"Lagavulin","floor":6,"turns":13},{"damage":2,"enemies":"2 Fungi Beasts","floor":8,"turns":6},{"damage":7,"enemies":"Looter","floor":13,"turns":2},{"damage":0,"enemies":"Blue Slaver","floor":14,"turns":3},{"damage":23,"enemies":"The Guardian","floor":16,"turns":14},{"damage":5,"enemies":"Chosen","floor":18,"turns":4},{"damage":62,"enemies":"Gremlin Leader","floor":23,"turns":7}],"seed_played":"389770830421600399","potions_obtained":[{"floor":1,"key":"GamblersBrew"},{"floor":2,"key":"SkillPotion"},{"floor":3,"key":"GamblersBrew"},{"floor":6,"key":"Poison Potion"}],"is_trial":false,"path_per_floor":["M","M","M","M","M","E","R","M","T","$","R","?","M","M","R","B",null,"M","?","?","$","?","E"],"character_chosen":"IRONCLAD","items_purchased":["Rampage+1"],"campfire_rested":0,"item_purchase_floors":[10],"current_hp_per_floor":[80,80,80,80,78,59,59,63,63,63,63,63,62,68,68,51,80,80,65,59,59,43,0],"gold":248,"neow_bonus":"UPGRADE_CARD","is_prod":false,"is_daily":false,"chose_seed":false,"campfire_upgraded":3,"win_rate":0,"timestamp":1552232607,"path_taken":["M","M","M","M","M","E","R","M","T","$","R","?","M","M","R","BOSS","M","?","?","$","?","E"],"build_version":"2019-01-23","purchased_purges":2,"victory":false,"max_hp_per_floor":[80,80,80,80,80,80,80,80,80,80,80,80,80,80,80,80,80,80,85,85,85,85,85],"card_choices":[{"not_picked":["Feel No Pain","Rupture"],"picked":"Shrug It Off","floor":1},{"not_picked":["Pommel Strike","Havoc","Wild Strike"],"picked":"SKIP","floor":2},{"not_picked":["Rage","Corruption"],"picked":"Shrug It Off","floor":3},{"not_picked":["Anger","Pommel Strike"],"picked":"Armaments","floor":4},{"not_picked":["Cleave","Heavy Blade"],"picked":"Body Slam","floor":5},{"not_picked":["Brutality","Twin Strike"],"picked":"Ghostly Armor","floor":6},{"not_picked":["Power Through","Sword Boomerang"],"picked":"Uppercut","floor":8},{"not_picked":["Body Slam+1","Iron Wave+1","Havoc"],"picked":"SKIP","floor":13},{"not_picked":["Corruption","Sword Boomerang+1","Dual Wield"],"picked":"SKIP","floor":14},{"not_picked":["Bludgeon+1","Demon Form"],"picked":"Reaper+1","floor":16},{"not_picked":["Fire Breathing","Reckless Charge+1","Dropkick+1"],"picked":"SKIP","floor":18}],"player_experience":152910,"relics_obtained":[{"floor":6,"key":"Bag of Marbles"},{"floor":9,"key":"Molten Egg 2"}],"event_choices":[{"damage_healed":0,"gold_gain":0,"player_choice":"1 cards matched","damage_taken":0,"max_hp_gain":0,"max_hp_loss":0,"event_name":"Match and Keep!","floor":12,"gold_loss":0,"cards_obtained":["Dramatic Entrance"]},{"damage_healed":0,"gold_gain":0,"player_choice":"Shed Blood","damage_taken":20,"max_hp_gain":5,"max_hp_loss":0,"event_name":"Forgotten Altar","floor":19,"gold_loss":0},{"damage_healed":0,"gold_gain":0,"player_choice":"Joined the Cult","damage_taken":6,"max_hp_gain":0,"max_hp_loss":0,"event_name":"Nest","floor":20,"gold_loss":0,"cards_obtained":["RitualDagger"]},{"damage_healed":0,"gold_gain":90,"player_choice":"GOLD ","damage_taken":16,"max_hp_gain":0,"max_hp_loss":0,"event_name":"Knowing Skull","floor":22,"potions_obtained":[],"gold_loss":0,"cards_obtained":[]}],"is_beta":false,"boss_relics":[{"not_picked":["Snecko Eye","White Beast Statue"],"picked":"Black Star"}],"items_purged_floors":[10,21],"is_endless":false,"potions_floor_spawned":[1,2,3,6,14],"killed_by":"Gremlin Leader","ascension_level":1}