{"gold_per_floor":[118,118,118,118,132,132,132,159,184,195,195],"floor_reached":11,"playtime":535,"items_purged":[],"score":71,"play_id":"f3ade48f-bf19-4c76-bb83-c94ec332435f","local_time":"20180718234642","is_ascension_mode":false,"campfire_choices":[{"data":"Steam Power","floor":6,"key":"SMITH"}],"neow_cost":"NONE","seed_source_timestamp":3955583652718,"circlet_count":0,"master_deck":["Strike_B","Strike_B","Strike_B","Strike_B","Defend_B","Defend_B","Defend_B","Zap+1","Dualcast","Steam Power+1","Beam Cell","Beam Cell","Tempest","Compile Driver"],"relics":["Cracked Core","Regal Pillow","Mercury Hourglass","Lantern"],"potions_floor_usage":[],"damage_taken":[{"damage":0,"enemies":"Small Slimes","floor":1,"turns":2},{"damage":7,"enemies":"2 Louse","floor":5,"turns":2},{"damage":23,"enemies":"Lagavulin","floor":8,"turns":5},{"damage":11,"enemies":"Jaw Worm","floor":10,"turns":2},{"damage":36,"enemies":"Gremlin Gang","floor":11,"turns":2}],"seed_played":"3155976574325563320","potions_obtained":[{"floor":8,"key":"Energy Potion"},{"floor":10,"key":"SteroidPotion"}],"is_trial":false,"path_per_floor":["M","?","?","?","M","R","?","E","T","M"],"character_chosen":"DEFECT","items_purchased":[],"campfire_rested":0,"item_purchase_floors":[],"current_hp_per_floor":[75,75,72,72,65,65,65,42,42,31,0],"gold":195,"neow_bonus":"THREE_CARDS","is_prod":false,"is_daily":false,"chose_seed":false,"campfire_upgraded":1,"win_rate":0,"timestamp":1531975602,"path_taken":["M","?","?","?","M","R","?","E","T","M","M"],"build_version":"2018-07-12","purchased_purges":0,"victory":false,"max_hp_per_floor":[75,75,75,75,75,75,75,75,75,75,75],"card_choices":[{"not_picked":["Stack","Barrage"],"picked":"Steam Power","floor":0},{"not_picked":["Reprogram","Recycle"],"picked":"Beam Cell","floor":1},{"not_picked":["Barrage","Go for the Eyes"],"picked":"Beam Cell","floor":5},{"not_picked":["Compile Driver","Turbo"],"picked":"Tempest","floor":8},{"not_picked":["Tempest","Leap"],"picked":"Compile Driver","floor":10}],"player_experience":23482,"relics_obtained":[{"floor":8,"key":"Mercury Hourglass"},{"floor":9,"key":"Lantern"}],"event_choices":[{"event_name":"Living Wall","player_choice":"Grow","floor":2,"damage_taken":0},{"event_name":"Scrap Ooze","player_choice":"success","floor":3,"damage_taken":3},{"event_name":"Purifier","player_choice":"One Purge","floor":4,"damage_taken":0},{"event_name":"Liars Game","player_choice":"disagreed","floor":7,"damage_taken":0}],"boss_relics":[],"items_purged_floors":[],"is_endless":false,"potions_floor_spawned":[8,10],"killed_by":"Gremlin Gang","ascension_level":0}