{"gold_per_floor":[116,135,153,103,178,178,206,306,306,306,316,335,335,364,364,463,463,482,497,407,25,39,39,58,88,88,88,104,104,123,136,136,239,239,251,83,83,95,0,0],"floor_reached":40,"playtime":2069,"items_purged":["Strike_R","Headbutt"],"score":627,"play_id":"d5bd34c6-33bf-4b84-b2b2-fa3b8ffdc6f0","local_time":"20190306173917","is_ascension_mode":true,"campfire_choices":[{"data":"Rampage","floor":6.0,"key":"SMITH"},{"floor":10.0,"key":"REST"},{"data":"Body Slam","floor":15.0,"key":"SMITH"},{"data":"Apotheosis","floor":23.0,"key":"SMITH"},{"floor":29.0,"key":"REST"},{"floor":32.0,"key":"REST"}],"neow_cost":"TEN_PERCENT_HP_LOSS","seed_source_timestamp":0,"circlet_count":0,"master_deck":["AscendersBane","Defend_R","Defend_R","Defend_R","Defend_R","Body Slam+1","Ghostly Armor","Rampage+1","Headbutt","Shrug It Off","Headbutt","Shrug It Off","Barricade","Headbutt+1","Apotheosis+1","Body Slam","Metallicize"],"special_seed":0,"relics":["Burning Blood","Prayer Wheel","Self Forming Clay","Ornamental Fan","Busted Crown","Omamori","Kunai","Pantograph","Empty Cage","Red Mask"],"potions_floor_usage":[40],"damage_taken":[{"damage":4.0,"enemies":"Cultist","floor":1.0,"turns":6.0},{"damage":2.0,"enemies":"2 Louse","floor":2.0,"turns":4.0},{"damage":0.0,"enemies":"Small Slimes","floor":3.0,"turns":4.0},{"damage":31.0,"enemies":"Gremlin Nob","floor":7.0,"turns":5.0},{"damage":15.0,"enemies":"Gremlin Gang","floor":11.0,"turns":5.0},{"damage":2.0,"enemies":"2 Fungi Beasts","floor":12.0,"turns":4.0},{"damage":13.0,"enemies":"3 Sentries","floor":14.0,"turns":7.0},{"damage":39.0,"enemies":"The Guardian","floor":16.0,"turns":11.0},{"damage":17.0,"enemies":"2 Thieves","floor":18.0,"turns":4.0},{"damage":2.0,"enemies":"Spheric Guardian","floor":19.0,"turns":3.0},{"damage":0.0,"enemies":"Snecko","floor":22.0,"turns":6.0},{"damage":22.0,"enemies":"Snake Plant","floor":24.0,"turns":4.0},{"damage":19.0,"enemies":"Gremlin Leader","floor":25.0,"turns":7.0},{"damage":13.0,"enemies":"Cultist and Chosen","floor":28.0,"turns":9.0},{"damage":29.0,"enemies":"Chosen and Byrds","floor":30.0,"turns":7.0},{"damage":3.0,"enemies":"Snecko","floor":31.0,"turns":5.0},{"damage":29.0,"enemies":"Automaton","floor":33.0,"turns":10.0},{"damage":26.0,"enemies":"3 Darklings","floor":35.0,"turns":8.0},{"damage":1,"enemies":"Orb Walker","floor":38,"turns":5},{"damage":52,"enemies":"Reptomancer","floor":40,"turns":4}],"seed_played":"-8852249697607892956","potions_obtained":[{"floor":7.0,"key":"Energy Potion"},{"floor":12.0,"key":"Dexterity Potion"},{"floor":14.0,"key":"SteroidPotion"},{"floor":22.0,"key":"Poison Potion"},{"floor":28.0,"key":"Swift Potion"},{"floor":31.0,"key":"Swift Potion"},{"floor":35.0,"key":"SteroidPotion"}],"is_trial":false,"path_per_floor":["M","M","M","?","?","R","E","?","T","R","M","M","?","E","R","B",null,"M","M","?","$","M","R","M","E","T","$","M","R","M","M","R","B",null,"M","$","?","M","?","E"],"character_chosen":"IRONCLAD","items_purchased":["Apotheosis","Omamori","Metallicize"],"campfire_rested":3,"item_purchase_floors":[21,21,36],"current_hp_per_floor":[72,72,72,72,61,61,36,36,36,57,48,52,52,45,45,12,57,46,50,50,50,56,56,40,27,27,27,20,41,18,21,42,44,65,45,45,45,50,50,0],"gold":0,"neow_bonus":"TRANSFORM_TWO_CARDS","is_prod":false,"is_daily":false,"chose_seed":false,"campfire_upgraded":3,"win_rate":0,"timestamp":1551904757,"path_taken":["M","M","M","?","?","R","E","?","T","R","M","?","?","E","R","BOSS","M","M","?","$","M","R","M","E","T","$","M","R","M","?","R","BOSS","M","$","?","M","?","E"],"build_version":"2019-01-23","purchased_purges":2,"victory":false,"max_hp_per_floor":[72,72,72,72,72,72,72,72,72,72,72,72,72,72,72,72,72,72,72,72,72,72,72,72,72,72,72,72,72,72,72,72,72,72,72,72,72,72,72,72],"card_choices":[{"not_picked":["Heavy Blade","Flex","Reckless Charge"],"picked":"SKIP","floor":1.0},{"not_picked":["Reckless Charge","Wild Strike"],"picked":"Rampage","floor":2.0},{"not_picked":["Twin Strike","Sword Boomerang"],"picked":"Headbutt","floor":3.0},{"not_picked":["Anger","Armaments","Sword Boomerang"],"picked":"SKIP","floor":7.0},{"not_picked":["Twin Strike","Rampage"],"picked":"Shrug It Off","floor":11.0},{"not_picked":["Iron Wave","Havoc","Cleave"],"picked":"SKIP","floor":11.0},{"not_picked":["Cleave","Entrench"],"picked":"Headbutt","floor":12.0},{"not_picked":["Fiend Fire","Body Slam"],"picked":"Headbutt","floor":12.0},{"not_picked":["Fire Breathing","Burning Pact"],"picked":"Shrug It Off","floor":14.0},{"not_picked":["Demon Form","Exhume"],"picked":"Barricade","floor":16.0},{"not_picked":["Wild Strike"],"picked":"SKIP","floor":18.0},{"not_picked":["Clash"],"picked":"SKIP","floor":18.0},{"not_picked":[],"picked":"Headbutt","floor":19.0},{"not_picked":["Flex"],"picked":"SKIP","floor":19.0},{"not_picked":["Dropkick"],"picked":"SKIP","floor":22.0},{"not_picked":["Sword Boomerang"],"picked":"SKIP","floor":22.0},{"not_picked":["Dropkick"],"picked":"SKIP","floor":22.0},{"not_picked":["Sword Boomerang"],"picked":"SKIP","floor":22.0},{"not_picked":[],"picked":"Warcry","floor":24.0},{"not_picked":["Havoc+1"],"picked":"SKIP","floor":24.0},{"not_picked":["Blood for Blood"],"picked":"SKIP","floor":25.0},{"not_picked":["Flex"],"picked":"SKIP","floor":28.0},{"not_picked":["Rage"],"picked":"SKIP","floor":28.0},{"not_picked":[],"picked":"Body Slam","floor":30.0},{"not_picked":["Uppercut"],"picked":"SKIP","floor":30.0},{"not_picked":["Corruption+1"],"picked":"SKIP","floor":31.0},{"not_picked":["Whirlwind"],"picked":"SKIP","floor":31.0},{"not_picked":["Thunderclap"],"picked":"SKIP","floor":35.0},{"not_picked":["Uppercut+1"],"picked":"SKIP","floor":35.0},{"not_picked":["Seeing Red"],"picked":"SKIP","floor":38},{"not_picked":["Sword Boomerang"],"picked":"SKIP","floor":38}],"player_experience":702868,"relics_obtained":[{"floor":7.0,"key":"Prayer Wheel"},{"floor":9.0,"key":"Self Forming Clay"},{"floor":14.0,"key":"Ornamental Fan"},{"floor":25.0,"key":"Kunai"},{"floor":26.0,"key":"Pantograph"}],"event_choices":[{"cards_removed":["Strike_R"],"damage_healed":0.0,"max_hp_gain":0.0,"max_hp_loss":0.0,"gold_gain":0.0,"event_name":"The Cleric","player_choice":"Card Removal","floor":4.0,"gold_loss":50.0,"damage_taken":0.0},{"damage_healed":0.0,"max_hp_gain":0.0,"max_hp_loss":0.0,"gold_gain":75.0,"event_name":"World of Goop","player_choice":"Gather Gold","floor":5.0,"gold_loss":0.0,"damage_taken":11.0},{"damage_healed":0.0,"max_hp_gain":0.0,"max_hp_loss":0.0,"gold_gain":100.0,"event_name":"Golden Shrine","player_choice":"Pray","floor":8.0,"gold_loss":0.0,"damage_taken":0.0},{"damage_healed":0.0,"max_hp_gain":0.0,"max_hp_loss":0.0,"gold_gain":0.0,"event_name":"Liars Game","player_choice":"Ignored","floor":13.0,"gold_loss":0.0,"damage_taken":0.0},{"cards_removed":["Strike_R"],"damage_healed":0.0,"max_hp_gain":0.0,"max_hp_loss":0.0,"gold_gain":0.0,"event_name":"Designer","player_choice":"Upgrade and Remove","floor":20.0,"gold_loss":90.0,"damage_taken":0.0,"cards_upgraded":["Headbutt"]},{"damage_healed":0,"gold_gain":0,"player_choice":"Ignored","damage_taken":0,"max_hp_gain":0,"max_hp_loss":0,"event_name":"Mysterious Sphere","floor":37,"gold_loss":0},{"damage_healed":0,"gold_gain":0,"player_choice":"Paid","damage_taken":0,"relics_obtained":["Red Mask"],"max_hp_gain":0,"max_hp_loss":0,"event_name":"Tomb of Lord Red Mask","floor":39,"gold_loss":95}],"is_beta":false,"boss_relics":[{"not_picked":["White Beast Statue","Orrery"],"picked":"Busted Crown"},{"not_picked":["Pandora\u0027s Box","Sozu"],"picked":"Empty Cage"}],"items_purged_floors":[21,36],"is_endless":false,"potions_floor_spawned":[7,12,14,22,28,31,35],"killed_by":"Reptomancer","ascension_level":10}