{"gold_per_floor":[119,84,84,99,117,117,137,91,118,21,38,38,65,75,75,172,172,184,200,200,6,21,21,31,31,77,105,120,120,219,234,234,329,329,347,347,360,360,360,360,32,64,64,64,64,79,79,39,39,39],"floor_reached":50,"playtime":2216,"items_purged":[],"score":808,"play_id":"f9c21e35-24bb-49bb-8bce-54c22c0c1a05","local_time":"20190129210541","is_ascension_mode":true,"campfire_choices":[{"data":"Enlightenment","floor":6.0,"key":"SMITH"},{"floor":12.0,"key":"REST"},{"floor":15.0,"key":"REST"},{"floor":23.0,"key":"REST"},{"floor":29.0,"key":"REST"},{"floor":32.0,"key":"REST"},{"floor":40.0,"key":"REST"},{"floor":47.0,"key":"REST"},{"floor":49.0,"key":"REST"}],"neow_cost":"PERCENT_DAMAGE","seed_source_timestamp":933037465470367,"circlet_count":0,"master_deck":["AscendersBane","Survivor","Neutralize+1","Enlightenment+1","Master of Strategy","Dagger Spray","Poisoned Stab","Crippling Poison","Bane","Deflect","Panacea","Sucker Punch","Infinite Blades","Bouncing Flask","Envenom","Setup","Malaise","Backflip","Corpse Explosion","PiercingWail","Grand Finale","Night Terror","Corpse Explosion","Terror","Backflip","Escape Plan+1","Enlightenment+1","Apotheosis+1","Deflect+1","Phantasmal Killer","Escape Plan+1","Dodge and Roll","Bouncing Flask+1","Outmaneuver","Choke","Secret Technique","Catalyst","Backflip+1"],"special_seed":0,"relics":["Ring of the Snake","Bag of Marbles","Odd Mushroom","Pandora\u0027s Box","Blood Vial","Snake Skull","Sundial","Snecko Eye","Pantograph","Du-Vu Doll","Toxic Egg 2"],"potions_floor_usage":[50],"damage_taken":[{"damage":4.0,"enemies":"2 Louse","floor":1.0,"turns":4.0},{"damage":0.0,"enemies":"Cultist","floor":4.0,"turns":3.0},{"damage":4.0,"enemies":"Jaw Worm","floor":5.0,"turns":5.0},{"damage":13.0,"enemies":"Exordium Thugs","floor":7.0,"turns":6.0},{"damage":4.0,"enemies":"2 Fungi Beasts","floor":11.0,"turns":3.0},{"damage":10.0,"enemies":"The Mushroom Lair","floor":13.0,"turns":4.0},{"damage":2.0,"enemies":"Red Slaver","floor":14.0,"turns":3.0},{"damage":39.0,"enemies":"The Guardian","floor":16.0,"turns":10.0},{"damage":24.0,"enemies":"3 Byrds","floor":18.0,"turns":3.0},{"damage":0.0,"enemies":"Spheric Guardian","floor":19.0,"turns":3.0},{"damage":4.0,"enemies":"Centurion and Healer","floor":22.0,"turns":4.0},{"damage":11.0,"enemies":"Cultist and Chosen","floor":24.0,"turns":4.0},{"damage":6.0,"enemies":"Book of Stabbing","floor":27.0,"turns":7.0},{"damage":1.0,"enemies":"Snake Plant","floor":28.0,"turns":6.0},{"damage":11.0,"enemies":"Snecko","floor":31.0,"turns":5.0},{"damage":50.0,"enemies":"Collector","floor":33.0,"turns":7.0},{"damage":15.0,"enemies":"Orb Walker","floor":35.0,"turns":3.0},{"damage":0.0,"enemies":"3 Shapes","floor":37.0,"turns":3.0},{"damage":34.0,"enemies":"Nemesis","floor":42.0,"turns":7.0},{"damage":23.0,"enemies":"Sphere and 2 Shapes","floor":46.0,"turns":4.0},{"damage":74,"enemies":"Awakened One","floor":50,"turns":8}],"seed_played":"6107683169664877315","potions_obtained":[{"floor":7.0,"key":"PowerPotion"},{"floor":13.0,"key":"AttackPotion"},{"floor":16.0,"key":"Energy Potion"},{"floor":28.0,"key":"PowerPotion"},{"floor":33.0,"key":"Strength Potion"},{"floor":37.0,"key":"Ancient Potion"},{"floor":42.0,"key":"PowerPotion"}],"is_trial":false,"path_per_floor":["M","?","?","M","M","R","M","$","T","$","M","R","?","M","R","B",null,"M","M","?","$","M","R","M","?","T","E","M","R","?","M","R","B",null,"M","?","M","?","?","R","$","E","T","$","?","M","R","?","R","B"],"character_chosen":"THE_SILENT","items_purchased":["Deflect","Panacea","Apotheosis","Catalyst","Pantograph"],"campfire_rested":8,"item_purchase_floors":[8,10,21,41,41],"current_hp_per_floor":[41,58,58,58,54,54,41,41,41,41,37,58,48,46,67,28,60,36,36,36,36,32,53,42,42,42,38,39,60,60,51,70,20,58,45,45,47,47,47,68,68,36,36,36,36,15,36,36,57,0],"gold":39,"neow_bonus":"RANDOM_COLORLESS_2","is_prod":false,"is_daily":false,"chose_seed":false,"campfire_upgraded":1,"win_rate":0,"timestamp":1548813941,"path_taken":["M","?","?","?","M","R","M","$","T","?","M","R","?","?","R","BOSS","M","M","?","$","?","R","M","?","T","E","M","R","?","M","R","BOSS","M","?","M","?","?","R","$","E","T","$","?","M","R","?","R","BOSS"],"build_version":"2019-01-23","purchased_purges":0,"victory":false,"max_hp_per_floor":[70,70,70,70,70,70,70,70,70,70,70,70,70,70,70,70,70,70,70,70,70,70,70,70,70,70,70,70,70,70,70,70,70,70,70,70,70,70,70,70,70,70,70,70,70,70,70,70,70,70],"card_choices":[{"not_picked":["Setup","Deadly Poison"],"picked":"Dagger Spray","floor":1.0},{"not_picked":["Cloak And Dagger","Choke"],"picked":"Poisoned Stab","floor":4.0},{"not_picked":["Poisoned Stab","Tactician"],"picked":"Crippling Poison","floor":5.0},{"not_picked":["Outmaneuver","Slice"],"picked":"Bane","floor":7.0},{"not_picked":["Blade Dance","Prepared"],"picked":"Sucker Punch","floor":11.0},{"not_picked":["Dagger Throw","Finisher"],"picked":"Infinite Blades","floor":13.0},{"not_picked":["Finisher","Underhanded Strike"],"picked":"Bouncing Flask","floor":14.0},{"not_picked":["Wraith Form v2","Unload"],"picked":"Envenom","floor":16.0},{"not_picked":["Predator","PiercingWail"],"picked":"Backflip","floor":18.0},{"not_picked":["Cloak And Dagger","Backflip"],"picked":"Escape Plan+1","floor":19.0},{"not_picked":["Crippling Poison","Dagger Spray"],"picked":"Deflect+1","floor":22.0},{"not_picked":["Expertise","Dagger Throw+1"],"picked":"Phantasmal Killer","floor":24.0},{"not_picked":["Dodge and Roll","Dagger Spray+1"],"picked":"Escape Plan+1","floor":27.0},{"not_picked":["Flechettes","Bane"],"picked":"Dodge and Roll","floor":28.0},{"not_picked":["Distraction+1","Dodge and Roll"],"picked":"Bouncing Flask+1","floor":31.0},{"not_picked":["Tactician+1","Dagger Spray+1"],"picked":"Outmaneuver","floor":35.0},{"not_picked":["Dagger Throw+1","Acrobatics"],"picked":"Choke","floor":37.0},{"not_picked":["Dark Shackles","HandOfGreed"],"picked":"Secret Technique","floor":39.0},{"not_picked":["Dagger Spray+1","Cloak And Dagger+1","Slice+1"],"picked":"SKIP","floor":42.0},{"not_picked":["Deflect+1","Outmaneuver+1"],"picked":"Backflip+1","floor":46.0}],"player_experience":566341,"relics_obtained":[{"floor":9.0,"key":"Bag of Marbles"},{"floor":13.0,"key":"Odd Mushroom"},{"floor":26.0,"key":"Snake Skull"},{"floor":27.0,"key":"Sundial"},{"floor":42.0,"key":"Du-Vu Doll"},{"floor":43.0,"key":"Toxic Egg 2"}],"event_choices":[{"damage_healed":17.0,"max_hp_gain":0.0,"max_hp_loss":0.0,"gold_gain":0.0,"event_name":"The Cleric","player_choice":"Healed","floor":2.0,"gold_loss":35.0,"damage_taken":0.0},{"damage_healed":0.0,"max_hp_gain":0.0,"max_hp_loss":0.0,"gold_gain":0.0,"event_name":"Upgrade Shrine","player_choice":"Upgraded","floor":3.0,"gold_loss":0.0,"damage_taken":0.0,"cards_upgraded":["Neutralize"]},{"damage_healed":0.0,"max_hp_gain":0.0,"max_hp_loss":0.0,"gold_gain":0.0,"event_name":"Mushrooms","player_choice":"Fought Mushrooms","floor":13.0,"gold_loss":0.0,"damage_taken":0.0},{"damage_healed":0.0,"max_hp_gain":0.0,"max_hp_loss":0.0,"gold_gain":0.0,"event_name":"Duplicator","player_choice":"Copied","floor":20.0,"gold_loss":0.0,"damage_taken":0.0,"cards_obtained":["Enlightenment"]},{"damage_healed":0.0,"max_hp_gain":0.0,"max_hp_loss":0.0,"gold_gain":0.0,"event_name":"The Mausoleum","player_choice":"Opened","floor":25.0,"gold_loss":0.0,"damage_taken":0.0,"relics_obtained":["Blood Vial"]},{"damage_healed":0.0,"max_hp_gain":0.0,"max_hp_loss":0.0,"gold_gain":99.0,"event_name":"Nest","player_choice":"Stole From Cult","floor":30.0,"gold_loss":0.0,"damage_taken":0.0},{"damage_healed":0.0,"max_hp_gain":0.0,"max_hp_loss":0.0,"gold_gain":0.0,"event_name":"Mysterious Sphere","player_choice":"Ignored","floor":36.0,"gold_loss":0.0,"damage_taken":0.0},{"damage_healed":0.0,"max_hp_gain":0.0,"max_hp_loss":0.0,"gold_gain":0.0,"event_name":"Tomb of Lord Red Mask","player_choice":"Ignored","floor":38.0,"gold_loss":0.0,"damage_taken":0.0},{"damage_healed":0.0,"max_hp_gain":0.0,"max_hp_loss":0.0,"gold_gain":0.0,"event_name":"SensoryStone","player_choice":"Memory 1","floor":39.0,"gold_loss":0.0,"damage_taken":0.0},{"cards_removed":["A Thousand Cuts"],"damage_healed":0.0,"max_hp_gain":0.0,"max_hp_loss":0.0,"gold_gain":0.0,"event_name":"Falling","player_choice":"Removed Power","floor":45.0,"gold_loss":0.0,"damage_taken":0.0},{"damage_healed":0.0,"max_hp_gain":0.0,"max_hp_loss":0.0,"gold_gain":0.0,"event_name":"Designer","player_choice":"Upgrade","floor":48.0,"gold_loss":40.0,"damage_taken":0.0,"cards_upgraded":["Apotheosis"]}],"is_beta":true,"boss_relics":[{"not_picked":["Lizard Tail","Velvet Choker"],"picked":"Pandora\u0027s Box"},{"not_picked":["Cursed Key","Black Star"],"picked":"Snecko Eye"}],"items_purged_floors":[],"is_endless":false,"potions_floor_spawned":[7,13,16,19,24,28,33,37,42,46],"killed_by":"Awakened One","ascension_level":10}