{"gold_per_floor":[113,113,113,113,133,166,166,166,211,211,223,243,243,38,38,140,140,155,430,444,494,97,97,97,97,151,164,164,189,189,204,204,300,300,317,26,26,0,26,41,41,61,111,111,111,7,17,32,32,32],"floor_reached":51,"playtime":2577,"items_purged":["Decay","Regret"],"score":767,"play_id":"c2743a08-851a-4bcc-821f-75ee4d278cd3","local_time":"20181120112222","is_ascension_mode":true,"campfire_choices":[{"floor":7.0,"key":"REST"},{"data":"Pommel Strike","floor":10.0,"key":"SMITH"},{"data":"True Grit","floor":15.0,"key":"SMITH"},{"data":"Armaments","floor":23.0,"key":"SMITH"},{"data":"Armaments","floor":25.0,"key":"SMITH"},{"data":"Demon Form","floor":28.0,"key":"SMITH"},{"floor":30,"key":"REST"},{"data":"Metallicize","floor":32,"key":"SMITH"},{"data":"Warcry","floor":41,"key":"SMITH"},{"floor":49,"key":"REST"}],"neow_cost":"NONE","seed_source_timestamp":416921563251217,"circlet_count":0,"master_deck":["Bash","Uppercut+1","Pommel Strike+1","Cleave","Clothesline+1","Metallicize+1","True Grit+1","Feed+1","Armaments+1","Armaments+1","Thunderclap+1","Headbutt+1","Power Through","Iron Wave+1","Fire Breathing","Warcry+1","Whirlwind+1","Demon Form+1","Anger+1","Pommel Strike+1","Reaper+1","Shrug It Off","Uppercut+1","Metallicize"],"special_seed":0,"relics":["Burning Blood","Centennial Puzzle","Bag of Marbles","Vajra","Molten Egg 2","PreservedInsect","Pandora\u0027s Box","Paper Frog","Orichalcum","Dodecahedron","Busted Crown","Medical Kit","Red Mask","Potion Belt","Omamori"],"potions_floor_usage":[29,33,50,50,50],"damage_taken":[{"damage":1.0,"enemies":"2 Louse","floor":1.0,"turns":4.0},{"damage":1.0,"enemies":"Small Slimes","floor":5.0,"turns":3.0},{"damage":38.0,"enemies":"3 Sentries","floor":6.0,"turns":9.0},{"damage":3.0,"enemies":"Jaw Worm","floor":11.0,"turns":2.0},{"damage":16.0,"enemies":"Gremlin Gang","floor":12.0,"turns":4.0},{"damage":32.0,"enemies":"Slime Boss","floor":16.0,"turns":11.0},{"damage":12.0,"enemies":"Shell Parasite","floor":18.0,"turns":4.0},{"damage":18.0,"enemies":"2 Thieves","floor":20.0,"turns":4.0},{"damage":8.0,"enemies":"Cultist and Chosen","floor":27.0,"turns":4.0},{"damage":19,"enemies":"Slavers","floor":29,"turns":4},{"damage":12,"enemies":"Centurion and Healer","floor":31,"turns":6},{"damage":69,"enemies":"Automaton","floor":33,"turns":9},{"damage":24,"enemies":"3 Shapes","floor":35,"turns":9},{"damage":0,"enemies":"3 Darklings","floor":40,"turns":2},{"damage":29,"enemies":"Sphere and 2 Shapes","floor":42,"turns":6},{"damage":14,"enemies":"4 Shapes","floor":47,"turns":6},{"damage":0,"enemies":"Transient","floor":48,"turns":5},{"damage":78,"enemies":"Awakened One","floor":50,"turns":8}],"seed_played":"-8058305344216145175","potions_obtained":[{"floor":6.0,"key":"EssenceOfSteel"},{"floor":20.0,"key":"Energy Potion"},{"floor":27.0,"key":"Explosive Potion"},{"floor":33,"key":"SpeedPotion"},{"floor":40,"key":"Explosive Potion"},{"floor":42,"key":"Dexterity Potion"},{"floor":48,"key":"FairyPotion"}],"is_trial":false,"path_per_floor":["M","?","?","?","M","E","R","?","T","R","M","M","?","$","R","B",null,"M","?","M","?","$","R","$","R","T","M","R","E","R","M","R","B",null,"M","$","?","?","T","M","R","M","T","?","?","$","M","M","R","B",null],"character_chosen":"IRONCLAD","items_purchased":["Metallicize","True Grit","Paper Frog","Demon Form","Medical Kit","Shrug It Off","Uppercut+1"],"campfire_rested":3,"item_purchase_floors":[14,14,22,22,36,46,46],"current_hp_per_floor":[80,80,73,73,78,46,70,70,70,70,73,63,63,63,63,37,80,74,74,66,66,66,66,66,66,66,68,68,59,86,80,80,21,96,83,83,83,83,83,89,89,75,75,75,75,75,83,89,104,32],"gold":32,"neow_bonus":"RANDOM_COMMON_RELIC","is_prod":false,"is_daily":false,"chose_seed":false,"campfire_upgraded":7,"win_rate":0,"timestamp":1542734542,"path_taken":["M","?","?","?","?","E","R","?","T","R","M","?","?","$","R","BOSS","M","?","?","?","$","R","$","R","T","?","R","E","R","M","R","BOSS","M","$","?","?","?","M","R","M","T","?","?","$","M","?","R","BOSS"],"build_version":"2018-11-15","purchased_purges":2,"victory":true,"max_hp_per_floor":[80,80,80,80,80,80,80,80,80,80,80,80,80,80,80,80,80,80,80,84,84,84,84,84,84,84,88,88,92,92,92,92,96,96,100,100,100,100,100,100,100,100,100,100,100,100,104,104,104,104],"card_choices":[{"not_picked":["Cleave","Searing Blow"],"picked":"Uppercut","floor":1.0},{"not_picked":["Sword Boomerang","Twin Strike"],"picked":"Pommel Strike","floor":5.0},{"not_picked":["Rage","Combust"],"picked":"Cleave","floor":6.0},{"not_picked":["True Grit","Cleave+1"],"picked":"Clothesline+1","floor":11.0},{"not_picked":["Sever Soul+1","Seeing Red","Feel No Pain"],"picked":"SKIP","floor":12.0},{"not_picked":["Demon Form","Exhume"],"picked":"Feed+1","floor":16.0},{"not_picked":["Armaments","Burning Pact","Thunderclap+1"],"picked":"SKIP","floor":18.0},{"not_picked":["Body Slam+1","Rage"],"picked":"Whirlwind+1","floor":20.0},{"not_picked":["Sword Boomerang+1","Combust+1","Twin Strike+1"],"picked":"SKIP","floor":27.0},{"not_picked":["Combust","Reckless Charge+1"],"picked":"Anger+1","floor":29},{"not_picked":["Havoc","Twin Strike+1"],"picked":"Pommel Strike+1","floor":31},{"not_picked":["Bludgeon+1","Double Tap"],"picked":"Reaper+1","floor":33},{"not_picked":["Warcry+1"],"picked":"SKIP","floor":35},{"not_picked":["Cleave+1"],"picked":"SKIP","floor":40},{"not_picked":["Infernal Blade+1"],"picked":"SKIP","floor":42},{"not_picked":[],"picked":"Metallicize","floor":47},{"not_picked":["Rupture"],"picked":"SKIP","floor":48}],"player_experience":106778,"relics_obtained":[{"floor":6.0,"key":"Vajra"},{"floor":9.0,"key":"PreservedInsect"},{"floor":26.0,"key":"Orichalcum"},{"floor":29,"key":"Dodecahedron"},{"floor":39,"key":"Potion Belt"},{"floor":43,"key":"Omamori"}],"event_choices":[{"damage_healed":0.0,"max_hp_gain":0.0,"max_hp_loss":0.0,"gold_gain":0.0,"event_name":"Big Fish","player_choice":"Box","floor":2.0,"gold_loss":0.0,"damage_taken":0.0,"relics_obtained":["Bag of Marbles"],"cards_obtained":["Regret"]},{"cards_removed":["Regret"],"damage_healed":0.0,"max_hp_gain":0.0,"max_hp_loss":0.0,"gold_gain":0.0,"event_name":"Golden Wing","player_choice":"Card Removal","floor":3.0,"gold_loss":0.0,"damage_taken":7.0},{"damage_healed":0.0,"max_hp_gain":0.0,"max_hp_loss":0.0,"gold_gain":0.0,"event_name":"Upgrade Shrine","player_choice":"Upgraded","floor":4.0,"gold_loss":0.0,"damage_taken":0.0,"cards_upgraded":["Uppercut"]},{"damage_healed":0.0,"max_hp_gain":0.0,"max_hp_loss":0.0,"gold_gain":0.0,"event_name":"WeMeetAgain","player_choice":"Gave Potion","floor":8.0,"gold_loss":0.0,"damage_taken":0.0,"relics_obtained":["Molten Egg 2"]},{"damage_healed":0.0,"max_hp_gain":0.0,"max_hp_loss":0.0,"gold_gain":0.0,"event_name":"Wheel of Change","player_choice":"Cursed","floor":13.0,"gold_loss":0.0,"damage_taken":0.0,"cards_obtained":["Decay"]},{"damage_healed":0.0,"max_hp_gain":0.0,"max_hp_loss":0.0,"gold_gain":275.0,"event_name":"Golden Shrine","player_choice":"Desecrate","floor":19.0,"gold_loss":0.0,"damage_taken":0.0,"cards_obtained":["Regret"]},{"damage_healed":0.0,"max_hp_gain":0.0,"max_hp_loss":0.0,"gold_gain":100.0,"event_name":"The Joust","player_choice":"Bet on Murderer","floor":21.0,"gold_loss":50.0,"damage_taken":0.0},{"damage_healed":0,"gold_gain":0,"player_choice":"Memory 1","damage_taken":0,"max_hp_gain":0,"max_hp_loss":0,"event_name":"SensoryStone","floor":37,"gold_loss":0},{"damage_healed":0,"gold_gain":0,"player_choice":"Paid","damage_taken":0,"relics_obtained":["Red Mask"],"max_hp_gain":0,"max_hp_loss":0,"event_name":"Tomb of Lord Red Mask","floor":38,"gold_loss":26},{"damage_healed":0,"gold_gain":0,"player_choice":"Ignored","damage_taken":0,"max_hp_gain":0,"max_hp_loss":0,"event_name":"Mysterious Sphere","floor":44,"gold_loss":0},{"cards_removed":["Rampage"],"damage_healed":0,"gold_gain":0,"player_choice":"Removed Attack","damage_taken":0,"max_hp_gain":0,"max_hp_loss":0,"event_name":"Falling","floor":45,"gold_loss":0}],"is_beta":false,"boss_relics":[{"not_picked":["Runic Pyramid","Empty Cage"],"picked":"Pandora\u0027s Box"},{"not_picked":["Runic Cube","Tiny House"],"picked":"Busted Crown"}],"items_purged_floors":[14,36],"is_endless":false,"potions_floor_spawned":[6,20,27,33,40,42,48],"ascension_level":1}