{"gold_per_floor":[119,119,119,44,59,85,85,118,170,170,170],"floor_reached":11,"playtime":854,"items_purged":["Strike_R"],"score":91,"play_id":"f394d0ec-4257-42f5-8e71-927b73800881","local_time":"20190303234742","is_ascension_mode":true,"campfire_choices":[{"floor":7,"key":"REST"},{"floor":10,"key":"REST"}],"neow_cost":"TEN_PERCENT_HP_LOSS","seed_source_timestamp":93772638594641,"circlet_count":0,"master_deck":["Strike_R","Strike_R+1","Strike_R","Strike_R","Defend_R","Defend_R","Defend_R","Defend_R","Bash+1","Headbutt","Metallicize","Shrug It Off"],"relics":["Burning Blood","Du-Vu Doll","Lantern","Mummified Hand","Sundial"],"potions_floor_usage":[],"damage_taken":[{"damage":12,"enemies":"Jaw Worm","floor":1,"turns":2},{"damage":0,"enemies":"2 Louse","floor":5,"turns":2},{"damage":43,"enemies":"3 Sentries","floor":6,"turns":8},{"damage":29,"enemies":"Lagavulin","floor":8,"turns":5},{"damage":33,"enemies":"3 Sentries","floor":11,"turns":14}],"seed_played":"6972580791694078194","potions_obtained":[{"floor":5,"key":"FearPotion"}],"is_trial":false,"path_per_floor":["M","?","?","$","M","E","R","E","T","R","E"],"character_chosen":"IRONCLAD","items_purchased":[],"campfire_rested":2,"item_purchase_floors":[],"current_hp_per_floor":[66,59,45,45,51,14,35,12,12,33,0],"gold":170,"neow_bonus":"ONE_RARE_RELIC","is_prod":false,"is_daily":false,"chose_seed":false,"campfire_upgraded":0,"win_rate":0,"timestamp":1551678462,"path_taken":["M","?","?","$","M","E","R","E","T","R","E"],"build_version":"2019-01-23","purchased_purges":1,"victory":false,"max_hp_per_floor":[72,72,72,72,72,72,72,72,72,72,72],"card_choices":[{"not_picked":["Havoc","Thunderclap"],"picked":"Headbutt","floor":1},{"not_picked":["Body Slam","Anger"],"picked":"Metallicize","floor":5},{"not_picked":["Headbutt","Infernal Blade","Combust"],"picked":"SKIP","floor":6},{"not_picked":["Rage","Cleave"],"picked":"Shrug It Off","floor":8}],"player_experience":179507,"relics_obtained":[{"floor":6,"key":"Mummified Hand"},{"floor":8,"key":"Sundial"}],"event_choices":[{"damage_healed":0,"gold_gain":0,"player_choice":"Success","damage_taken":7,"relics_obtained":["Lantern"],"max_hp_gain":0,"max_hp_loss":0,"event_name":"Scrap Ooze","floor":2,"gold_loss":0},{"damage_healed":0,"gold_gain":0,"player_choice":"Entered Light","damage_taken":14,"max_hp_gain":0,"max_hp_loss":0,"event_name":"Shining Light","floor":3,"gold_loss":0,"cards_upgraded":["Strike_R","Bash"]}],"is_beta":false,"boss_relics":[],"items_purged_floors":[4],"is_endless":false,"potions_floor_spawned":[5],"killed_by":"3 Sentries","ascension_level":3}