{"gold_per_floor":[214,214,68,130,130,130,47,77,124,140,172,172,192,16,16,16],"floor_reached":16,"playtime":583,"items_purged":["Strike_B","Regret"],"score":180,"play_id":"475f2f0a-9179-4e0d-a0d0-452991b9504c","local_time":"20190306132539","is_ascension_mode":true,"campfire_choices":[{"floor":6,"key":"REST"},{"floor":12,"key":"REST"},{"data":"Coolheaded","floor":15,"key":"SMITH"}],"neow_cost":"NONE","seed_source_timestamp":1619795225657780,"circlet_count":0,"master_deck":["AscendersBane","Strike_B","Strike_B","Strike_B","Defend_B","Defend_B","Defend_B","Defend_B","Zap+1","Dualcast","Sweeping Beam","Sunder","FTL","Coolheaded+1","Reinforced Body","Undo","Double Energy","Gash+1","Skim"],"relics":["Cracked Core","Blue Candle","Molten Egg 2","Bag of Preparation","Anchor"],"potions_floor_usage":[],"damage_taken":[{"damage":10,"enemies":"2 Louse","floor":1,"turns":3},{"damage":24,"enemies":"Lagavulin","floor":8,"turns":7},{"damage":1,"enemies":"Jaw Worm","floor":10,"turns":2},{"damage":25,"enemies":"Gremlin Nob","floor":11,"turns":5},{"damage":0,"enemies":"Small Slimes","floor":13,"turns":2},{"damage":51,"enemies":"Slime Boss","floor":16,"turns":7}],"seed_played":"-7862841134665149368","potions_obtained":[{"floor":8,"key":"SteroidPotion"},{"floor":10,"key":"SmokeBomb"}],"is_trial":false,"path_per_floor":["M","?","$","?","?","R","$","E","T","M","E","R","M","$","R","B"],"character_chosen":"DEFECT","items_purchased":["Sunder","FTL","Coolheaded","Skim"],"campfire_rested":2,"item_purchase_floors":[3,7,7,14],"current_hp_per_floor":[54,54,54,54,54,71,71,47,47,46,21,42,42,42,42,0],"gold":16,"neow_bonus":"HUNDRED_GOLD","is_prod":false,"is_daily":false,"chose_seed":false,"campfire_upgraded":1,"win_rate":0,"timestamp":1551857139,"path_taken":["M","?","$","?","?","R","?","E","T","?","E","R","?","$","R","BOSS"],"build_version":"2019-01-23","purchased_purges":2,"victory":false,"max_hp_per_floor":[71,71,71,71,71,71,71,71,71,71,71,71,71,71,71,71],"card_choices":[{"not_picked":["Redo","Capacitor"],"picked":"Sweeping Beam","floor":1},{"not_picked":["Melter","Thunder Strike"],"picked":"Reinforced Body","floor":8},{"not_picked":["Beam Cell+1","Barrage+1"],"picked":"Undo","floor":10},{"not_picked":["Redo","Steam"],"picked":"Double Energy","floor":11},{"not_picked":["Cold Snap+1","Streamline+1"],"picked":"Gash+1","floor":13}],"player_experience":948143,"relics_obtained":[{"floor":8,"key":"Molten Egg 2"},{"floor":9,"key":"Bag of Preparation"},{"floor":11,"key":"Anchor"}],"event_choices":[{"damage_healed":0,"gold_gain":0,"player_choice":"Grow","damage_taken":0,"max_hp_gain":0,"max_hp_loss":0,"event_name":"Living Wall","floor":2,"gold_loss":0,"cards_upgraded":["Zap"]},{"damage_healed":0,"gold_gain":62,"player_choice":"Gained Gold","damage_taken":0,"max_hp_gain":0,"max_hp_loss":0,"event_name":"Golden Wing","floor":4,"gold_loss":0},{"damage_healed":0,"gold_gain":0,"player_choice":"Box","damage_taken":0,"relics_obtained":["Blue Candle"],"max_hp_gain":0,"max_hp_loss":0,"event_name":"Big Fish","floor":5,"gold_loss":0,"cards_obtained":["Regret"]}],"is_beta":false,"boss_relics":[],"items_purged_floors":[3,14],"is_endless":false,"potions_floor_spawned":[8,10,13],"killed_by":"Slime Boss","ascension_level":14}