{"gold_per_floor":[12,12,12,24,34,34,63,63,87,22,42,42,62,93,93,191,191,206,171,185,268,284,284,317,317,317,161,172,197,213,31,31,126,126,143,163,213,56,106,138,138,208,208,208,227,277,327,340,340,340],"floor_reached":51,"playtime":4053,"items_purged":["Strike_B","Strike_B","Strike_B"],"score":750,"play_id":"2ee42363-e78e-4046-82f0-98f65d8a3b99","local_time":"20180718033531","is_ascension_mode":false,"campfire_choices":[{"data":"Hologram","floor":6,"key":"SMITH"},{"data":"Hologram","floor":8,"key":"SMITH"},{"data":"Defragment","floor":12,"key":"SMITH"},{"data":"Static Discharge","floor":15,"key":"SMITH"},{"floor":23,"key":"REST"},{"floor":25,"key":"REST"},{"floor":32,"key":"REST"},{"floor":41,"key":"REST"},{"data":"Thunder Strike","floor":44,"key":"SMITH"},{"data":"Auto Shields","floor":49,"key":"SMITH"}],"neow_cost":"NO_GOLD","seed_source_timestamp":8868480045605,"circlet_count":0,"master_deck":["Defend_B","Defend_B","Defend_B","Defend_B","Zap","Dualcast","Defragment+1","Auto Shields+1","Hologram+1","Hologram+1","Defragment+1","Ball Lightning","Static Discharge+1","Melter","Rip and Tear","Thunder Strike+1","Reinforced Body","Heatsinks+1","Ball Lightning","Stack","Barrage","Static Discharge+1","Ball Lightning","Reprogram+1","Lockon+1","Chill+1","Steam+1","Biased Cognition+1","Heatsinks+1","Hello World+1","Dramatic Entrance","Aggregate+1","Creative AI+1","Writhe","Defragment+1","Auto Shields+1"],"relics":["Cracked Core","SsserpentHead","Strawberry","Bag of Preparation","Frozen Egg 2","Busted Crown","Dream Catcher","Red Mask","Question Card","Toxic Egg 2","Bag of Marbles","Sozu","Meat on the Bone","Bottled Lightning"],"potions_floor_usage":[7,14,33,33,33,48],"damage_taken":[{"damage":0,"enemies":"Cultist","floor":1,"turns":3},{"damage":1,"enemies":"Jaw Worm","floor":4,"turns":3},{"damage":0,"enemies":"Small Slimes","floor":5,"turns":3},{"damage":8,"enemies":"3 Sentries","floor":7,"turns":3},{"damage":2,"enemies":"Blue Slaver","floor":11,"turns":4},{"damage":4,"enemies":"Red Slaver","floor":13,"turns":4},{"damage":20,"enemies":"Gremlin Nob","floor":14,"turns":3},{"damage":26,"enemies":"Hexaghost","floor":16,"turns":5},{"damage":6,"enemies":"Spheric Guardian","floor":18,"turns":4},{"damage":19,"enemies":"2 Thieves","floor":20,"turns":3},{"damage":17,"floor":21,"turns":2},{"damage":5,"enemies":"Snecko","floor":22,"turns":5},{"damage":13,"enemies":"Book of Stabbing","floor":24,"turns":4},{"damage":21,"enemies":"Snake Plant","floor":28,"turns":4},{"damage":30,"enemies":"Gremlin Leader","floor":29,"turns":4},{"damage":7,"enemies":"Centurion and Healer","floor":30,"turns":4},{"damage":40,"enemies":"Automaton","floor":33,"turns":8},{"damage":2,"enemies":"3 Shapes","floor":35,"turns":5},{"damage":5,"enemies":"Orb Walker","floor":36,"turns":2},{"damage":35,"enemies":"Nemesis","floor":40,"turns":5},{"damage":0,"enemies":"Flame Bruiser 2 Orb","floor":42,"turns":3},{"damage":12,"enemies":"Sphere and 2 Shapes","floor":45,"turns":5},{"damage":0,"enemies":"Maw","floor":48,"turns":9},{"damage":82,"enemies":"Awakened One","floor":50,"turns":8}],"seed_played":"4852527765509756033","potions_obtained":[{"floor":1,"key":"PowerPotion"},{"floor":5,"key":"AttackPotion"},{"floor":7,"key":"Dexterity Potion"},{"floor":11,"key":"Weak Potion"},{"floor":14,"key":"FocusPotion"},{"floor":22,"key":"Fire Potion"},{"floor":29,"key":"Block Potion"},{"floor":33,"key":"Weak Potion"}],"is_trial":false,"path_per_floor":["M","?","?","M","M","R","E","R","T","$","M","R","M","E","R","B",null,"M","?","M","?","M","R","E","R","T","$","M","E","M","$","R","B",null,"M","M","?","$","?","E","R","M","T","R","M","?","?","M","R","B"],"character_chosen":"DEFECT","items_purchased":["Defragment","Ball Lightning","Static Discharge+1","Chill+1","Hello World+1"],"campfire_rested":4,"item_purchase_floors":[10,10,27,31,38],"current_hp_per_floor":[89,89,89,88,88,88,87,87,87,87,85,85,81,61,61,35,96,90,90,71,54,49,77,64,92,92,92,71,41,34,34,62,22,96,94,89,89,89,89,54,82,82,82,82,70,94,94,94,94,24],"gold":340,"neow_bonus":"TWENTY_PERCENT_HP_BONUS","is_prod":false,"is_daily":false,"chose_seed":false,"campfire_upgraded":6,"win_rate":0.0,"timestamp":1531902931,"path_taken":["M","?","?","M","M","R","E","R","T","?","M","R","M","E","R","BOSS","M","?","M","?","M","R","E","R","T","$","M","E","M","$","R","BOSS","M","M","?","?","?","E","R","?","T","R","M","?","?","M","R","BOSS"],"build_version":"2018-07-12","purchased_purges":3,"victory":true,"max_hp_per_floor":[89,89,89,89,89,89,96,96,96,96,96,96,96,96,96,96,96,96,96,96,96,96,96,96,96,96,96,96,96,96,96,96,96,96,96,96,96,96,96,96,96,96,96,96,96,96,96,96,96,96],"card_choices":[{"not_picked":["Compile Driver","Stack"],"picked":"Defragment","floor":1},{"not_picked":["Skim","Turbo"],"picked":"Auto Shields","floor":4},{"not_picked":["Compile Driver","Sweeping Beam"],"picked":"Hologram","floor":5},{"not_picked":["Go for the Eyes","Meteor Strike"],"picked":"Hologram","floor":7},{"not_picked":["Undo","Compile Driver"],"picked":"Static Discharge","floor":11},{"not_picked":["Sweeping Beam","Go for the Eyes"],"picked":"Melter","floor":13},{"not_picked":["Compile Driver","Sweeping Beam"],"picked":"Rip and Tear","floor":14},{"not_picked":["Reboot","Echo Form+1"],"picked":"Thunder Strike","floor":16},{"not_picked":[],"picked":"Reinforced Body","floor":18},{"not_picked":["Steam"],"picked":"SKIP","floor":20},{"not_picked":[],"picked":"Heatsinks+1","floor":21},{"not_picked":["Conserve Battery"],"picked":"SKIP","floor":22},{"not_picked":[],"picked":"Ball Lightning","floor":23},{"not_picked":[],"picked":"Stack","floor":24},{"not_picked":["Beam Cell"],"picked":"Barrage","floor":25},{"not_picked":["Barrage"],"picked":"Ball Lightning","floor":28},{"not_picked":["Gash+1"],"picked":"Reprogram+1","floor":29},{"not_picked":["Beam Cell"],"picked":"Lockon+1","floor":30},{"not_picked":["Scrape"],"picked":"Steam+1","floor":32},{"not_picked":["Rainbow+1"],"picked":"Biased Cognition+1","floor":33},{"not_picked":["Undo+1","Hologram+1"],"picked":"SKIP","floor":35},{"not_picked":["Rebound+1"],"picked":"Heatsinks+1","floor":36},{"not_picked":["Finesse+1"],"picked":"Dramatic Entrance","floor":39},{"not_picked":["Hologram+1","Turbo+1"],"picked":"SKIP","floor":40},{"not_picked":["Conserve Battery+1"],"picked":"Aggregate+1","floor":41},{"not_picked":["Cold Snap+1"],"picked":"Creative AI+1","floor":42},{"not_picked":["Streamline+1","Gash+1"],"picked":"SKIP","floor":45},{"not_picked":["Turbo+1"],"picked":"Auto Shields+1","floor":48}],"player_experience":15772,"relics_obtained":[{"floor":7,"key":"Strawberry"},{"floor":9,"key":"Bag of Preparation"},{"floor":14,"key":"Frozen Egg 2"},{"floor":21,"key":"Red Mask"},{"floor":24,"key":"Question Card"},{"floor":26,"key":"Toxic Egg 2"},{"floor":29,"key":"Bag of Marbles"},{"floor":40,"key":"Meat on the Bone"},{"floor":43,"key":"Bottled Lightning"}],"event_choices":[{"event_name":"Living Wall","player_choice":"Grow","floor":2,"damage_taken":0},{"event_name":"FaceTrader","player_choice":"Trade","floor":3,"damage_taken":0},{"event_name":"Addict","player_choice":"Obtained Relic","floor":19,"damage_taken":0},{"event_name":"Masked Bandits","player_choice":"Fought over 235 gold","floor":21,"damage_taken":0},{"event_name":"The Woman in Blue","player_choice":"Bought 0 Potions","floor":37,"damage_taken":0},{"event_name":"SensoryStone","player_choice":"Memory 1","floor":39,"damage_taken":0},{"event_name":"Winding Halls","player_choice":"Writhe","floor":46,"damage_taken":0},{"event_name":"Transmorgrifier","player_choice":"Transform","floor":47,"damage_taken":0}],"boss_relics":[{"not_picked":["White Beast Statue","Calling Bell"],"picked":"Busted Crown"},{"not_picked":["Tiny House","Nuclear Battery"],"picked":"Sozu"}],"items_purged_floors":[27,31,38],"is_endless":false,"potions_floor_spawned":[1,5,7,11,14,20,22,29,33,35,42,48],"ascension_level":0}