{"gold_per_floor":[116,116,134,64,83,110,139,139,139,174,174,187,187,219,219,316,316,335,354,114,114,114,148,164,164,191,219,231,274,301,313],"floor_reached":31,"playtime":3424,"items_purged":["Strike_R"],"score":293,"play_id":"99e52ea2-9903-4bb9-9475-dd1e6efd48ec","local_time":"20190311104409","is_ascension_mode":false,"campfire_choices":[{"floor":8,"key":"REST"},{"floor":11,"key":"REST"},{"data":"Rupture","floor":13,"key":"SMITH"},{"data":"Combust","floor":15,"key":"SMITH"},{"floor":25,"key":"REST"},{"floor":28,"key":"REST"}],"neow_cost":"NONE","seed_source_timestamp":1238174462275738,"circlet_count":0,"master_deck":["Strike_R","Strike_R","Strike_R","Strike_R","Defend_R+1","Defend_R+1","Defend_R","Defend_R","Bash","Rupture+1","Clothesline","Combust+1","Ghostly Armor","Thunderclap","Hemokinesis","Second Wind","Flame Barrier","Fire Breathing","Demon Form","Rupture","Infernal Blade","Apotheosis+1","Spot Weakness","Armaments","Feel No Pain+1","Flame Barrier","Bloodletting+1"],"relics":["Black Blood","Mercury Hourglass","Odd Mushroom","Meat on the Bone","War Paint","PreservedInsect","Centennial Puzzle","MawBank","Ginger"],"potions_floor_usage":[16,16,24],"damage_taken":[{"damage":3,"enemies":"2 Louse","floor":1,"turns":3},{"damage":7,"enemies":"Cultist","floor":3,"turns":5},{"damage":6,"enemies":"Small Slimes","floor":5,"turns":4},{"damage":23,"enemies":"3 Sentries","floor":6,"turns":7},{"damage":17,"enemies":"The Mushroom Lair","floor":7,"turns":4},{"damage":24,"enemies":"Gremlin Nob","floor":10,"turns":5},{"damage":5,"enemies":"Exordium Wildlife","floor":12,"turns":2},{"damage":18,"enemies":"3 Sentries","floor":14,"turns":4},{"damage":58,"enemies":"Hexaghost","floor":16,"turns":8},{"damage":31,"enemies":"2 Thieves","floor":18,"turns":5},{"damage":39,"enemies":"Shell Parasite","floor":19,"turns":8},{"damage":22,"enemies":"Book of Stabbing","floor":23,"turns":5},{"damage":29,"enemies":"Snecko","floor":24,"turns":5},{"damage":17,"enemies":"Chosen and Byrds","floor":27,"turns":5},{"damage":39,"enemies":"Slavers","floor":29,"turns":4},{"damage":55,"enemies":"Centurion and Healer","floor":30,"turns":10},{"damage":27,"enemies":"Snake Plant","floor":31,"turns":3}],"seed_played":"41588621495469693","potions_obtained":[{"floor":5,"key":"BloodPotion"},{"floor":6,"key":"Swift Potion"},{"floor":7,"key":"Ancient Potion"},{"floor":10,"key":"Strength Potion"},{"floor":18,"key":"FearPotion"},{"floor":23,"key":"Energy Potion"}],"is_trial":false,"path_per_floor":["M","?","M","$","M","E","?","R","T","E","R","M","R","E","R","B",null,"M","M","$","?","?","E","M","R","T","M","R","E","M","M"],"character_chosen":"IRONCLAD","items_purchased":["Combust","Apotheosis"],"campfire_rested":4,"item_purchase_floors":[4,20],"current_hp_per_floor":[88,88,87,87,87,70,59,85,85,67,88,88,88,76,76,44,88,67,50,50,50,50,50,43,69,69,62,88,59,26,0],"gold":313,"neow_bonus":"TEN_PERCENT_HP_BONUS","is_prod":false,"is_daily":false,"chose_seed":false,"campfire_upgraded":2,"win_rate":0.0,"timestamp":1552311849,"path_taken":["M","?","M","$","M","E","?","R","T","E","R","M","R","E","R","BOSS","M","M","$","?","?","E","M","R","T","M","R","E","?","M"],"build_version":"2019-01-23","purchased_purges":1,"victory":false,"max_hp_per_floor":[88,88,88,88,88,88,88,88,88,88,88,88,88,88,88,88,88,88,88,88,88,88,88,88,88,88,88,88,88,88,88],"card_choices":[{"not_picked":["Twin Strike","True Grit"],"picked":"Sword Boomerang","floor":1},{"not_picked":["Metallicize","Intimidate"],"picked":"Clothesline","floor":3},{"not_picked":["Infernal Blade","True Grit"],"picked":"Ghostly Armor","floor":5},{"not_picked":["Sword Boomerang","Clash"],"picked":"Thunderclap","floor":6},{"not_picked":["Ghostly Armor","Perfected Strike"],"picked":"Hemokinesis","floor":7},{"not_picked":["Fiend Fire","Blood for Blood"],"picked":"Second Wind","floor":10},{"not_picked":["Entrench","Headbutt"],"picked":"Flame Barrier","floor":12},{"not_picked":["Sever Soul","Cleave"],"picked":"Fire Breathing","floor":14},{"not_picked":["Bludgeon","Brutality"],"picked":"Demon Form","floor":16},{"not_picked":["Whirlwind+1","Searing Blow"],"picked":"Rupture","floor":18},{"not_picked":["Clothesline","Clash"],"picked":"Infernal Blade","floor":19},{"not_picked":["Disarm","Shrug It Off"],"picked":"Spot Weakness","floor":23},{"not_picked":["Flex+1","Uppercut"],"picked":"Armaments","floor":24},{"not_picked":["Burning Pact","Infernal Blade"],"picked":"Feel No Pain+1","floor":27},{"not_picked":["Demon Form","Whirlwind"],"picked":"Flame Barrier","floor":29},{"not_picked":["Body Slam","Clothesline+1"],"picked":"Bloodletting+1","floor":30}],"player_experience":70407,"relics_obtained":[{"floor":6,"key":"Mercury Hourglass"},{"floor":7,"key":"Odd Mushroom"},{"floor":9,"key":"Meat on the Bone"},{"floor":10,"key":"War Paint"},{"floor":14,"key":"PreservedInsect"},{"floor":23,"key":"Centennial Puzzle"},{"floor":26,"key":"MawBank"},{"floor":29,"key":"Ginger"}],"event_choices":[{"damage_healed":0,"gold_gain":0,"cards_transformed":["Sword Boomerang"],"player_choice":"Change","damage_taken":0,"max_hp_gain":0,"max_hp_loss":0,"event_name":"Living Wall","floor":2,"gold_loss":0,"cards_obtained":["Rupture"]},{"damage_healed":0,"gold_gain":0,"player_choice":"Fought Mushrooms","damage_taken":0,"max_hp_gain":0,"max_hp_loss":0,"event_name":"Mushrooms","floor":7,"gold_loss":0},{"damage_healed":0,"gold_gain":0,"player_choice":"Ignored","damage_taken":0,"max_hp_gain":0,"max_hp_loss":0,"event_name":"Ghosts","floor":21,"gold_loss":0},{"damage_healed":0,"gold_gain":0,"player_choice":"Forge","damage_taken":0,"max_hp_gain":0,"max_hp_loss":0,"event_name":"Accursed Blacksmith","floor":22,"gold_loss":0,"cards_upgraded":["Apotheosis"]}],"is_beta":false,"boss_relics":[{"not_picked":["White Beast Statue","Cursed Key"],"picked":"Black Blood"}],"items_purged_floors":[20],"is_endless":false,"potions_floor_spawned":[5,6,7,10,18,23,29],"killed_by":"Snake Plant","ascension_level":0}