{"gold_per_floor":[11,11,11,11,11,11,26,26,26,45,45,58,70,82,82,185,185,150,18,18,31,31,31,50,64,144,144,160,160,178,192,192,293,343,355,355,355,1,15,15,15],"floor_reached":41,"playtime":2079,"items_purged":["Strike_B","Defend_B"],"score":385,"play_id":"247fe768-b08e-4f16-9fd8-0a8bdc1bc18a","local_time":"20190308033925","is_ascension_mode":false,"campfire_choices":[{"data":"Zap","floor":6,"key":"SMITH"},{"data":"Dualcast","floor":8,"key":"SMITH"},{"data":"Auto Shields","floor":15,"key":"SMITH"},{"data":"Echo Form","floor":23,"key":"SMITH"},{"data":"Redo","floor":29,"key":"SMITH"},{"floor":32,"key":"REST"},{"data":"Redo","floor":40,"key":"SMITH"}],"neow_cost":"NO_GOLD","seed_source_timestamp":220903264731062,"circlet_count":0,"master_deck":["Defend_B+1","Zap+1","Dualcast+1","Conserve Battery","Auto Shields+1","Defragment","Redo+1","Echo Form+1","FTL+1","Rainbow","Redo+1","Multi-Cast","Beam Cell","Hologram+1","Sweeping Beam+1","Creative AI","Swift Strike","Redo"],"relics":["Cracked Core","Smiling Mask","Sundial","Sozu","Nilry\u0027s Codex","Kunai","Mercury Hourglass","Tiny House","Ice Cream"],"potions_floor_usage":[16,16,24],"damage_taken":[{"damage":6,"enemies":"Jaw Worm","floor":1,"turns":3},{"damage":0,"enemies":"Small Slimes","floor":7,"turns":2},{"damage":0,"enemies":"2 Louse","floor":10,"turns":2},{"damage":18,"enemies":"Exordium Thugs","floor":12,"turns":5},{"damage":16,"enemies":"Exordium Wildlife","floor":13,"turns":4},{"damage":0,"enemies":"Blue Slaver","floor":14,"turns":3},{"damage":26,"enemies":"The Guardian","floor":16,"turns":14},{"damage":14,"enemies":"2 Thieves","floor":18,"turns":5},{"damage":0,"enemies":"Spheric Guardian","floor":21,"turns":5},{"damage":15,"enemies":"Snake Plant","floor":24,"turns":4},{"damage":18,"enemies":"Centurion and Healer","floor":25,"turns":7},{"damage":0,"enemies":"Snecko","floor":28,"turns":4},{"damage":7,"enemies":"3 Cultists","floor":30,"turns":4},{"damage":0,"enemies":"Chosen and Byrds","floor":31,"turns":5},{"damage":25,"enemies":"Champ","floor":33,"turns":12},{"damage":31,"enemies":"3 Darklings","floor":35,"turns":6},{"damage":11,"enemies":"3 Shapes","floor":39,"turns":4},{"damage":38,"enemies":"Nemesis","floor":41,"turns":4}],"seed_played":"2417732122223799790","potions_obtained":[{"floor":7,"key":"Poison Potion"},{"floor":12,"key":"Energy Potion"},{"floor":14,"key":"FocusPotion"}],"is_trial":false,"path_per_floor":["M","?","?","?","$","R","M","R","T","M","$","M","M","M","R","B",null,"M","$","?","M","?","R","M","M","T","T","M","R","M","M","R","B",null,"M","?","?","$","M","R","E"],"character_chosen":"DEFECT","items_purchased":["Rainbow","Ice Cream"],"campfire_rested":1,"item_purchase_floors":[19,38],"current_hp_per_floor":[69,44,69,69,69,69,69,69,69,69,69,51,35,35,35,9,75,61,61,45,45,45,45,30,12,12,12,12,12,5,5,27,2,80,49,49,49,49,38,38,0],"gold":15,"neow_bonus":"REMOVE_TWO","is_prod":false,"is_daily":false,"chose_seed":false,"campfire_upgraded":6,"win_rate":0,"timestamp":1552012765,"path_taken":["M","?","?","?","?","R","M","R","T","M","$","M","?","M","R","BOSS","M","$","?","M","?","R","M","M","T","?","M","R","M","M","R","BOSS","M","?","?","$","?","R","E"],"build_version":"2019-01-23","purchased_purges":2,"victory":false,"max_hp_per_floor":[75,75,75,75,75,75,75,75,75,75,75,75,75,75,75,75,75,75,75,75,75,75,75,75,75,75,75,75,75,75,75,75,75,80,80,80,80,80,80,80,80],"card_choices":[{"not_picked":["Stack","Turbo"],"picked":"Conserve Battery","floor":1},{"not_picked":["Gash","Tempest"],"picked":"Auto Shields","floor":7},{"not_picked":["Sunder","Turbo"],"picked":"Defragment","floor":10},{"not_picked":["Stack","Streamline"],"picked":"Redo","floor":12},{"not_picked":["Storm","Turbo","Cold Snap"],"picked":"SKIP","floor":13},{"not_picked":["Cold Snap","Core Surge","Blizzard"],"picked":"SKIP","floor":14},{"not_picked":["Thunder Strike","Seek"],"picked":"Echo Form","floor":16},{"not_picked":["Rebound","Compile Driver"],"picked":"FTL+1","floor":18},{"not_picked":["Streamline","Cold Snap","Rebound"],"picked":"SKIP","floor":21},{"not_picked":["FTL+1","Blizzard"],"picked":"Beam Cell","floor":24},{"not_picked":["Gash","Static Discharge","Auto Shields"],"picked":"SKIP","floor":25},{"not_picked":["Compile Driver","Conserve Battery+1"],"picked":"Hologram+1","floor":28},{"not_picked":["Hologram","Streamline"],"picked":"Sweeping Beam+1","floor":30},{"not_picked":["Go for the Eyes+1","Force Field","Aggregate"],"picked":"SKIP","floor":31},{"not_picked":["Hyperbeam","Core Surge"],"picked":"Creative AI","floor":33},{"not_picked":["Turbo","Cold Snap+1","Stack+1"],"picked":"SKIP","floor":35},{"not_picked":["Mind Blast","Madness"],"picked":"Swift Strike","floor":36},{"not_picked":["Barrage","Skim"],"picked":"Redo","floor":39}],"player_experience":112600,"relics_obtained":[{"floor":9,"key":"Sundial"},{"floor":20,"key":"Nilry\u0027s Codex"},{"floor":26,"key":"Kunai"},{"floor":27,"key":"Mercury Hourglass"}],"event_choices":[{"damage_healed":0,"gold_gain":0,"player_choice":"Success","damage_taken":25,"relics_obtained":["Smiling Mask"],"max_hp_gain":0,"max_hp_loss":0,"event_name":"Scrap Ooze","floor":2,"gold_loss":0},{"damage_healed":25,"gold_gain":0,"player_choice":"Banana","damage_taken":0,"max_hp_gain":0,"max_hp_loss":0,"event_name":"Big Fish","floor":3,"gold_loss":0},{"damage_healed":0,"gold_gain":0,"player_choice":"Leave","damage_taken":0,"max_hp_gain":0,"max_hp_loss":0,"event_name":"The Cleric","floor":4,"gold_loss":0},{"damage_healed":0,"gold_gain":0,"player_choice":"Obtained Book","damage_taken":16,"max_hp_gain":0,"max_hp_loss":0,"event_name":"Cursed Tome","floor":20,"gold_loss":0},{"damage_healed":0,"gold_gain":0,"cards_transformed":["Strike_B","Defend_B"],"player_choice":"Became Test Subject","damage_taken":0,"max_hp_gain":0,"max_hp_loss":0,"event_name":"Drug Dealer","floor":22,"gold_loss":0,"cards_obtained":["Redo","Multi-Cast"]},{"damage_healed":0,"gold_gain":0,"player_choice":"Memory 1","damage_taken":0,"max_hp_gain":0,"max_hp_loss":0,"event_name":"SensoryStone","floor":36,"gold_loss":0},{"cards_removed":["Defend_B"],"damage_healed":0,"gold_gain":0,"player_choice":"Removed Skill","damage_taken":0,"max_hp_gain":0,"max_hp_loss":0,"event_name":"Falling","floor":37,"gold_loss":0}],"is_beta":false,"boss_relics":[{"not_picked":["Astrolabe","Coffee Dripper"],"picked":"Sozu"},{"not_picked":["Snecko Eye","Orrery"],"picked":"Tiny House"}],"items_purged_floors":[19,38],"is_endless":false,"potions_floor_spawned":[7,12,14,18,21,30,31,39],"killed_by":"Nemesis","ascension_level":0}