{"gold_per_floor":[110,110,110,110,120,120,134,145,215,215,230,139,155,58,58,156,156,174,174,190,207,207],"floor_reached":22,"playtime":984,"items_purged":["Strike_R"],"score":196,"play_id":"a29676c4-d00d-45cb-b7c4-331145b29b11","local_time":"20190307022601","is_ascension_mode":true,"campfire_choices":[{"data":"Sword Boomerang","floor":6,"key":"SMITH"},{"data":"Disarm","floor":10,"key":"SMITH"},{"data":"True Grit","floor":15,"key":"SMITH"}],"neow_cost":"NONE","seed_source_timestamp":511050270888960,"circlet_count":0,"master_deck":["Strike_R","Strike_R","Defend_R","Defend_R","Defend_R","Defend_R","Bash+1","Sword Boomerang+1","Heavy Blade","Disarm+1","Rampage","Dropkick","True Grit+1","Brutality","Havoc"],"relics":["Burning Blood","Blood Vial","Pen Nib","Self Forming Clay","Kunai","Empty Cage"],"potions_floor_usage":[16,21,22],"damage_taken":[{"damage":7,"enemies":"Jaw Worm","floor":1,"turns":3},{"damage":0,"enemies":"Small Slimes","floor":5,"turns":2},{"damage":2,"enemies":"2 Louse","floor":7,"turns":2},{"damage":20,"enemies":"Gremlin Gang","floor":8,"turns":6},{"damage":21,"enemies":"Large Slime","floor":11,"turns":4},{"damage":5,"enemies":"Red Slaver","floor":13,"turns":4},{"damage":33,"enemies":"Slime Boss","floor":16,"turns":6},{"damage":14,"enemies":"Chosen","floor":18,"turns":4},{"damage":45,"enemies":"2 Thieves","floor":20,"turns":5},{"damage":33,"enemies":"Centurion and Healer","floor":21,"turns":10},{"damage":20,"enemies":"Snake Plant","floor":22,"turns":7}],"seed_played":"-6375598574680091387","potions_obtained":[{"floor":1,"key":"Strength Potion"},{"floor":5,"key":"EssenceOfSteel"},{"floor":16,"key":"Dexterity Potion"},{"floor":21,"key":"GamblersBrew"}],"is_trial":false,"path_per_floor":["M","?","?","?","M","R","M","M","T","R","M","?","M","$","R","B",null,"M","?","M","M","M"],"character_chosen":"IRONCLAD","items_purchased":["True Grit"],"campfire_rested":0,"item_purchase_floors":[14],"current_hp_per_floor":[87,87,69,69,77,77,83,71,71,71,58,58,61,61,61,36,88,80,80,43,18,0],"gold":207,"neow_bonus":"TEN_PERCENT_HP_BONUS","is_prod":false,"is_daily":false,"chose_seed":false,"campfire_upgraded":3,"win_rate":0,"timestamp":1551943561,"path_taken":["M","?","?","?","M","R","M","?","T","R","M","?","M","$","R","BOSS","M","?","?","M","M"],"build_version":"2019-01-23","purchased_purges":1,"victory":false,"max_hp_per_floor":[88,88,88,88,88,88,88,88,88,88,88,88,88,88,88,88,88,88,88,88,88,88],"card_choices":[{"not_picked":["Combust","Havoc"],"picked":"Sword Boomerang","floor":1},{"not_picked":["Spot Weakness","Thunderclap"],"picked":"Heavy Blade","floor":5},{"not_picked":["Sword Boomerang","Pommel Strike"],"picked":"Disarm","floor":7},{"not_picked":["Rage","Impervious","Wild Strike"],"picked":"SKIP","floor":8},{"not_picked":["Rage","Warcry"],"picked":"Rampage","floor":11},{"not_picked":["Clothesline","Cleave"],"picked":"Dropkick","floor":13},{"not_picked":["Barricade","Exhume"],"picked":"Brutality","floor":16},{"not_picked":["Twin Strike","Anger"],"picked":"Havoc","floor":18},{"not_picked":["Perfected Strike","Hemokinesis","Cleave"],"picked":"SKIP","floor":20},{"not_picked":["Warcry","Evolve","Whirlwind"],"picked":"SKIP","floor":21}],"player_experience":1145082,"relics_obtained":[{"floor":4,"key":"Pen Nib"},{"floor":9,"key":"Self Forming Clay"}],"event_choices":[{"damage_healed":0,"gold_gain":0,"player_choice":"Grow","damage_taken":0,"max_hp_gain":0,"max_hp_loss":0,"event_name":"Living Wall","floor":2,"gold_loss":0,"cards_upgraded":["Bash"]},{"damage_healed":0,"gold_gain":0,"player_choice":"Success","damage_taken":18,"relics_obtained":["Blood Vial"],"max_hp_gain":0,"max_hp_loss":0,"event_name":"Scrap Ooze","floor":3,"gold_loss":0},{"damage_healed":0,"gold_gain":0,"player_choice":"Relic","damage_taken":0,"max_hp_gain":0,"max_hp_loss":0,"event_name":"Wheel of Change","floor":4,"gold_loss":0},{"damage_healed":0,"gold_gain":0,"player_choice":"Paid Gold","damage_taken":0,"relics_obtained":["Kunai"],"max_hp_gain":0,"max_hp_loss":0,"event_name":"WeMeetAgain","floor":12,"gold_loss":91},{"damage_healed":0,"gold_gain":0,"player_choice":"Ignored","damage_taken":0,"max_hp_gain":0,"max_hp_loss":0,"event_name":"NoteForYourself","floor":19,"gold_loss":0}],"is_beta":false,"boss_relics":[{"not_picked":["Pandora\u0027s Box","Astrolabe"],"picked":"Empty Cage"}],"items_purged_floors":[14],"is_endless":false,"potions_floor_spawned":[1,5,16,21],"killed_by":"Snake Plant","ascension_level":2}