{"gold_per_floor":[118,72,247,260,277,302,302,360,406,406,419,124,184,184,184,184],"floor_reached":16,"playtime":1288,"items_purged":["Doubt"],"score":108,"play_id":"819ed9c7-0bc1-4399-abc9-468bcf19fca2","local_time":"20180722184712","is_ascension_mode":false,"campfire_choices":[{"data":"Shrug It Off","floor":7,"key":"SMITH"},{"floor":10,"key":"REST"},{"floor":15,"key":"REST"}],"neow_cost":"TEN_PERCENT_HP_LOSS","seed_source_timestamp":330830349855045,"circlet_count":0,"master_deck":["Strike_R","Strike_R","Strike_R","Strike_R","Strike_R","Defend_R","Defend_R","Defend_R","Defend_R","Bash","Pommel Strike","Shrug It Off+1","Headbutt","Rupture","Twin Strike","Cleave","Bloodletting","Fiend Fire","Inflame"],"relics":["Burning Blood","Champion Belt","Matryoshka","Tiny Chest","Oddly Smooth Stone","Dream Catcher","Pen Nib","Letter Opener","Golden Idol"],"potions_floor_usage":[],"damage_taken":[{"damage":5,"enemies":"Small Slimes","floor":1,"turns":5},{"damage":7,"enemies":"2 Louse","floor":4,"turns":4},{"damage":1,"enemies":"Cultist","floor":5,"turns":3},{"damage":28,"enemies":"3 Sentries","floor":6,"turns":10},{"damage":48,"enemies":"Gremlin Nob","floor":8,"turns":6},{"damage":0,"enemies":"Exordium Thugs","floor":11,"turns":6},{"damage":11,"enemies":"Gremlin Nob","floor":13,"turns":5},{"damage":35,"enemies":"Hexaghost","floor":16,"turns":9}],"seed_played":"-8876135630203481334","potions_obtained":[{"floor":5,"key":"GamblersBrew"},{"floor":13,"key":"Fire Potion"}],"is_trial":false,"path_per_floor":["M","$","?","M","M","E","R","E","T","R","M","$","?","?","R"],"character_chosen":"IRONCLAD","items_purchased":["Shrug It Off","Pen Nib","Bloodletting"],"campfire_rested":2,"item_purchase_floors":[2,12,12],"current_hp_per_floor":[72,72,72,71,72,50,50,8,8,29,35,35,30,12,33,0],"gold":184,"neow_bonus":"ONE_RARE_RELIC","is_prod":false,"is_daily":false,"chose_seed":false,"campfire_upgraded":1,"win_rate":0,"timestamp":1532303232,"path_taken":["M","$","?","M","M","E","R","E","T","R","M","?","?","?","R","BOSS"],"build_version":"2018-07-19v2","purchased_purges":1,"victory":false,"max_hp_per_floor":[72,72,72,72,72,72,72,72,72,72,72,72,72,72,72,72],"card_choices":[{"not_picked":["Perfected Strike","Corruption"],"picked":"Pommel Strike","floor":1},{"not_picked":["Warcry","Rage","Searing Blow"],"picked":"SKIP","floor":4},{"not_picked":["Fire Breathing","Pommel Strike"],"picked":"Headbutt","floor":5},{"not_picked":["Dual Wield","Anger"],"picked":"Rupture","floor":6},{"not_picked":["Body Slam","Searing Blow"],"picked":"Twin Strike","floor":8},{"not_picked":["Flex","Infernal Blade"],"picked":"Cleave","floor":11},{"not_picked":["Warcry","Perfected Strike"],"picked":"Fiend Fire","floor":13},{"not_picked":["Warcry","Shockwave"],"picked":"Inflame","floor":15}],"player_experience":79266,"relics_obtained":[{"floor":6,"key":"Matryoshka"},{"floor":8,"key":"Tiny Chest"},{"floor":9,"key":"Oddly Smooth Stone"},{"floor":9,"key":"Dream Catcher"},{"floor":13,"key":"Letter Opener"}],"event_choices":[{"event_name":"Liars Game","player_choice":"agreed","floor":3,"damage_taken":0},{"event_name":"Dead Adventurer","player_choice":"Searched \u00272\u0027 times","floor":13,"damage_taken":0},{"event_name":"Golden Idol","player_choice":"Take Damage","floor":14,"damage_taken":0}],"is_beta":false,"boss_relics":[],"items_purged_floors":[12],"is_endless":false,"potions_floor_spawned":[5,13],"killed_by":"Hexaghost","ascension_level":0}