{"gold_per_floor":[115,128,15,28,47,82,82,114,140,140,140,140,173,173,173,273,273,284,300,575,593,9,9,25,25,50,65,77,77,88,88,88,88],"floor_reached":33,"playtime":1706,"items_purged":["Strike_MRS"],"score":307,"play_id":"4c902f92-5b2f-414e-9940-355217a521d5","local_time":"20190108000631","is_ascension_mode":true,"campfire_choices":[{"data":"FairyDestructionRay","floor":7,"key":"SMITH"},{"data":"BinaryStars","floor":10,"key":"SMITH"},{"floor":12,"key":"REST"},{"data":"StarBarrage","floor":15,"key":"SMITH"},{"floor":23,"key":"REST"},{"data":"TreasureHunter","floor":29,"key":"SMITH"},{"floor":32,"key":"REST"}],"neow_cost":"NONE","seed_source_timestamp":20049744171960,"circlet_count":0,"master_deck":["Strike_MRS","Strike_MRS","Strike_MRS","Defend_MRS","Defend_MRS","Defend_MRS","Defend_MRS","MasterSpark","UpSweep","OrrerysSun","DoubleSpark","FairyDestructionRay+1","StarBarrage+1","PowerUp","BinaryStars+1","DoubleSpark","TreasureHunter+1","CasketOfStar","UnstableBomb","GalacticHalo","UltimateShortwave+1","Crow Ritual+1","GalacticHalo","Singularity+1","SprinkleStarSeal","AlicesGift"],"relics":["MiniHakkero","Replay:Wax Seal","Art of War","Bag of Marbles","Omamori","Ancient Tea Set","Letter Opener","FaceOfCleric","ReplayTheSpireMod:DimensionalGlitch","Guide Book","Orichalcum","Vajra","Nilry\u0027s Codex"],"potions_floor_usage":[5,6,8,24,25,27,30],"damage_taken":[{"damage":1,"enemies":"Cultist","floor":1,"turns":3},{"damage":0,"enemies":"2 Louse","floor":2,"turns":2},{"damage":0,"enemies":"Small Slimes","floor":4,"turns":2},{"damage":4,"enemies":"Gremlin Gang","floor":5,"turns":2},{"damage":6,"enemies":"Gremlin Nob","floor":6,"turns":3},{"damage":16,"enemies":"Lagavulin","floor":8,"turns":7},{"damage":18,"enemies":"3 Sentries","floor":13,"turns":6},{"damage":13,"enemies":"Hexaghost","floor":16,"turns":6},{"damage":5,"enemies":"Chosen","floor":18,"turns":3},{"damage":12,"enemies":"Shell Parasite","floor":19,"turns":4},{"damage":40,"enemies":"Shelled Parasite and Fungi","floor":21,"turns":5},{"damage":8,"enemies":"Snecko","floor":24,"turns":5},{"damage":11,"enemies":"Centurion and Healer","floor":27,"turns":5},{"damage":4,"enemies":"3 Cultists","floor":28,"turns":4},{"damage":5,"enemies":"Cultist and Chosen","floor":30,"turns":2},{"damage":70,"enemies":"Automaton","floor":33,"turns":6}],"seed_played":"7462849021716517759","potions_obtained":[{"floor":1,"key":"Fire Potion"},{"floor":2,"key":"SteroidPotion"},{"floor":4,"key":"AttackPotion"},{"floor":6,"key":"Adrenaline Potion"},{"floor":18,"key":"Regen Potion"},{"floor":24,"key":"Explosive Potion"},{"floor":25,"key":"Fruit Juice"},{"floor":25,"key":"Adrenaline Potion"},{"floor":28,"key":"EssenceOfSteel"}],"is_trial":false,"path_per_floor":["M","M","$","M","M","E","R","E","T","R","?","R","E","?","R","B",null,"M","M","?","M","$","R","M","?","T","M","M","R","M","?","R","B"],"character_chosen":"MARISA","items_purchased":["FairyDestructionRay","Crow Ritual","Guide Book","GalacticHalo","Orichalcum","Regen Potion"],"campfire_rested":3,"item_purchase_floors":[3,22,22,22,22,22],"current_hp_per_floor":[74,74,74,74,70,64,64,48,48,48,30,52,34,34,34,22,76,72,61,61,22,22,45,46,51,51,48,45,45,41,16,42,0],"gold":88,"neow_bonus":"RANDOM_COMMON_RELIC","is_prod":false,"is_daily":false,"chose_seed":false,"campfire_upgraded":4,"win_rate":0,"timestamp":1546913191,"path_taken":["M","?","$","M","M","E","R","E","T","R","?","R","E","?","R","BOSS","M","?","?","M","$","R","?","?","T","M","?","R","M","?","R","BOSS"],"build_version":"2019-01-03v4","purchased_purges":1,"victory":false,"max_hp_per_floor":[75,75,75,75,75,75,75,75,75,75,75,75,75,75,75,76,76,77,78,78,79,79,79,80,85,85,86,87,87,88,88,88,88],"card_choices":[{"not_picked":["GrandCross","DragonMeteor"],"picked":"OrrerysSun","floor":1},{"not_picked":["DarkSpark","EventHorizon"],"picked":"DoubleSpark","floor":2},{"not_picked":["PropBag","ChargeUpSpray"],"picked":"StarBarrage","floor":4},{"not_picked":["6A","WitchOfGreed"],"picked":"PowerUp","floor":5},{"not_picked":["MagicChant","SatelliteIllusion"],"picked":"BinaryStars","floor":6},{"not_picked":["D6C","LuminesStrike"],"picked":"DoubleSpark","floor":8},{"not_picked":["D6C","WitchOfGreed"],"picked":"TreasureHunter","floor":13},{"not_picked":["MillisecondPulsars","JA"],"picked":"CasketOfStar","floor":16},{"not_picked":["WitchLeyline","IllusionStar"],"picked":"UnstableBomb","floor":18},{"not_picked":["WitchLeyline","DoubleSpark"],"picked":"GalacticHalo","floor":19},{"not_picked":["ShootingEcho+1","PowerUp"],"picked":"UltimateShortwave","floor":21},{"not_picked":["AsteroidBelt","AlicesGift"],"picked":"Singularity+1","floor":24},{"not_picked":["LuminesStrike","ShootTheMoon"],"picked":"SprinkleStarSeal","floor":27},{"not_picked":["UnstableBomb","EnergyRecoil","AsteroidBelt+1"],"picked":"SKIP","floor":28},{"not_picked":["MeteoricShower+1","StarBarrage"],"picked":"AlicesGift","floor":30}],"player_experience":705771,"relics_obtained":[{"floor":6,"key":"Art of War"},{"floor":8,"key":"Bag of Marbles"},{"floor":9,"key":"Omamori"},{"floor":13,"key":"Letter Opener"},{"floor":26,"key":"Vajra"},{"floor":31,"key":"Nilry\u0027s Codex"}],"event_choices":[{"damage_healed":0,"gold_gain":0,"player_choice":"Success","damage_taken":18,"relics_obtained":["Ancient Tea Set"],"max_hp_gain":0,"max_hp_loss":0,"event_name":"Scrap Ooze","floor":11,"gold_loss":0},{"damage_healed":0,"gold_gain":0,"player_choice":"Trade","damage_taken":0,"relics_obtained":["FaceOfCleric"],"max_hp_gain":0,"max_hp_loss":0,"event_name":"FaceTrader","floor":14,"gold_loss":0},{"damage_healed":0,"gold_gain":275,"player_choice":"Desecrate","damage_taken":0,"max_hp_gain":0,"max_hp_loss":0,"event_name":"Golden Shrine","floor":20,"gold_loss":0,"cards_obtained":["Regret"]},{"damage_healed":0,"gold_gain":0,"player_choice":"Got Potions","damage_taken":0,"max_hp_gain":0,"max_hp_loss":0,"event_name":"Lab","floor":25,"gold_loss":0},{"damage_healed":0,"gold_gain":0,"player_choice":"Obtained Book","damage_taken":16,"max_hp_gain":0,"max_hp_loss":0,"event_name":"Cursed Tome","floor":31,"gold_loss":0}],"is_beta":false,"boss_relics":[{"not_picked":["Eternal Feather","Abe\u0027s Treasure"],"picked":"ReplayTheSpireMod:DimensionalGlitch"}],"items_purged_floors":[3],"is_endless":false,"potions_floor_spawned":[1,2,4,6,18,24,28],"killed_by":"Automaton","ascension_level":1}