{"gold_per_floor":[119,119,119,44,63,88,151,151],"floor_reached":8,"playtime":295,"items_purged":["Regret"],"score":73,"play_id":"2d1b1201-4b31-4784-a98d-cf5561a935ca","local_time":"20190123172055","is_ascension_mode":true,"campfire_choices":[],"neow_cost":"NONE","seed_source_timestamp":379938243617406,"circlet_count":0,"master_deck":["Strike_B","Strike_B","Strike_B","Strike_B","Defend_B","Defend_B","Defend_B","Defend_B","Zap","Dualcast","Leap","Genetic Algorithm+1","Ball Lightning","Redo","Doom and Gloom+1"],"relics":["Cracked Core","Matryoshka","Dodecahedron","Molten Egg 2"],"potions_floor_usage":[7,8],"damage_taken":[{"damage":1,"enemies":"Jaw Worm","floor":1,"turns":4},{"damage":11,"enemies":"2 Louse","floor":5,"turns":3},{"damage":23,"enemies":"3 Sentries","floor":6,"turns":8},{"damage":21,"enemies":"Gremlin Nob","floor":7,"turns":4},{"damage":35,"enemies":"Gremlin Nob","floor":8,"turns":3}],"seed_played":"-1089544883145965965","potions_obtained":[{"floor":1,"key":"Block Potion"},{"floor":5,"key":"Strength Potion"}],"is_trial":false,"path_per_floor":["M","?","?","$","M","E","?","E"],"character_chosen":"DEFECT","items_purchased":[],"campfire_rested":0,"item_purchase_floors":[],"current_hp_per_floor":[67,67,67,67,56,33,12,0],"gold":151,"neow_bonus":"THREE_CARDS","is_prod":false,"is_daily":false,"chose_seed":false,"campfire_upgraded":0,"win_rate":0,"timestamp":1548300055,"path_taken":["M","?","?","$","M","E","?","E"],"build_version":"2019-01-23","purchased_purges":1,"victory":false,"max_hp_per_floor":[75,75,75,75,75,75,75,75],"card_choices":[{"not_picked":["Stack","Reprogram"],"picked":"Leap","floor":0},{"not_picked":["Glacier","Stack"],"picked":"Genetic Algorithm","floor":1},{"not_picked":["Streamline","Leap"],"picked":"Ball Lightning","floor":5},{"not_picked":["FTL","Reprogram"],"picked":"Redo","floor":6},{"not_picked":["Lockon","Force Field"],"picked":"Doom and Gloom","floor":7}],"player_experience":344747,"relics_obtained":[{"floor":6,"key":"Dodecahedron"},{"floor":7,"key":"Molten Egg 2"}],"event_choices":[{"damage_healed":0,"gold_gain":0,"player_choice":"Box","damage_taken":0,"relics_obtained":["Matryoshka"],"max_hp_gain":0,"max_hp_loss":0,"event_name":"Big Fish","floor":2,"gold_loss":0,"cards_obtained":["Regret"]},{"damage_healed":0,"gold_gain":0,"player_choice":"Grow","damage_taken":0,"max_hp_gain":0,"max_hp_loss":0,"event_name":"Living Wall","floor":3,"gold_loss":0,"cards_upgraded":["Genetic Algorithm"]},{"damage_healed":0,"gold_gain":0,"player_choice":"Searched \u00271\u0027 times","damage_taken":0,"max_hp_gain":0,"max_hp_loss":0,"event_name":"Dead Adventurer","floor":7,"gold_loss":0}],"is_beta":false,"boss_relics":[],"items_purged_floors":[4],"is_endless":false,"potions_floor_spawned":[1,5],"killed_by":"Gremlin Nob","ascension_level":7}