{"gold_per_floor":[11,28,46,46,59,59,88,133,133,98,116,116,116,157,157,157],"floor_reached":16,"playtime":617,"items_purged":[],"score":201,"play_id":"652b608c-ab63-4bea-a890-d72f57339293","local_time":"20190219135719","is_ascension_mode":true,"campfire_choices":[{"data":"Armaments","floor":6,"key":"SMITH"},{"floor":12,"key":"RECALL"},{"floor":15,"key":"REST"}],"neow_cost":"NO_GOLD","seed_source_timestamp":17562374130450,"circlet_count":0,"master_deck":["AscendersBane","Strike_R","Strike_R","Strike_R","Strike_R","Strike_R","Defend_R","Defend_R","Defend_R","Defend_R","Bash","Iron Wave","Flex","Headbutt","Armaments+1","Iron Wave","Twin Strike+1","Iron Wave+1"],"relics":["Burning Blood","GremlinMask","Sundial","Molten Egg 2","Golden Idol","Omamori"],"potions_floor_usage":[11,14,16],"damage_taken":[{"damage":6,"enemies":"Cultist","floor":1,"turns":3},{"damage":0,"enemies":"Small Slimes","floor":2,"turns":4},{"damage":4,"enemies":"2 Louse","floor":3,"turns":3},{"damage":5,"enemies":"Large Slime","floor":5,"turns":6},{"damage":33,"enemies":"Gremlin Nob","floor":7,"turns":4},{"damage":12,"enemies":"Lots of Slimes","floor":11,"turns":7},{"damage":22,"enemies":"3 Sentries","floor":14,"turns":8},{"damage":78,"enemies":"Hexaghost","floor":16,"turns":13}],"seed_played":"1979615508761282107","potions_obtained":[{"floor":1,"key":"SpeedPotion"},{"floor":7,"key":"Block Potion"},{"floor":11,"key":"Explosive Potion"}],"is_trial":false,"path_per_floor":["M","M","M","?","M","R","E","T","T","?","M","R","?","E","R","B"],"character_chosen":"IRONCLAD","items_purchased":[],"campfire_rested":1,"item_purchase_floors":[],"current_hp_per_floor":[88,94,96,96,96,96,69,69,69,93,87,87,63,47,75,0],"gold":157,"neow_bonus":"TWENTY_PERCENT_HP_BONUS","is_prod":false,"is_daily":false,"chose_seed":false,"campfire_upgraded":1,"win_rate":0,"timestamp":1550620639,"path_taken":["M","M","M","?","?","R","E","?","T","?","M","R","?","E","R","BOSS"],"build_version":"2019-01-23","purchased_purges":0,"victory":false,"max_hp_per_floor":[96,96,96,96,96,96,96,96,96,96,96,96,96,96,96,96],"card_choices":[{"not_picked":["Corruption","Headbutt"],"picked":"Iron Wave","floor":1},{"not_picked":["Berserk","Anger"],"picked":"Flex","floor":2},{"not_picked":["Anger","Thunderclap"],"picked":"Headbutt","floor":3},{"not_picked":["Second Wind","Spot Weakness"],"picked":"Armaments","floor":5},{"not_picked":["Perfected Strike","Thunderclap"],"picked":"Iron Wave","floor":7},{"not_picked":["Rupture","Shrug It Off"],"picked":"Twin Strike+1","floor":11},{"not_picked":["Sword Boomerang+1","Wild Strike+1"],"picked":"Iron Wave+1","floor":14}],"player_experience":447148,"relics_obtained":[{"floor":7,"key":"Sundial"},{"floor":9,"key":"Molten Egg 2"},{"floor":14,"key":"Omamori"}],"event_choices":[{"damage_healed":0,"gold_gain":0,"player_choice":"Trade","damage_taken":0,"relics_obtained":["GremlinMask"],"max_hp_gain":0,"max_hp_loss":0,"event_name":"FaceTrader","floor":4,"gold_loss":0},{"damage_healed":24,"gold_gain":0,"player_choice":"Healed","damage_taken":0,"max_hp_gain":0,"max_hp_loss":0,"event_name":"The Cleric","floor":10,"gold_loss":35},{"damage_healed":0,"gold_gain":0,"player_choice":"Take Damage","damage_taken":24,"relics_obtained":["Golden Idol"],"max_hp_gain":0,"max_hp_loss":0,"event_name":"Golden Idol","floor":13,"gold_loss":0}],"is_beta":false,"boss_relics":[],"items_purged_floors":[],"is_endless":false,"potions_floor_spawned":[1,7,11],"killed_by":"Hexaghost","ascension_level":12}