{"gold_per_floor":[118,129,129,154,79,79,122,122,122,122,82],"floor_reached":11,"playtime":398,"items_purged":[],"score":138,"play_id":"e36ec39b-9ff1-4e91-98f7-de354be454d3","local_time":"20190311120944","is_ascension_mode":true,"campfire_choices":[{"data":"Neutralize","floor":6.0,"key":"SMITH"},{"data":"Flechettes","floor":8,"key":"SMITH"},{"data":"Catalyst","floor":10,"key":"SMITH"}],"neow_cost":"NONE","seed_source_timestamp":412818473868739,"circlet_count":0,"master_deck":["AscendersBane","Defend_G","Defend_G","Defend_G","Defend_G","Defend_G","Strike_G","Strike_G","Strike_G","Survivor","Neutralize+1","Catalyst+1","Flechettes+1","Bane","Bouncing Flask"],"special_seed":0,"relics":["Ring of the Snake","Golden Idol","Bottled Flame","Blue Candle"],"potions_floor_usage":[11],"damage_taken":[{"damage":1.0,"enemies":"Cultist","floor":1.0,"turns":5.0},{"damage":4.0,"enemies":"Jaw Worm","floor":2.0,"turns":8.0},{"damage":1.0,"enemies":"Small Slimes","floor":4.0,"turns":4.0},{"damage":38.0,"enemies":"3 Sentries","floor":7.0,"turns":15.0},{"damage":17,"enemies":"Exordium Thugs","floor":11,"turns":5}],"seed_played":"-7642654826671223434","potions_obtained":[{"floor":2.0,"key":"Weak Potion"},{"floor":4.0,"key":"GhostInAJar"}],"is_trial":false,"path_per_floor":["M","M","?","M","?","R","E","R","T","R","M"],"character_chosen":"THE_SILENT","items_purchased":[],"campfire_rested":0,"item_purchase_floors":[],"current_hp_per_floor":[58,54,54,53,53,53,15,15,15,15,0],"gold":82,"neow_bonus":"TRANSFORM_CARD","is_prod":false,"is_daily":false,"chose_seed":false,"campfire_upgraded":3,"win_rate":0,"timestamp":1552302584,"path_taken":["M","?","?","M","?","R","E","R","T","R","M"],"build_version":"2019-01-23","purchased_purges":0,"victory":false,"max_hp_per_floor":[66,66,60,60,60,60,60,60,60,60,60],"card_choices":[{"not_picked":["Dagger Throw","Reflex","Riddle With Holes"],"picked":"SKIP","floor":1.0},{"not_picked":["Setup","Accuracy"],"picked":"Flechettes","floor":2.0},{"not_picked":["Sucker Punch","Grand Finale"],"picked":"Bane","floor":4.0},{"not_picked":["Escape Plan","Terror"],"picked":"Bouncing Flask","floor":7}],"player_experience":957165,"relics_obtained":[{"floor":7,"key":"Bottled Flame"},{"floor":9,"key":"Blue Candle"}],"event_choices":[{"damage_healed":0.0,"max_hp_gain":0.0,"max_hp_loss":6.0,"gold_gain":0.0,"event_name":"Golden Idol","player_choice":"Lose Max HP","floor":3.0,"gold_loss":0.0,"damage_taken":0.0,"relics_obtained":["Golden Idol"]},{"cards_removed":["Strike_G"],"damage_healed":0.0,"max_hp_gain":0.0,"max_hp_loss":0.0,"gold_gain":0.0,"event_name":"The Cleric","player_choice":"Card Removal","floor":5.0,"gold_loss":75.0,"damage_taken":0.0}],"is_beta":false,"boss_relics":[],"items_purged_floors":[],"is_endless":false,"potions_floor_spawned":[2,4],"killed_by":"Exordium Thugs","ascension_level":19}