{"gold_per_floor":[119,131,131,145,157,157,183,183,228,253,253,265,283,283,283,360,360,379,395,408,418,418],"floor_reached":22,"playtime":673,"items_purged":[],"score":350,"play_id":"e605cf0c-ed85-4014-89d8-7ea8c29b0332","local_time":"20190221205500","is_ascension_mode":true,"campfire_choices":[{"floor":6,"key":"REST"},{"floor":11,"key":"REST"},{"floor":15,"key":"REST"}],"neow_cost":"NONE","seed_source_timestamp":131940473784393,"circlet_count":0,"master_deck":["AscendersBane","Strike_R","Strike_R","Strike_R","Strike_R","Strike_R","Defend_R","Defend_R","Defend_R","Defend_R","Bash","Twin Strike","Pommel Strike","Twin Strike","Rampage","Rage+1","Pommel Strike","Feed","Rampage+1","Spot Weakness","Pommel Strike","Clash"],"relics":["Burning Blood","Bottled Lightning","Regal Pillow","Juzu Bracelet","Velvet Choker"],"potions_floor_usage":[7,10,18,19,19],"damage_taken":[{"damage":16,"enemies":"Jaw Worm","floor":1,"turns":4},{"damage":0,"enemies":"Small Slimes","floor":2,"turns":3},{"damage":8,"enemies":"2 Louse","floor":4,"turns":3},{"damage":21,"enemies":"Blue Slaver","floor":5,"turns":3},{"damage":32,"enemies":"Gremlin Nob","floor":7,"turns":4},{"damage":45,"enemies":"3 Sentries","floor":10,"turns":9},{"damage":32,"enemies":"Gremlin Gang","floor":12,"turns":4},{"damage":7,"enemies":"2 Fungi Beasts","floor":13,"turns":3},{"damage":64,"enemies":"Slime Boss","floor":16,"turns":9},{"damage":1,"enemies":"3 Byrds","floor":18,"turns":5},{"damage":28,"enemies":"Shell Parasite","floor":19,"turns":4},{"damage":16,"enemies":"Centurion and Healer","floor":20,"turns":6},{"damage":33,"enemies":"Snake Plant","floor":21,"turns":4},{"damage":22,"enemies":"Snecko","floor":22,"turns":3}],"seed_played":"1786489876454129014","potions_obtained":[{"floor":2,"key":"EssenceOfSteel"},{"floor":5,"key":"BloodPotion"},{"floor":13,"key":"Swift Potion"},{"floor":16,"key":"LiquidBronze"},{"floor":18,"key":"Explosive Potion"}],"is_trial":false,"path_per_floor":["M","M","?","M","M","R","E","$","T","E","R","M","M","?","R","B",null,"M","M","M","M","M"],"character_chosen":"IRONCLAD","items_purchased":[],"campfire_rested":3,"item_purchase_floors":[],"current_hp_per_floor":[65,71,71,69,54,78,60,60,60,21,60,34,33,33,72,14,65,73,54,47,20,0],"gold":418,"neow_bonus":"TEN_PERCENT_HP_BONUS","is_prod":false,"is_daily":false,"chose_seed":false,"campfire_upgraded":0,"win_rate":0,"timestamp":1550818500,"path_taken":["M","M","?","M","M","R","E","$","T","E","R","M","M","?","R","BOSS","M","M","M","M","M"],"build_version":"2019-01-23","purchased_purges":0,"victory":false,"max_hp_per_floor":[82,82,82,82,82,82,82,82,82,82,82,82,82,82,82,82,82,85,88,91,91,91],"card_choices":[{"not_picked":["Wild Strike","Pommel Strike"],"picked":"Twin Strike","floor":1},{"not_picked":["Evolve","Rupture"],"picked":"Pommel Strike","floor":2},{"not_picked":["Armaments","Heavy Blade"],"picked":"Twin Strike","floor":4},{"not_picked":["Havoc","Corruption","Searing Blow"],"picked":"SKIP","floor":5},{"not_picked":["Cleave","Shrug It Off","Entrench"],"picked":"SKIP","floor":7},{"not_picked":["Flex","Rupture"],"picked":"Rampage","floor":10},{"not_picked":["Armaments","Heavy Blade"],"picked":"Rage","floor":12},{"not_picked":["Shrug It Off","Fire Breathing"],"picked":"Pommel Strike","floor":13},{"not_picked":["Fiend Fire","Impervious"],"picked":"Feed","floor":16},{"not_picked":["Intimidate","Thunderclap"],"picked":"Rampage+1","floor":18},{"not_picked":["Clash","Inflame"],"picked":"Spot Weakness","floor":19},{"not_picked":["Dropkick","Headbutt"],"picked":"Pommel Strike","floor":20},{"not_picked":["Sword Boomerang","Twin Strike"],"picked":"Clash","floor":21}],"player_experience":460751,"relics_obtained":[{"floor":7,"key":"Bottled Lightning"},{"floor":9,"key":"Regal Pillow"},{"floor":10,"key":"Juzu Bracelet"}],"event_choices":[{"damage_healed":0,"gold_gain":0,"player_choice":"Ignored","damage_taken":0,"max_hp_gain":0,"max_hp_loss":0,"event_name":"Golden Wing","floor":3,"gold_loss":0},{"damage_healed":0,"gold_gain":0,"player_choice":"Grow","damage_taken":0,"max_hp_gain":0,"max_hp_loss":0,"event_name":"Living Wall","floor":14,"gold_loss":0,"cards_upgraded":["Rage"]}],"is_beta":false,"boss_relics":[{"not_picked":["Runic Dome","White Beast Statue"],"picked":"Velvet Choker"}],"items_purged_floors":[],"is_endless":false,"potions_floor_spawned":[2,5,13,16,18],"killed_by":"Snecko","ascension_level":15}