{"gold_per_floor":[111,111,111,124,138,138,168,168,168,168,168,168,186,196,196,291,291,306,231,231,242,258,258,61,94,94,94,106,0,15,29,29,131,131,145,0,18,18,31,31],"floor_reached":40,"playtime":2977,"items_purged":[],"score":408,"play_id":"f1c98229-813e-4b3a-881e-8fcd1a7cc238","local_time":"20180719133133","is_ascension_mode":false,"campfire_choices":[{"data":"Shrug It Off","floor":6,"key":"SMITH"},{"data":"Shrug It Off","floor":8,"key":"SMITH"},{"data":"Bash","floor":10,"key":"SMITH"},{"data":"Headbutt","floor":12,"key":"SMITH"},{"data":"Heavy Blade","floor":15,"key":"SMITH"},{"floor":23,"key":"REST"},{"floor":32,"key":"REST"}],"neow_cost":"CURSE","seed_source_timestamp":51002298448507,"circlet_count":0,"master_deck":["Strike_R","Strike_R","Strike_R","Strike_R","Defend_R","Defend_R","Defend_R","Defend_R","Bash+1","Pain","Shrug It Off+1","Headbutt+1","Thunderclap","Shrug It Off+1","Parasite","Heavy Blade+1","Bloodletting","Bludgeon","Rampage","Cleave","Flex+1","Thunderclap","Twin Strike","Heavy Blade","Dual Wield+1","Limit Break","Cleave+1","Rage+1","Pommel Strike","Twin Strike+1","Infernal Blade","Pummel","Flex"],"relics":["Burning Blood","Du-Vu Doll","Meat on the Bone","Bag of Marbles","Question Card","Runic Cube","Sling","Paper Frog","Lantern","Orrery","Red Mask"],"potions_floor_usage":[33,33,40],"damage_taken":[{"damage":5,"enemies":"2 Louse","floor":1,"turns":2},{"damage":3,"enemies":"Cultist","floor":4,"turns":3},{"damage":5,"enemies":"Jaw Worm","floor":5,"turns":3},{"damage":43,"enemies":"Gremlin Nob","floor":7,"turns":5},{"damage":12,"enemies":"Blue Slaver","floor":13,"turns":2},{"damage":7,"enemies":"2 Fungi Beasts","floor":14,"turns":3},{"damage":47,"enemies":"Hexaghost","floor":16,"turns":8},{"damage":13,"enemies":"Shell Parasite","floor":18,"turns":2},{"damage":40,"enemies":"3 Byrds","floor":21,"turns":5},{"damage":8,"enemies":"Snecko","floor":22,"turns":3},{"damage":39,"enemies":"Slavers","floor":25,"turns":4},{"damage":2,"enemies":"Snake Plant","floor":28,"turns":2},{"damage":18,"enemies":"Centurion and Healer","floor":30,"turns":4},{"damage":7,"enemies":"3 Cultists","floor":31,"turns":3},{"damage":91,"enemies":"Automaton","floor":33,"turns":10},{"damage":10,"enemies":"3 Darklings","floor":35,"turns":2},{"damage":1,"enemies":"3 Shapes","floor":37,"turns":2},{"damage":54,"enemies":"Sphere and 2 Shapes","floor":39,"turns":4},{"damage":72,"enemies":"Giant Head","floor":40,"turns":6}],"seed_played":"-6355748000515367168","potions_obtained":[{"floor":2,"key":"FairyPotion"},{"floor":2,"key":"BloodPotion"},{"floor":2,"key":"EssenceOfSteel"},{"floor":7,"key":"Poison Potion"},{"floor":13,"key":"BloodPotion"},{"floor":33,"key":"Ancient Potion"},{"floor":37,"key":"SkillPotion"}],"is_trial":false,"path_per_floor":["M","?","?","M","M","R","E","R","T","R","?","R","M","M","R","B",null,"M","?","?","M","M","R","$","E","T","$","M","?","M","M","R","B",null,"M","?","M","$","M"],"character_chosen":"IRONCLAD","items_purchased":["Sling"],"campfire_rested":2,"item_purchase_floors":[24],"current_hp_per_floor":[80,80,77,80,80,80,55,55,55,55,75,75,69,68,68,39,80,73,73,58,36,46,71,71,50,50,50,54,54,54,53,78,21,85,81,81,85,85,49,0],"gold":31,"neow_bonus":"ONE_RARE_RELIC","is_prod":false,"is_daily":false,"chose_seed":false,"campfire_upgraded":5,"win_rate":0.0,"timestamp":1532025093,"path_taken":["M","?","?","M","?","R","E","R","T","R","?","R","M","?","R","BOSS","M","?","?","M","?","R","$","E","T","$","?","?","M","M","R","BOSS","M","?","M","$","?","E"],"build_version":"2018-07-12","purchased_purges":0,"victory":false,"max_hp_per_floor":[80,80,80,80,80,80,80,80,80,80,80,80,80,80,80,80,80,80,80,85,85,85,85,85,85,85,85,85,85,85,85,85,85,85,85,85,85,85,85,85],"card_choices":[{"not_picked":["Clothesline","Battle Trance"],"picked":"Shrug It Off","floor":1},{"not_picked":["Power Through","Searing Blow"],"picked":"Headbutt","floor":4},{"not_picked":["Armaments","Metallicize"],"picked":"Thunderclap","floor":5},{"not_picked":["Double Tap","Warcry"],"picked":"Shrug It Off","floor":7},{"not_picked":["Perfected Strike","Flex","Thunderclap"],"picked":"Heavy Blade","floor":13},{"not_picked":["Clothesline","Heavy Blade","Twin Strike"],"picked":"Bloodletting","floor":14},{"not_picked":["Fiend Fire","Berserk","Brutality"],"picked":"Bludgeon","floor":16},{"not_picked":["Bloodletting","Cleave","Anger+1"],"picked":"Rampage","floor":18},{"not_picked":["Combust","Rupture","Sword Boomerang"],"picked":"Cleave","floor":21},{"not_picked":["Clothesline","Pummel+1","Body Slam"],"picked":"Flex+1","floor":22},{"not_picked":["Clothesline","Body Slam","Bludgeon"],"picked":"Thunderclap","floor":25},{"not_picked":["Burning Pact","Clothesline","Thunderclap+1"],"picked":"Twin Strike","floor":28},{"not_picked":["Carnage","Shrug It Off","Combust"],"picked":"Heavy Blade","floor":30},{"not_picked":["Uppercut","Metallicize","Power Through"],"picked":"Dual Wield+1","floor":31},{"not_picked":["Bludgeon","Brutality","Demon Form"],"picked":"Limit Break","floor":33},{"not_picked":["Heavy Blade","Anger","Armaments+1"],"picked":"Cleave+1","floor":34},{"not_picked":["Feel No Pain","Sever Soul","Flame Barrier+1"],"picked":"Rage+1","floor":34},{"not_picked":["Sword Boomerang","Heavy Blade","Shrug It Off"],"picked":"Pommel Strike","floor":34},{"not_picked":["Perfected Strike","Shockwave","Flame Barrier"],"picked":"Twin Strike+1","floor":34},{"not_picked":["Armaments","Thunderclap","Shrug It Off"],"picked":"Infernal Blade","floor":34},{"not_picked":["Uppercut+1","Armaments","Thunderclap"],"picked":"Pummel","floor":35},{"not_picked":["Heavy Blade+1","Corruption+1","Entrench","Thunderclap+1"],"picked":"SKIP","floor":37},{"not_picked":["Shrug It Off+1","Dark Embrace","Searing Blow"],"picked":"Flex","floor":39}],"player_experience":38998,"relics_obtained":[{"floor":7,"key":"Bag of Marbles"},{"floor":9,"key":"Question Card"},{"floor":25,"key":"Paper Frog"},{"floor":26,"key":"Lantern"}],"event_choices":[{"event_name":"The Lab","player_choice":"Got Potions","floor":2,"damage_taken":0},{"event_name":"Scrap Ooze","player_choice":"success","floor":3,"damage_taken":3},{"event_name":"Mushrooms","player_choice":"Healed and dodged fight","floor":11,"damage_taken":0},{"event_name":"Beggar","player_choice":"Gave Gold","floor":19,"damage_taken":0},{"event_name":"Forgotten Altar","player_choice":"Shed Blood","floor":20,"damage_taken":0},{"event_name":"Masked Bandits","player_choice":"Paid Bandits 106 gold","floor":29,"damage_taken":0},{"event_name":"Tomb of Lord Red Mask","player_choice":"Paid","floor":36,"damage_taken":0}],"boss_relics":[{"not_picked":["Philosopher\u0027s Stone","Snecko Eye"],"picked":"Runic Cube"},{"not_picked":["Black Star","Mark of Pain"],"picked":"Orrery"}],"items_purged_floors":[],"is_endless":false,"potions_floor_spawned":[7,13,16,18,25,30,33,37],"killed_by":"Giant Head","ascension_level":0}