{"gold_per_floor":[217,232,35,47,47,74,74,100,100,100,70,104,116,132,132,231,231,248,267,22,42,55,55,0,0,0,0,18,53,69,95,95,95],"floor_reached":33,"playtime":1320,"items_purged":["Bash"],"score":523,"play_id":"c755baeb-3c43-4c5b-ae15-3ac85782499e","local_time":"20190306165903","is_ascension_mode":true,"campfire_choices":[{"data":"Carnage","floor":7.0,"key":"SMITH"},{"floor":10.0,"key":"REST"},{"data":"Metallicize","floor":15.0,"key":"SMITH"},{"floor":23.0,"key":"REST"},{"floor":27.0,"key":"REST"},{"floor":32.0,"key":"REST"}],"neow_cost":"NONE","seed_source_timestamp":0,"circlet_count":0,"master_deck":["AscendersBane","Strike_R","Strike_R","Strike_R","Strike_R","Strike_R","Defend_R","Defend_R","Defend_R","Defend_R","Evolve","Headbutt","Corruption","Carnage+1","Metallicize+1","Ghostly Armor","Shrug It Off","Shrug It Off","Offering","Thunderclap","Havoc","Apotheosis","Whirlwind","Shrug It Off","Heavy Blade","Writhe","Shrug It Off","Double Tap","Iron Wave+1","Shrug It Off"],"special_seed":0,"relics":["Burning Blood","Oddly Smooth Stone","The Courier","Du-Vu Doll","Runic Dome","Bronze Scales","Blue Candle","Matryoshka","Ice Cream"],"potions_floor_usage":[33],"damage_taken":[{"damage":0.0,"enemies":"Small Slimes","floor":1.0,"turns":3.0},{"damage":8.0,"enemies":"2 Louse","floor":2.0,"turns":3.0},{"damage":0.0,"enemies":"Cultist","floor":4.0,"turns":2.0},{"damage":42.0,"enemies":"Lagavulin","floor":6.0,"turns":6.0},{"damage":18.0,"enemies":"Gremlin Nob","floor":8.0,"turns":4.0},{"damage":9.0,"enemies":"3 Sentries","floor":12.0,"turns":7.0},{"damage":3.0,"enemies":"2 Fungi Beasts","floor":13.0,"turns":4.0},{"damage":0.0,"enemies":"3 Louse","floor":14.0,"turns":5.0},{"damage":46.0,"enemies":"The Guardian","floor":16.0,"turns":16.0},{"damage":33.0,"enemies":"3 Byrds","floor":18.0,"turns":9.0},{"damage":13.0,"enemies":"2 Thieves","floor":19.0,"turns":4.0},{"damage":0.0,"enemies":"3 Cultists","floor":21.0,"turns":2.0},{"damage":36.0,"enemies":"Snake Plant","floor":22.0,"turns":4.0},{"damage":25.0,"enemies":"Centurion and Healer","floor":28.0,"turns":4.0},{"damage":7.0,"enemies":"Book of Stabbing","floor":29.0,"turns":4.0},{"damage":6.0,"enemies":"3 Cultists","floor":30.0,"turns":2.0},{"damage":21.0,"enemies":"Gremlin Leader","floor":31.0,"turns":6.0},{"damage":42,"enemies":"Collector","floor":33,"turns":5}],"seed_played":"-7549089861948992178","potions_obtained":[{"floor":1.0,"key":"Energy Potion"},{"floor":4.0,"key":"AttackPotion"},{"floor":8.0,"key":"Dexterity Potion"},{"floor":11.0,"key":"SpeedPotion"},{"floor":11.0,"key":"Strength Potion"},{"floor":14.0,"key":"SteroidPotion"},{"floor":21.0,"key":"Fire Potion"},{"floor":22.0,"key":"SkillPotion"},{"floor":28.0,"key":"LiquidBronze"},{"floor":30.0,"key":"SneckoOil"}],"is_trial":false,"path_per_floor":["M","M","$","M","?","E","R","E","T","R","?","E","M","M","R","B",null,"M","M","$","M","M","R","?","?","T","R","M","E","M","E","R","B"],"character_chosen":"IRONCLAD","items_purchased":["Corruption","Carnage","Apotheosis","Whirlwind","Shrug It Off"],"campfire_rested":4,"item_purchase_floors":[3,3,20,20,20],"current_hp_per_floor":[78,76,76,80,85,49,49,37,37,62,62,59,62,68,68,28,71,44,37,37,43,13,38,38,38,38,63,44,43,43,28,53,11],"gold":95,"neow_bonus":"HUNDRED_GOLD","is_prod":false,"is_daily":false,"chose_seed":false,"campfire_upgraded":2,"win_rate":0,"timestamp":1551902343,"path_taken":["M","M","$","M","?","E","R","E","T","R","?","E","?","M","R","BOSS","M","M","$","M","M","R","?","?","T","R","M","E","M","E","R","BOSS"],"build_version":"2019-01-23","purchased_purges":1,"victory":false,"max_hp_per_floor":[80,80,80,80,85,85,85,85,85,85,85,85,85,85,85,85,85,85,85,85,85,85,85,85,85,85,85,85,85,85,85,85,85],"card_choices":[{"not_picked":["Combust","Rage"],"picked":"Evolve","floor":1.0},{"not_picked":["Pommel Strike","Havoc"],"picked":"Headbutt","floor":2.0},{"not_picked":["Headbutt","Cleave"],"picked":"Metallicize","floor":4.0},{"not_picked":["Blood for Blood","Bloodletting"],"picked":"Ghostly Armor","floor":6.0},{"not_picked":["Demon Form","Entrench","Searing Blow"],"picked":"SKIP","floor":8.0},{"not_picked":["Sword Boomerang","Wild Strike"],"picked":"Shrug It Off","floor":12.0},{"not_picked":["Anger","Sword Boomerang","Fire Breathing"],"picked":"SKIP","floor":13.0},{"not_picked":["Flex","Sentinel"],"picked":"Shrug It Off","floor":14.0},{"not_picked":["Dark Embrace","Demon Form"],"picked":"Offering","floor":16.0},{"not_picked":["Shockwave","Wild Strike"],"picked":"Thunderclap","floor":18.0},{"not_picked":["Clash","Sword Boomerang"],"picked":"Havoc","floor":19.0},{"not_picked":["Anger","Clash+1","Burning Pact"],"picked":"SKIP","floor":21.0},{"not_picked":["Clothesline","Clash+1"],"picked":"Heavy Blade","floor":22.0},{"not_picked":["Twin Strike","Dual Wield"],"picked":"Shrug It Off","floor":28.0},{"not_picked":["Second Wind+1","Sentinel"],"picked":"Double Tap","floor":29.0},{"not_picked":["Seeing Red","Reckless Charge"],"picked":"Iron Wave+1","floor":30.0},{"not_picked":["Warcry","Searing Blow"],"picked":"Shrug It Off","floor":31.0}],"player_experience":701548,"relics_obtained":[{"floor":6.0,"key":"Oddly Smooth Stone"},{"floor":8.0,"key":"The Courier"},{"floor":12.0,"key":"Du-Vu Doll"},{"floor":26.0,"key":"Blue Candle"},{"floor":29.0,"key":"Matryoshka"},{"floor":31.0,"key":"Ice Cream"}],"event_choices":[{"damage_healed":0.0,"max_hp_gain":5.0,"max_hp_loss":0.0,"gold_gain":0.0,"event_name":"Big Fish","player_choice":"Donut","floor":5.0,"gold_loss":0.0,"damage_taken":0.0},{"damage_healed":0.0,"max_hp_gain":0.0,"max_hp_loss":0.0,"gold_gain":0.0,"event_name":"The Woman in Blue","player_choice":"Bought 2 Potions","floor":11.0,"gold_loss":0.0,"damage_taken":0.0},{"damage_healed":0.0,"max_hp_gain":0.0,"max_hp_loss":0.0,"gold_gain":0.0,"event_name":"Masked Bandits","player_choice":"Paid Fearfully","floor":24.0,"gold_loss":55.0,"damage_taken":0.0},{"damage_healed":0.0,"max_hp_gain":0.0,"max_hp_loss":0.0,"gold_gain":0.0,"event_name":"The Mausoleum","player_choice":"Opened","floor":25.0,"gold_loss":0.0,"damage_taken":0.0,"relics_obtained":["Bronze Scales"],"cards_obtained":["Writhe"]}],"is_beta":false,"boss_relics":[{"not_picked":["Tiny House","Velvet Choker"],"picked":"Runic Dome"}],"items_purged_floors":[3],"is_endless":false,"potions_floor_spawned":[1,4,8,14,21,22,28,30],"killed_by":"Collector","ascension_level":10}