{"gold_per_floor":[111,127,127,141,154,183,193,193,275,288,288,1,19,77,77,173,173,189,189],"floor_reached":19,"playtime":797,"items_purged":[],"score":239,"play_id":"a6454c19-7a6f-46eb-9668-f07846553fc7","local_time":"20190226213441","is_ascension_mode":true,"campfire_choices":[{"floor":8,"key":"REST"},{"data":"Chaos","floor":15,"key":"SMITH"}],"neow_cost":"NONE","seed_source_timestamp":566210629449723,"circlet_count":0,"master_deck":["Strike_B","Strike_B","Strike_B","Strike_B","Defend_B","Defend_B","Defend_B","Defend_B","Zap","Dualcast","Chaos+1","Leap","Force Field","Conserve Battery","Stack","Amplify","Gash","Ball Lightning","Heatsinks","Machine Learning","Undo"],"relics":["Cracked Core","WarpedTongs","Potion Belt","Pantograph","Matryoshka","Bird Faced Urn","Fusion Hammer"],"potions_floor_usage":[6,6,14,14,16,19],"damage_taken":[{"damage":2,"enemies":"Jaw Worm","floor":1,"turns":4},{"damage":0,"enemies":"Cultist","floor":2,"turns":4},{"damage":2,"enemies":"2 Louse","floor":4,"turns":3},{"damage":1,"enemies":"2 Fungi Beasts","floor":5,"turns":3},{"damage":13,"enemies":"Gremlin Nob","floor":6,"turns":4},{"damage":2,"enemies":"Blue Slaver","floor":7,"turns":4},{"damage":5,"enemies":"Looter","floor":10,"turns":4},{"damage":0,"enemies":"Red Slaver","floor":13,"turns":5},{"damage":0,"enemies":"Gremlin Nob","floor":14,"turns":3},{"damage":24,"enemies":"Slime Boss","floor":16,"turns":9},{"damage":17,"enemies":"Spheric Guardian","floor":18,"turns":4},{"damage":15,"enemies":"Colosseum Slavers","floor":19,"turns":5},{"damage":89,"enemies":"Colosseum Nobs","floor":19,"turns":5}],"seed_played":"-221541328082076224","potions_obtained":[{"floor":1,"key":"AttackPotion"},{"floor":2,"key":"AttackPotion"},{"floor":6,"key":"Fire Potion"},{"floor":7,"key":"Block Potion"},{"floor":14,"key":"Fire Potion"},{"floor":16,"key":"Fire Potion"}],"is_trial":false,"path_per_floor":["M","M","?","M","M","E","M","R","T","M","?","$","M","?","R","B",null,"M","?"],"character_chosen":"DEFECT","items_purchased":["Matryoshka","Gash"],"campfire_rested":1,"item_purchase_floors":[12,12],"current_hp_per_floor":[73,73,73,71,70,57,55,79,79,74,67,67,67,67,67,62,77,66,0],"gold":189,"neow_bonus":"TEN_PERCENT_HP_BONUS","is_prod":false,"is_daily":false,"chose_seed":false,"campfire_upgraded":1,"win_rate":0,"timestamp":1551252881,"path_taken":["M","M","?","?","M","E","M","R","T","M","?","$","M","?","R","BOSS","M","?"],"build_version":"2019-01-23","purchased_purges":0,"victory":false,"max_hp_per_floor":[82,82,82,82,82,82,82,82,82,82,82,82,82,82,82,82,82,82,82],"card_choices":[{"not_picked":["Recycle","Cold Snap"],"picked":"Chaos","floor":1},{"not_picked":["Stack","Heatsinks"],"picked":"Leap","floor":2},{"not_picked":["Loop","Barrage"],"picked":"Force Field","floor":4},{"not_picked":["Beam Cell","Leap"],"picked":"Conserve Battery","floor":5},{"not_picked":["Consume","Barrage","Aggregate"],"picked":"SKIP","floor":6},{"not_picked":["BootSequence","Recycle"],"picked":"Stack","floor":7},{"not_picked":["Force Field","Turbo"],"picked":"Amplify","floor":10},{"not_picked":["Steam Power","Skim"],"picked":"Ball Lightning","floor":13},{"not_picked":["Compile Driver","Stack"],"picked":"Heatsinks","floor":14},{"not_picked":["Rainbow","Multi-Cast"],"picked":"Machine Learning","floor":16},{"not_picked":["Beam Cell","Steam"],"picked":"Undo","floor":18}],"player_experience":467361,"relics_obtained":[{"floor":6,"key":"Potion Belt"},{"floor":9,"key":"Pantograph"},{"floor":14,"key":"Bird Faced Urn"}],"event_choices":[{"damage_healed":0,"gold_gain":0,"player_choice":"Rummage","damage_taken":0,"relics_obtained":["WarpedTongs"],"max_hp_gain":0,"max_hp_loss":0,"event_name":"Accursed Blacksmith","floor":3,"gold_loss":0,"cards_obtained":["Pain"]},{"cards_removed":["Pain"],"damage_healed":0,"gold_gain":0,"player_choice":"Card Removal","damage_taken":7,"max_hp_gain":0,"max_hp_loss":0,"event_name":"Golden Wing","floor":11,"gold_loss":0},{"damage_healed":0,"gold_gain":0,"player_choice":"Searched \u00272\u0027 times","damage_taken":0,"max_hp_gain":0,"max_hp_loss":0,"event_name":"Dead Adventurer","floor":14,"gold_loss":0},{"damage_healed":0,"gold_gain":0,"player_choice":"Fight","damage_taken":0,"max_hp_gain":0,"max_hp_loss":0,"event_name":"Colosseum","floor":19,"gold_loss":0},{"damage_healed":0,"gold_gain":0,"player_choice":"Fought Nobs","damage_taken":0,"max_hp_gain":0,"max_hp_loss":0,"event_name":"Colosseum","floor":19,"gold_loss":0}],"is_beta":false,"boss_relics":[{"not_picked":["Orrery","Snecko Eye"],"picked":"Fusion Hammer"}],"items_purged_floors":[],"is_endless":false,"potions_floor_spawned":[1,2,6,7,14,16,19],"killed_by":"Colosseum Nobs","ascension_level":8}