{"gold_per_floor":[116,130,80,97,22,22,22,22,22,49,49,49,62,72,72,72],"floor_reached":16,"playtime":593,"items_purged":["Defend_R"],"score":120,"play_id":"756dce90-1b75-4739-8428-28c6a73d51af","local_time":"20190309063458","is_ascension_mode":true,"campfire_choices":[{"data":"Perfected Strike","floor":6,"key":"SMITH"},{"data":"Bash","floor":8,"key":"SMITH"},{"floor":15,"key":"REST"}],"neow_cost":"NONE","seed_source_timestamp":401941133290110,"circlet_count":0,"master_deck":["Strike_R","Strike_R","Strike_R","Strike_R","Strike_R","Defend_R","Defend_R","Bash+1","Pummel","Perfected Strike+1","Power Through","Disarm"],"relics":["Burning Blood","NeowsBlessing","Bag of Preparation","Orichalcum"],"potions_floor_usage":[10,16],"damage_taken":[{"damage":0,"enemies":"Small Slimes","floor":1,"turns":1},{"damage":0,"enemies":"2 Louse","floor":2,"turns":1},{"damage":0,"enemies":"Jaw Worm","floor":4,"turns":1},{"damage":35,"enemies":"Lagavulin","floor":10,"turns":4},{"damage":8,"enemies":"3 Louse","floor":13,"turns":3},{"damage":8,"enemies":"Blue Slaver","floor":14,"turns":3},{"damage":84,"enemies":"Slime Boss","floor":16,"turns":13}],"seed_played":"8405193504728541431","potions_obtained":[{"floor":1,"key":"BloodPotion"},{"floor":2,"key":"SkillPotion"}],"is_trial":false,"path_per_floor":["M","M","?","M","$","R","?","R","T","E","?","$","M","M","R","B"],"character_chosen":"IRONCLAD","items_purchased":[],"campfire_rested":1,"item_purchase_floors":[],"current_hp_per_floor":[80,80,80,80,80,80,80,80,80,51,44,44,42,40,64,0],"gold":72,"neow_bonus":"THREE_ENEMY_KILL","is_prod":false,"is_daily":false,"chose_seed":false,"campfire_upgraded":2,"win_rate":0,"timestamp":1552134898,"path_taken":["M","M","?","M","$","R","?","R","T","E","?","$","M","M","R","BOSS"],"build_version":"2019-01-23","purchased_purges":1,"victory":false,"max_hp_per_floor":[80,80,80,80,80,80,80,80,80,80,80,80,80,80,80,80],"card_choices":[{"not_picked":["Warcry","Headbutt"],"picked":"Pummel","floor":1},{"not_picked":["Body Slam","Battle Trance"],"picked":"Perfected Strike","floor":2},{"not_picked":["Rage","Infernal Blade"],"picked":"Burning Pact","floor":4},{"not_picked":["Clash","Carnage","Clothesline"],"picked":"SKIP","floor":10},{"not_picked":["Sever Soul","Pommel Strike"],"picked":"Power Through","floor":13},{"not_picked":["Cleave","Fire Breathing"],"picked":"Disarm","floor":14}],"player_experience":254986,"relics_obtained":[{"floor":9,"key":"Bag of Preparation"},{"floor":10,"key":"Orichalcum"}],"event_choices":[{"cards_removed":["Defend_R"],"damage_healed":0,"gold_gain":0,"player_choice":"Card Removal","damage_taken":0,"max_hp_gain":0,"max_hp_loss":0,"event_name":"The Cleric","floor":3,"gold_loss":50},{"damage_healed":0,"gold_gain":0,"player_choice":"Ignored","damage_taken":0,"max_hp_gain":0,"max_hp_loss":0,"event_name":"Golden Idol","floor":7,"gold_loss":0},{"cards_removed":["Burning Pact"],"damage_healed":0,"gold_gain":0,"player_choice":"Card Removal","damage_taken":7,"max_hp_gain":0,"max_hp_loss":0,"event_name":"Golden Wing","floor":11,"gold_loss":0}],"is_beta":false,"boss_relics":[],"items_purged_floors":[5],"is_endless":false,"potions_floor_spawned":[1,2],"killed_by":"Slime Boss","ascension_level":4}