{"gold_per_floor":[115,115,115,127,137,167,113,131,131,131,142,160,173,246,246,246],"floor_reached":16,"playtime":1317,"items_purged":[],"score":208,"play_id":"c57efe95-7a0e-402b-9bdd-4a9187431724","local_time":"20190211224743","is_ascension_mode":true,"campfire_choices":[{"floor":10.0,"key":"REST"},{"floor":15.0,"key":"REST"}],"neow_cost":"NONE","seed_source_timestamp":2543588716439,"circlet_count":0,"master_deck":["AscendersBane","Strike_B","Strike_B","Strike_B","Defend_B","Defend_B","Defend_B","Defend_B","Zap","Dualcast","BootSequence","Conserve Battery","Compile Driver","Cold Snap","Sweeping Beam","Melter","Leap"],"special_seed":0,"relics":["Cracked Core","NeowsBlessing","Pen Nib","Mummified Hand","Ornamental Fan"],"potions_floor_usage":[16],"damage_taken":[{"damage":0.0,"enemies":"Small Slimes","floor":1.0,"turns":1.0},{"damage":0.0,"enemies":"2 Louse","floor":4.0,"turns":1.0},{"damage":0.0,"enemies":"Cultist","floor":5.0,"turns":1.0},{"damage":41.0,"enemies":"3 Sentries","floor":6.0,"turns":11.0},{"damage":0.0,"enemies":"Looter","floor":8.0,"turns":2.0},{"damage":4.0,"enemies":"Exordium Wildlife","floor":11.0,"turns":3.0},{"damage":4.0,"enemies":"2 Fungi Beasts","floor":12.0,"turns":3.0},{"damage":11.0,"enemies":"Exordium Thugs","floor":13.0,"turns":7.0},{"damage":57,"enemies":"Slime Boss","floor":16,"turns":9}],"seed_played":"-4306978069613996843","potions_obtained":[{"floor":1.0,"key":"Block Potion"},{"floor":6.0,"key":"LiquidBronze"},{"floor":11.0,"key":"SneckoOil"}],"is_trial":false,"path_per_floor":["M","?","?","M","M","E","?","M","T","R","M","M","M","T","R","B"],"character_chosen":"DEFECT","items_purchased":[],"campfire_rested":2,"item_purchase_floors":[],"current_hp_per_floor":[64,64,64,64,64,23,23,23,23,44,40,36,25,25,46,0],"gold":246,"neow_bonus":"THREE_ENEMY_KILL","is_prod":false,"is_daily":false,"chose_seed":false,"campfire_upgraded":0,"win_rate":0,"timestamp":1549943263,"path_taken":["M","?","?","M","?","E","?","M","T","R","M","M","M","?","R","BOSS"],"build_version":"2019-01-23","purchased_purges":0,"victory":false,"max_hp_per_floor":[71,71,71,71,71,71,71,71,71,71,71,71,71,71,71,71],"card_choices":[{"not_picked":["White Noise","Barrage"],"picked":"BootSequence","floor":1.0},{"not_picked":["Hello World","Reinforced Body"],"picked":"Conserve Battery","floor":4.0},{"not_picked":["Coolheaded","Biased Cognition"],"picked":"Compile Driver","floor":5.0},{"not_picked":["Fusion","Coolheaded"],"picked":"Cold Snap","floor":6.0},{"not_picked":["White Noise","Capacitor"],"picked":"Sweeping Beam","floor":8.0},{"not_picked":["Streamline","Hello World","Self Repair"],"picked":"SKIP","floor":11.0},{"not_picked":["Scrape","Rebound"],"picked":"Melter","floor":12.0},{"not_picked":["Cold Snap","Rebound"],"picked":"Leap","floor":13.0}],"player_experience":289765,"relics_obtained":[{"floor":6.0,"key":"Pen Nib"},{"floor":9.0,"key":"Mummified Hand"},{"floor":14.0,"key":"Ornamental Fan"}],"event_choices":[{"damage_healed":0.0,"max_hp_gain":0.0,"max_hp_loss":0.0,"gold_gain":0.0,"event_name":"Liars Game","player_choice":"Ignored","floor":2.0,"gold_loss":0.0,"damage_taken":0.0},{"cards_removed":["Strike_B"],"damage_healed":0.0,"max_hp_gain":0.0,"max_hp_loss":0.0,"gold_gain":0.0,"event_name":"Purifier","player_choice":"Purged","floor":3.0,"gold_loss":0.0,"damage_taken":0.0},{"damage_healed":0.0,"max_hp_gain":0.0,"max_hp_loss":0.0,"gold_gain":0.0,"event_name":"World of Goop","player_choice":"Left Gold","floor":7.0,"gold_loss":54.0,"damage_taken":0.0}],"is_beta":false,"boss_relics":[],"items_purged_floors":[],"is_endless":false,"potions_floor_spawned":[1,6,11,12],"killed_by":"Slime Boss","ascension_level":20}