{"gold_per_floor":[119,294,306,316,90,118,118,138,138,156,156,156,183,183,183,286,286,226,118,118,118],"floor_reached":21,"playtime":959,"items_purged":["Doubt"],"score":261,"play_id":"a154ba1f-9602-43ed-b239-99d0f9fd395f","local_time":"20190123075045","is_ascension_mode":true,"campfire_choices":[{"floor":7,"key":"REST"},{"floor":12,"key":"REST"},{"floor":15,"key":"REST"}],"neow_cost":"NONE","seed_source_timestamp":345058146869185,"circlet_count":0,"master_deck":["Defend_B","Defend_B","Defend_B+1","Defend_B","Zap","Dualcast","Defragment+1","Aggregate+1","Biased Cognition+1","Tempest","Coolheaded+1","White Noise","Recycle","Thunder Strike","Hologram","Doom and Gloom","Core Surge","Sunder","Self Repair","Beam Cell","Stack","White Noise","Self Repair+1","Chill","Hello World","Bite","Bite","Bite","Bite","Bite"],"relics":["Astrolabe","Regal Pillow","Turnip","Calipers","Odd Mushroom","Orrery"],"potions_floor_usage":[10,16],"damage_taken":[{"damage":7,"enemies":"Small Slimes","floor":1,"turns":4},{"damage":11,"enemies":"Jaw Worm","floor":3,"turns":4},{"damage":14,"enemies":"2 Louse","floor":4,"turns":4},{"damage":7,"enemies":"3 Sentries","floor":6,"turns":4},{"damage":10,"enemies":"Exordium Wildlife","floor":8,"turns":5},{"damage":7,"enemies":"Looter","floor":10,"turns":5},{"damage":30,"enemies":"The Mushroom Lair","floor":13,"turns":5},{"damage":16,"enemies":"Hexaghost","floor":16,"turns":10},{"damage":26,"enemies":"2 Thieves","floor":18,"turns":4},{"damage":57,"enemies":"3 Byrds","floor":21,"turns":3}],"seed_played":"-1891154022704253202","potions_obtained":[{"floor":1,"key":"Strength Potion"},{"floor":3,"key":"AttackPotion"},{"floor":10,"key":"Dexterity Potion"},{"floor":13,"key":"Weak Potion"}],"is_trial":false,"path_per_floor":["?","?","?","?"],"character_chosen":"DEFECT","items_purchased":["Regal Pillow","Chill","Hello World"],"campfire_rested":3,"item_purchase_floors":[5,19,19],"current_hp_per_floor":[61,61,50,36,36,29,66,56,56,49,49,75,45,30,67,51,69,50,50,50,0],"gold":118,"neow_bonus":"BOSS_RELIC","is_prod":false,"is_daily":false,"chose_seed":false,"campfire_upgraded":0,"win_rate":0,"timestamp":1548265845,"path_taken":["M","?","M","M","$","E","R","M","T","M","$","R","?","?","R","BOSS","M","$","?","M"],"build_version":"2019-01-23","purchased_purges":1,"victory":false,"max_hp_per_floor":[75,75,75,75,75,75,75,75,75,75,75,75,75,75,75,75,75,75,75,52,52],"card_choices":[{"not_picked":["Darkness","Redo"],"picked":"Tempest","floor":1},{"not_picked":["Hologram","BootSequence"],"picked":"Coolheaded","floor":3},{"not_picked":["Cold Snap","Storm"],"picked":"White Noise","floor":4},{"not_picked":["Redo","Steam"],"picked":"Recycle","floor":6},{"not_picked":["Leap","Turbo"],"picked":"Thunder Strike","floor":8},{"not_picked":["Sweeping Beam","Turbo"],"picked":"Hologram","floor":10},{"not_picked":["Rebound","Coolheaded"],"picked":"Doom and Gloom","floor":13},{"not_picked":["Machine Learning","Hyperbeam"],"picked":"Core Surge","floor":16},{"not_picked":["Ball Lightning","Cold Snap"],"picked":"Sunder","floor":17},{"not_picked":["BootSequence","Streamline"],"picked":"Self Repair","floor":17},{"not_picked":["Compile Driver","Turbo"],"picked":"Beam Cell","floor":17},{"not_picked":["Redo","Streamline"],"picked":"Stack","floor":17},{"not_picked":["Barrage","Hologram"],"picked":"White Noise","floor":17},{"not_picked":["Streamline","Barrage"],"picked":"Self Repair+1","floor":18}],"player_experience":339156,"relics_obtained":[{"floor":6,"key":"Turnip"},{"floor":9,"key":"Calipers"},{"floor":13,"key":"Odd Mushroom"}],"event_choices":[{"damage_healed":0,"gold_gain":175,"player_choice":"AGREE","damage_taken":0,"max_hp_gain":0,"max_hp_loss":0,"event_name":"Liars Game","floor":2,"gold_loss":0,"cards_obtained":["Doubt"]},{"damage_healed":0,"gold_gain":0,"player_choice":"Fought Mushrooms","damage_taken":0,"max_hp_gain":0,"max_hp_loss":0,"event_name":"Mushrooms","floor":13,"gold_loss":0},{"damage_healed":0,"gold_gain":0,"player_choice":"Entered Light","damage_taken":15,"max_hp_gain":0,"max_hp_loss":0,"event_name":"Shining Light","floor":14,"gold_loss":0,"cards_upgraded":["Defend_B","Coolheaded"]},{"damage_healed":0,"gold_gain":0,"player_choice":"Became a vampire","damage_taken":0,"max_hp_gain":0,"max_hp_loss":23,"event_name":"Vampires","floor":20,"gold_loss":0,"cards_obtained":["Bite","Bite","Bite","Bite","Bite"]}],"is_beta":false,"boss_relics":[{"not_picked":["Calling Bell","Fusion Hammer"],"picked":"Orrery"}],"items_purged_floors":[5],"is_endless":false,"potions_floor_spawned":[1,3,10,13],"killed_by":"3 Byrds","ascension_level":7}