{"gold_per_floor":[118,133,133,133,58,58,58,58,127,137,137,50,67,97,97,195,195,210,229,229,43,43,43],"floor_reached":23,"playtime":1164,"items_purged":["Strike_R","Evolve"],"score":223,"play_id":"31644bbb-6cd0-41e6-83e0-b50c480e0b7e","local_time":"20190219221011","is_ascension_mode":true,"campfire_choices":[{"data":"Trip","floor":6,"key":"SMITH"},{"data":"Bash","floor":8,"key":"SMITH"},{"data":"Dual Wield","floor":15,"key":"SMITH"}],"neow_cost":"NONE","seed_source_timestamp":438133037284569,"circlet_count":0,"master_deck":["Bash+1","Trip+1","Feel No Pain","Dual Wield+1","Flash of Steel","Thunderclap","Armaments","Power Through","Sever Soul","Pommel Strike","Clothesline","Purity"],"relics":["Burning Blood","Orichalcum","Self Forming Clay","Oddly Smooth Stone","Pandora\u0027s Box"],"potions_floor_usage":[16,16,23],"damage_taken":[{"damage":6,"enemies":"Cultist","floor":1,"turns":3},{"damage":7,"enemies":"2 Louse","floor":2,"turns":3},{"damage":1,"enemies":"Jaw Worm","floor":10,"turns":3},{"damage":0,"enemies":"Large Slime","floor":13,"turns":5},{"damage":8,"enemies":"3 Sentries","floor":14,"turns":10},{"damage":40,"enemies":"Hexaghost","floor":16,"turns":7},{"damage":13,"enemies":"Shell Parasite","floor":18,"turns":8},{"damage":15,"enemies":"2 Thieves","floor":19,"turns":4},{"damage":51,"enemies":"Gremlin Leader","floor":23,"turns":4}],"seed_played":"2892010958611017375","potions_obtained":[{"floor":2,"key":"PowerPotion"},{"floor":13,"key":"GamblersBrew"},{"floor":16,"key":"Strength Potion"}],"is_trial":false,"path_per_floor":["M","M","T","?","$","R","$","R","T","M","?","$","M","E","R","B",null,"M","M","?","$","?","E"],"character_chosen":"IRONCLAD","items_purchased":["Flash of Steel","Purity"],"campfire_rested":0,"item_purchase_floors":[12,21],"current_hp_per_floor":[80,79,79,79,79,79,79,79,79,80,80,80,80,78,78,44,80,73,64,49,49,49,0],"gold":43,"neow_bonus":"RANDOM_COLORLESS","is_prod":false,"is_daily":false,"chose_seed":false,"campfire_upgraded":3,"win_rate":0,"timestamp":1550632211,"path_taken":["M","M","?","?","$","R","?","R","T","M","?","$","M","E","R","BOSS","M","M","?","$","?","E"],"build_version":"2019-01-23","purchased_purges":2,"victory":false,"max_hp_per_floor":[80,80,80,80,80,80,80,80,80,80,80,80,80,80,80,80,80,80,80,85,85,85,85],"card_choices":[{"not_picked":["Rupture","Flex","Metallicize"],"picked":"SKIP","floor":1},{"not_picked":["Rupture","Entrench","Evolve"],"picked":"SKIP","floor":2},{"not_picked":["Anger","Shrug It Off"],"picked":"Dual Wield","floor":10},{"not_picked":["Havoc","Perfected Strike","Power Through"],"picked":"SKIP","floor":13},{"not_picked":["Second Wind","Spot Weakness","Body Slam"],"picked":"SKIP","floor":14},{"not_picked":["Twin Strike+1","Shrug It Off","Armaments"],"picked":"SKIP","floor":18},{"not_picked":["Armaments","Shrug It Off+1","True Grit"],"picked":"SKIP","floor":19}],"player_experience":1062517,"relics_obtained":[{"floor":3,"key":"Orichalcum"},{"floor":9,"key":"Self Forming Clay"},{"floor":14,"key":"Oddly Smooth Stone"}],"event_choices":[{"damage_healed":0,"gold_gain":0,"cards_transformed":["Strike_R"],"player_choice":"Change","damage_taken":0,"max_hp_gain":0,"max_hp_loss":0,"event_name":"Living Wall","floor":4,"gold_loss":0,"cards_obtained":["Feel No Pain"]},{"damage_healed":0,"gold_gain":0,"player_choice":"Searched \u00270\u0027 times","damage_taken":0,"max_hp_gain":0,"max_hp_loss":0,"event_name":"Dead Adventurer","floor":11,"gold_loss":0},{"damage_healed":0,"gold_gain":0,"player_choice":"Shed Blood","damage_taken":20,"max_hp_gain":5,"max_hp_loss":0,"event_name":"Forgotten Altar","floor":20,"gold_loss":0},{"damage_healed":0,"gold_gain":0,"player_choice":"Ignored","damage_taken":0,"max_hp_gain":0,"max_hp_loss":0,"event_name":"N\u0027loth","floor":22,"gold_loss":0}],"is_beta":false,"boss_relics":[{"not_picked":["Cursed Key","Runic Pyramid"],"picked":"Pandora\u0027s Box"}],"items_purged_floors":[5,21],"is_endless":false,"potions_floor_spawned":[2,13,16],"killed_by":"Gremlin Leader","ascension_level":1}