{"gold_per_floor":[114,114,24,38,55,87,87,113,161,189,189],"floor_reached":11,"playtime":385,"items_purged":[],"score":123,"play_id":"31edcaa4-3b1d-4e98-9923-23e5b3be8e64","local_time":"20190123075720","is_ascension_mode":true,"campfire_choices":[{"floor":7,"key":"REST"}],"neow_cost":"NONE","seed_source_timestamp":346033612927103,"circlet_count":0,"master_deck":["Strike_B","Strike_B","Strike_B","Strike_B","Defend_B","Defend_B","Defend_B","Defend_B","Zap","Dualcast","Gash","Flash of Steel","Streamline","Sweeping Beam","Skim","Doom and Gloom","Steam"],"relics":["Cracked Core","NeowsBlessing","Symbiotic Virus","Bag of Marbles","Blood Vial","Boot"],"potions_floor_usage":[10],"damage_taken":[{"damage":0,"enemies":"2 Louse","floor":1,"turns":1},{"damage":0,"enemies":"Cultist","floor":4,"turns":1},{"damage":0,"enemies":"Jaw Worm","floor":5,"turns":1},{"damage":32,"enemies":"Gremlin Nob","floor":6,"turns":4},{"damage":40,"enemies":"3 Sentries","floor":8,"turns":5},{"damage":13,"enemies":"Gremlin Nob","floor":10,"turns":4},{"damage":13,"enemies":"Red Slaver","floor":11,"turns":2}],"seed_played":"4403622427573264254","potions_obtained":[{"floor":2,"key":"FearPotion"},{"floor":2,"key":"Weak Potion"},{"floor":2,"key":"LiquidBronze"},{"floor":5,"key":"FocusPotion"}],"is_trial":false,"path_per_floor":["?","M"],"character_chosen":"DEFECT","items_purchased":["Flash of Steel"],"campfire_rested":1,"item_purchase_floors":[3],"current_hp_per_floor":[68,68,68,68,68,36,58,18,18,7,0],"gold":189,"neow_bonus":"THREE_ENEMY_KILL","is_prod":false,"is_daily":false,"chose_seed":false,"campfire_upgraded":0,"win_rate":0,"timestamp":1548266240,"path_taken":["M","?","$","?","M","E","R","E","T","E","M"],"build_version":"2019-01-23","purchased_purges":0,"victory":false,"max_hp_per_floor":[75,75,75,75,75,75,75,75,75,75,75],"card_choices":[{"not_picked":["Cold Snap","Tempest"],"picked":"Gash","floor":1},{"not_picked":["Turbo","Compile Driver"],"picked":"Streamline","floor":4},{"not_picked":["Cold Snap","Tempest"],"picked":"Sweeping Beam","floor":5},{"not_picked":["Redo","Stack"],"picked":"Skim","floor":6},{"not_picked":["Fission","Barrage"],"picked":"Doom and Gloom","floor":8},{"not_picked":["Loop","Aggregate"],"picked":"Steam","floor":10}],"player_experience":340115,"relics_obtained":[{"floor":6,"key":"Symbiotic Virus"},{"floor":8,"key":"Bag of Marbles"},{"floor":9,"key":"Blood Vial"},{"floor":10,"key":"Boot"}],"event_choices":[{"damage_healed":0,"gold_gain":0,"player_choice":"Got Potions","damage_taken":0,"max_hp_gain":0,"max_hp_loss":0,"event_name":"Lab","floor":2,"gold_loss":0}],"is_beta":false,"boss_relics":[],"items_purged_floors":[],"is_endless":false,"potions_floor_spawned":[5,6],"killed_by":"Red Slaver","ascension_level":7}