{"gold_per_floor":[163,163,173,2,2,33,33,49,101,101,101,163,181,207,207,284,284,300,215,227,37,37,37,49,49,118,118,146,165,190,32,32,32],"floor_reached":33,"playtime":1173,"items_purged":[],"score":506,"play_id":"08b4c2cf-a03d-4a21-b603-4973eda3593e","local_time":"20190305221312","is_ascension_mode":true,"campfire_choices":[{"data":"Armaments","floor":7,"key":"SMITH"},{"floor":11,"key":"REST"},{"floor":15,"key":"REST"},{"floor":23,"key":"REST"},{"data":"Perfected Strike","floor":25,"key":"SMITH"},{"floor":32,"key":"REST"}],"neow_cost":"NONE","seed_source_timestamp":678670069515400,"circlet_count":0,"master_deck":["AscendersBane","Strike_R","Strike_R","Strike_R","Strike_R+1","Strike_R","Defend_R","Defend_R","Defend_R","Defend_R","Bash","Perfected Strike+1","Second Wind","Armaments+1","Offering","Power Through","Intimidate","Clothesline","Offering","Ghostly Armor","Perfected Strike","Chrysalis","True Grit+1"],"relics":["Tiny House","PreservedInsect","Vajra","Juzu Bracelet","Blood Vial","Tiny Chest","Pen Nib","Sozu","Strawberry","Toxic Egg 2","Ginger","Anchor","Oddly Smooth Stone"],"potions_floor_usage":[29,33],"damage_taken":[{"damage":9,"enemies":"2 Louse","floor":1,"turns":3},{"damage":6,"enemies":"Cultist","floor":3,"turns":3},{"damage":26,"enemies":"Gremlin Nob","floor":6,"turns":4},{"damage":6,"enemies":"Jaw Worm","floor":8,"turns":1},{"damage":14,"enemies":"Lagavulin","floor":12,"turns":5},{"damage":6,"enemies":"Large Slime","floor":13,"turns":2},{"damage":11,"enemies":"3 Sentries","floor":14,"turns":6},{"damage":42,"enemies":"The Guardian","floor":16,"turns":12},{"damage":18,"enemies":"3 Byrds","floor":18,"turns":5},{"damage":12,"enemies":"Spheric Guardian","floor":20,"turns":3},{"damage":25,"enemies":"Cultist and Chosen","floor":24,"turns":6},{"damage":53,"enemies":"Book of Stabbing","floor":28,"turns":4},{"damage":8,"enemies":"Chosen and Byrds","floor":29,"turns":4},{"damage":34,"enemies":"Collector","floor":33,"turns":5}],"seed_played":"-7164758571474404623","potions_obtained":[{"floor":0,"key":"GamblersBrew"},{"floor":6,"key":"LiquidBronze"}],"is_trial":false,"path_per_floor":["M","?","M","$","?","E","R","M","T","?","R","E","M","E","R","B",null,"M","?","M","$","?","R","M","R","T","?","E","M","T","$","R","B"],"character_chosen":"IRONCLAD","items_purchased":["PreservedInsect","Chrysalis","Oddly Smooth Stone"],"campfire_rested":4,"item_purchase_floors":[4,21,31],"current_hp_per_floor":[64,80,74,74,74,48,48,42,42,24,48,36,32,23,47,7,62,46,53,43,43,43,69,46,46,46,63,12,6,6,6,32,0],"gold":32,"neow_bonus":"BOSS_RELIC","is_prod":false,"is_daily":false,"chose_seed":false,"campfire_upgraded":2,"win_rate":0,"timestamp":1551841992,"path_taken":["M","?","?","$","?","E","R","M","T","?","R","E","M","E","R","BOSS","M","?","M","$","?","R","M","R","T","?","E","M","?","?","R","BOSS"],"build_version":"2019-02-06","purchased_purges":0,"victory":false,"max_hp_per_floor":[80,80,80,80,80,80,80,80,80,80,80,80,80,80,80,80,80,80,87,87,87,87,87,87,87,87,87,87,87,87,87,87,87],"card_choices":[{"not_picked":["Havoc","Shrug It Off"],"picked":"Perfected Strike","floor":0},{"not_picked":["Cleave","Iron Wave"],"picked":"Second Wind","floor":1},{"not_picked":["Second Wind","Flex"],"picked":"Armaments","floor":3},{"not_picked":["Power Through","Brutality"],"picked":"Offering","floor":6},{"not_picked":["True Grit","Clothesline"],"picked":"Power Through","floor":8},{"not_picked":["Wild Strike","Reckless Charge","Anger"],"picked":"SKIP","floor":12},{"not_picked":["Sword Boomerang","Warcry"],"picked":"Intimidate","floor":13},{"not_picked":["Rampage","Havoc"],"picked":"Clothesline","floor":14},{"not_picked":["Barricade","Limit Break"],"picked":"Offering","floor":16},{"not_picked":["Bloodletting","Sword Boomerang"],"picked":"Ghostly Armor","floor":18},{"not_picked":["Rampage","Body Slam"],"picked":"Perfected Strike","floor":20},{"not_picked":["Uppercut","Wild Strike","Evolve"],"picked":"SKIP","floor":24},{"not_picked":["Metallicize","Corruption"],"picked":"True Grit+1","floor":28},{"not_picked":["Flex+1","Evolve","True Grit+1"],"picked":"SKIP","floor":29}],"player_experience":626289,"relics_obtained":[{"floor":6,"key":"Vajra"},{"floor":9,"key":"Juzu Bracelet"},{"floor":12,"key":"Tiny Chest"},{"floor":14,"key":"Pen Nib"},{"floor":26,"key":"Toxic Egg 2"},{"floor":28,"key":"Ginger"},{"floor":30,"key":"Anchor"}],"event_choices":[{"damage_healed":16,"gold_gain":0,"player_choice":"Full Heal","damage_taken":0,"max_hp_gain":0,"max_hp_loss":0,"event_name":"Wheel of Change","floor":2,"gold_loss":0},{"damage_healed":0,"gold_gain":0,"player_choice":"Ignored","damage_taken":0,"max_hp_gain":0,"max_hp_loss":0,"event_name":"Liars Game","floor":5,"gold_loss":0},{"damage_healed":0,"gold_gain":0,"player_choice":"Success","damage_taken":18,"relics_obtained":["Blood Vial"],"max_hp_gain":0,"max_hp_loss":0,"event_name":"Scrap Ooze","floor":10,"gold_loss":0},{"damage_healed":0,"gold_gain":0,"player_choice":"Obtained Relic","damage_taken":0,"relics_obtained":["Strawberry"],"max_hp_gain":0,"max_hp_loss":0,"event_name":"Addict","floor":19,"gold_loss":85},{"damage_healed":0,"gold_gain":0,"player_choice":"Ignored","damage_taken":0,"max_hp_gain":0,"max_hp_loss":0,"event_name":"Ghosts","floor":22,"gold_loss":0},{"damage_healed":17,"gold_gain":0,"player_choice":"Heal","damage_taken":0,"max_hp_gain":0,"max_hp_loss":0,"event_name":"The Library","floor":27,"gold_loss":0}],"is_beta":true,"boss_relics":[{"not_picked":["Coffee Dripper","Philosopher\u0027s Stone"],"picked":"Sozu"}],"items_purged_floors":[],"is_endless":false,"potions_floor_spawned":[6,12,14,16,24,28],"killed_by":"Collector","ascension_level":16}