{"gold_per_floor":[112,37,47,47,60,60,76,76,123,156,170,205,205,99,99,195,195,205,215,228,244,255,255,170,199,199,214,214,232,243,254,254,352,352,367,367,378,393,408,408,408],"floor_reached":41,"playtime":3694,"items_purged":["Strike_R"],"score":431,"play_id":"2242d4fb-e232-4b53-863c-312b438c921d","local_time":"20180719143328","is_ascension_mode":false,"campfire_choices":[{"data":"Pommel Strike","floor":6,"key":"SMITH"},{"data":"Cleave","floor":8,"key":"SMITH"},{"floor":13,"key":"REST"},{"floor":15,"key":"REST"},{"floor":23,"key":"REST"},{"data":"Anger","floor":28,"key":"SMITH"},{"floor":32,"key":"REST"},{"floor":40,"key":"REST"}],"neow_cost":"NONE","seed_source_timestamp":53999951907021,"circlet_count":0,"master_deck":["Strike_R","Strike_R","Strike_R","Strike_R","Defend_R","Defend_R","Bash","Pommel Strike+1","Pommel Strike","Iron Wave","Cleave+1","Iron Wave","Warcry","Infernal Blade","Deep Breath","Reaper","Pommel Strike+1","Inflame","Hemokinesis+1","Sword Boomerang+1","Fire Breathing","Seeing Red","Anger+1","Sword Boomerang","Limit Break","Warcry","Demon Form","Flex+1","Trip","Heavy Blade","Whirlwind","Limit Break"],"relics":["Burning Blood","Anchor","Oddly Smooth Stone","Blood Vial","Mummified Hand","Philosopher\u0027s Stone","Thread and Needle","Lantern","Strawberry","Empty Cage"],"potions_floor_usage":[12,16,21,21,33,33,33,41,41],"damage_taken":[{"damage":0,"enemies":"Small Slimes","floor":1,"turns":6},{"damage":9,"enemies":"Cultist","floor":3,"turns":4},{"damage":7,"enemies":"Jaw Worm","floor":5,"turns":4},{"damage":9,"enemies":"2 Fungi Beasts","floor":7,"turns":3},{"damage":44,"enemies":"Lagavulin","floor":10,"turns":6},{"damage":23,"enemies":"Exordium Thugs","floor":11,"turns":5},{"damage":10,"enemies":"3 Sentries","floor":12,"turns":6},{"damage":44,"enemies":"Slime Boss","floor":16,"turns":10},{"damage":20,"enemies":"2 Thieves","floor":18,"turns":4},{"damage":6,"enemies":"3 Byrds","floor":19,"turns":4},{"damage":42,"enemies":"Centurion and Healer","floor":20,"turns":7},{"damage":17,"enemies":"Snake Plant","floor":21,"turns":2},{"damage":38,"enemies":"Cultist and Chosen","floor":22,"turns":5},{"damage":18,"enemies":"Gremlin Leader","floor":25,"turns":6},{"damage":4,"enemies":"Chosen and Byrds","floor":27,"turns":3},{"damage":0,"enemies":"Snecko","floor":29,"turns":3},{"damage":21,"enemies":"Centurion and Healer","floor":30,"turns":4},{"damage":2,"enemies":"Cultist and Chosen","floor":31,"turns":4},{"damage":90,"enemies":"Automaton","floor":33,"turns":10},{"damage":39,"enemies":"3 Shapes","floor":35,"turns":3},{"damage":17,"enemies":"Flame Bruiser 1 Orb","floor":37,"turns":3},{"damage":5,"enemies":"Transient","floor":38,"turns":5},{"damage":56,"enemies":"4 Shapes","floor":39,"turns":3},{"damage":50,"enemies":"Nemesis","floor":41,"turns":6}],"seed_played":"7608267434674384399","potions_obtained":[{"floor":1,"key":"Swift Potion"},{"floor":3,"key":"Poison Potion"},{"floor":10,"key":"GamblersBrew"},{"floor":12,"key":"FearPotion"},{"floor":20,"key":"Strength Potion"},{"floor":21,"key":"Weak Potion"},{"floor":22,"key":"PowerPotion"},{"floor":29,"key":"SpeedPotion"},{"floor":33,"key":"Dexterity Potion"},{"floor":35,"key":"Dexterity Potion"},{"floor":38,"key":"Ancient Potion"}],"is_trial":false,"path_per_floor":["M","$","M","?","M","R","M","R","T","E","M","E","R","$","R","B",null,"M","M","M","M","M","R","?","E","T","M","R","M","M","M","R","B",null,"M","?","M","M","M","R"],"character_chosen":"IRONCLAD","items_purchased":["Deep Breath"],"campfire_rested":5,"item_purchase_floors":[14],"current_hp_per_floor":[80,80,77,69,68,68,65,65,65,27,12,10,34,34,58,22,80,66,74,40,31,7,31,31,39,46,56,56,64,51,57,83,11,87,54,54,54,69,21,47,0],"gold":408,"neow_bonus":"RANDOM_COMMON_RELIC","is_prod":false,"is_daily":false,"chose_seed":false,"campfire_upgraded":3,"win_rate":0.0,"timestamp":1532028808,"path_taken":["M","$","M","?","M","R","M","R","T","E","M","E","R","$","R","BOSS","M","M","M","M","M","R","?","E","T","M","R","M","M","?","R","BOSS","M","?","M","M","M","R","E"],"build_version":"2018-07-12","purchased_purges":1,"victory":false,"max_hp_per_floor":[80,80,80,80,80,80,80,80,80,80,80,80,80,80,80,80,80,80,80,80,80,80,80,80,80,87,87,87,87,87,87,87,87,87,87,87,87,87,87,87,87],"card_choices":[{"not_picked":["Dropkick","Anger"],"picked":"Pommel Strike","floor":1},{"not_picked":["Sword Boomerang","Anger"],"picked":"Pommel Strike","floor":3},{"not_picked":["Battle Trance","Dark Embrace"],"picked":"Iron Wave","floor":5},{"not_picked":["Iron Wave","Uppercut"],"picked":"Cleave","floor":7},{"not_picked":["Twin Strike","Reaper"],"picked":"Iron Wave","floor":10},{"not_picked":["Carnage","Corruption"],"picked":"Warcry","floor":11},{"not_picked":["Power Through","Searing Blow"],"picked":"Infernal Blade","floor":12},{"not_picked":["Fiend Fire","Dark Embrace"],"picked":"Reaper","floor":16},{"not_picked":["Iron Wave+1","Entrench"],"picked":"Pommel Strike+1","floor":18},{"not_picked":["Clothesline","Searing Blow"],"picked":"Inflame","floor":19},{"not_picked":["Corruption","Clash+1"],"picked":"Hemokinesis+1","floor":20},{"not_picked":["True Grit+1","Battle Trance"],"picked":"Sword Boomerang+1","floor":21},{"not_picked":["Battle Trance","Dropkick"],"picked":"Fire Breathing","floor":22},{"not_picked":["Clash","Thunderclap"],"picked":"Seeing Red","floor":25},{"not_picked":["Flex","Shrug It Off"],"picked":"Anger","floor":27},{"not_picked":["Dropkick+1","Intimidate"],"picked":"Sword Boomerang","floor":29},{"not_picked":["Heavy Blade","Flame Barrier+1"],"picked":"Limit Break","floor":30},{"not_picked":["Body Slam+1","Disarm"],"picked":"Warcry","floor":31},{"not_picked":["Feed","Brutality"],"picked":"Demon Form","floor":33},{"not_picked":["Ghostly Armor","Uppercut"],"picked":"Flex+1","floor":35},{"not_picked":["Jack Of All Trades","Transmutation"],"picked":"Trip","floor":36},{"not_picked":["Twin Strike+1","Combust"],"picked":"Heavy Blade","floor":37},{"not_picked":["Clash","Cleave+1"],"picked":"Whirlwind","floor":38},{"not_picked":["True Grit","Sword Boomerang+1"],"picked":"Limit Break","floor":39}],"player_experience":41975,"relics_obtained":[{"floor":9,"key":"Oddly Smooth Stone"},{"floor":10,"key":"Blood Vial"},{"floor":12,"key":"Mummified Hand"},{"floor":25,"key":"Lantern"},{"floor":26,"key":"Strawberry"}],"event_choices":[{"event_name":"Wheel of Change","player_choice":"Damage","floor":4,"damage_taken":0},{"event_name":"Addict","player_choice":"Obtained Relic","floor":24,"damage_taken":0},{"event_name":"SensoryStone","player_choice":"Memory 1","floor":36,"damage_taken":0}],"boss_relics":[{"not_picked":["Cursed Key","Black Star"],"picked":"Philosopher\u0027s Stone"},{"not_picked":["Fusion Hammer","Runic Cube"],"picked":"Empty Cage"}],"items_purged_floors":[2],"is_endless":false,"potions_floor_spawned":[1,3,10,12,20,21,22,29,33,35,38],"killed_by":"Nemesis","ascension_level":0}