{"gold_per_floor":[110,110,122,168,168,200,200,219,275,106,138,149,169,124],"floor_reached":14,"playtime":582,"items_purged":["Strike_B"],"score":125,"play_id":"b0316683-4723-4cd2-ae1d-5a4d9c729008","local_time":"20190307222900","is_ascension_mode":false,"campfire_choices":[{"data":"Fusion","floor":7,"key":"SMITH"}],"neow_cost":"NONE","seed_source_timestamp":203777483738785,"circlet_count":0,"master_deck":["Strike_B","Strike_B","Defend_B","Defend_B+1","Defend_B","Defend_B+1","Zap","Dualcast","Coolheaded","Conserve Battery","Fusion+1","Sweeping Beam","Swift Strike","Sweeping Beam","Gash","Loop"],"relics":["Cracked Core","NeowsBlessing","Strawberry","Blood Vial","Tiny Chest","Oddly Smooth Stone"],"potions_floor_usage":[],"damage_taken":[{"damage":0,"enemies":"Jaw Worm","floor":1,"turns":1},{"damage":0,"enemies":"2 Louse","floor":3,"turns":1},{"damage":0,"enemies":"3 Sentries","floor":6,"turns":1},{"damage":0,"enemies":"Cultist","floor":8,"turns":4},{"damage":60,"enemies":"Gremlin Nob","floor":11,"turns":6},{"damage":0,"enemies":"3 Louse","floor":12,"turns":2},{"damage":0,"enemies":"Large Slime","floor":13,"turns":6},{"damage":16,"enemies":"Exordium Thugs","floor":14,"turns":3}],"seed_played":"8517057593857787268","potions_obtained":[{"floor":1,"key":"EssenceOfSteel"},{"floor":8,"key":"Weak Potion"},{"floor":11,"key":"Regen Potion"}],"is_trial":false,"path_per_floor":["M","?","M","T","?","E","R","M","T","$","E","M","M","M"],"character_chosen":"DEFECT","items_purchased":["Swift Strike"],"campfire_rested":0,"item_purchase_floors":[10],"current_hp_per_floor":[75,75,75,82,66,66,66,68,68,68,10,12,14,0],"gold":124,"neow_bonus":"THREE_ENEMY_KILL","is_prod":false,"is_daily":false,"chose_seed":false,"campfire_upgraded":1,"win_rate":0,"timestamp":1551994140,"path_taken":["M","?","M","?","?","E","R","M","T","$","E","M","M","?"],"build_version":"2019-01-23","purchased_purges":1,"victory":false,"max_hp_per_floor":[75,75,75,82,82,82,82,82,82,82,82,82,82,82],"card_choices":[{"not_picked":["Auto Shields","Compile Driver"],"picked":"Coolheaded","floor":1},{"not_picked":["Streamline","Ball Lightning"],"picked":"Conserve Battery","floor":3},{"not_picked":["Rebound","Melter"],"picked":"Fusion","floor":6},{"not_picked":["Chaos","Compile Driver"],"picked":"Sweeping Beam","floor":8},{"not_picked":["Beam Cell","Barrage"],"picked":"Sweeping Beam","floor":11},{"not_picked":["Coolheaded","Hello World"],"picked":"Gash","floor":12},{"not_picked":["Doom and Gloom","Stack"],"picked":"Loop","floor":13}],"player_experience":101637,"relics_obtained":[{"floor":4,"key":"Strawberry"},{"floor":6,"key":"Blood Vial"},{"floor":9,"key":"Tiny Chest"},{"floor":11,"key":"Oddly Smooth Stone"}],"event_choices":[{"cards_removed":["Strike_B"],"damage_healed":0,"gold_gain":0,"player_choice":"Forget","damage_taken":0,"max_hp_gain":0,"max_hp_loss":0,"event_name":"Living Wall","floor":2,"gold_loss":0},{"damage_healed":0,"gold_gain":0,"player_choice":"Entered Light","damage_taken":16,"max_hp_gain":0,"max_hp_loss":0,"event_name":"Shining Light","floor":5,"gold_loss":0,"cards_upgraded":["Defend_B","Defend_B"]}],"is_beta":false,"boss_relics":[],"items_purged_floors":[10],"is_endless":false,"potions_floor_spawned":[1,8,11,13],"killed_by":"Exordium Thugs","ascension_level":0}