{"gold_per_floor":[114,214,229,229,229,229,248,72,72,72,91,129,148,167,167,292,292,311,311,9,28,16,16,16,54,54,54,54,73,92,111,111,236,236],"floor_reached":34,"playtime":1740,"items_purged":[],"score":397,"play_id":"fef0cfd5-d4e7-42e6-aca2-38414ef721f8","local_time":"20181114231537","daily_mods":["Specialized","Colorless Cards","Night Terrors"],"is_ascension_mode":false,"campfire_choices":[{"data":"Dualcast","floor":6.0,"key":"SMITH"},{"data":"Zap","floor":10.0,"key":"SMITH"},{"data":"Coolheaded","floor":15.0,"key":"SMITH"},{"data":"Secret Technique","floor":23,"key":"SMITH"},{"data":"Madness","floor":27,"key":"SMITH"},{"data":"Echo Form","floor":32,"key":"SMITH"}],"neow_cost":"","seed_source_timestamp":0,"circlet_count":0,"master_deck":["Strike_B+1","Strike_B+1","Strike_B+1","Strike_B+1","Defend_B+1","Defend_B+1","Defend_B+1","Defend_B+1","Zap+1","Dualcast+1","Flash of Steel","Flash of Steel","Flash of Steel","Flash of Steel","Flash of Steel","Coolheaded+1","Compile Driver","Bandage Up","Coolheaded+1","Secret Technique+1","Go for the Eyes+1","Gash","Conserve Battery+1","Gash","Madness+1","Beam Cell+1","Echo Form+1","Secret Weapon"],"special_seed":17809,"relics":["FrozenCore","Golden Idol","DataDisk","Dodecahedron","Dead Branch","Sozu","MutagenicStrength","Membership Card","Bag of Preparation","War Paint","Cables"],"potions_floor_usage":[33],"damage_taken":[{"damage":2.0,"enemies":"Small Slimes","floor":1.0,"turns":2.0},{"damage":6.0,"enemies":"Cultist","floor":3.0,"turns":3.0},{"damage":6.0,"enemies":"Jaw Worm","floor":7.0,"turns":2.0},{"damage":0.0,"enemies":"3 Louse","floor":11.0,"turns":2.0},{"damage":14.0,"enemies":"Gremlin Nob","floor":12.0,"turns":3.0},{"damage":7.0,"enemies":"Blue Slaver","floor":13.0,"turns":2.0},{"damage":0.0,"enemies":"Exordium Wildlife","floor":14.0,"turns":3.0},{"damage":17.0,"enemies":"Hexaghost","floor":16.0,"turns":10.0},{"damage":1.0,"enemies":"Shell Parasite","floor":18.0,"turns":4.0},{"damage":2,"enemies":"3 Byrds","floor":21,"turns":3},{"damage":2,"enemies":"Gremlin Leader","floor":25,"turns":6},{"damage":15,"enemies":"Snecko","floor":29,"turns":5},{"damage":0,"enemies":"Snake Plant","floor":30,"turns":3},{"damage":0,"enemies":"Centurion and Healer","floor":31,"turns":3},{"damage":10,"enemies":"Automaton","floor":33,"turns":8}],"seed_played":"-1512193527981860122","potions_obtained":[{"floor":7.0,"key":"GamblersBrew"},{"floor":12.0,"key":"Weak Potion"},{"floor":13.0,"key":"Energy Potion"}],"is_trial":false,"path_per_floor":["M","?","M","?","?","R","M","$","T","R","M","E","M","M","R","B",null,"M","?","$","M","$","R","?","E","T","R","?","M","M","M","R","B",null],"character_chosen":"DEFECT","items_purchased":["DataDisk","Coolheaded","Membership Card","Bag of Preparation","Gash","Gash"],"campfire_rested":0,"item_purchase_floors":[8,8,20,20,20,22],"current_hp_per_floor":[73,73,67,72,72,72,66,66,66,66,66,52,49,53,53,40,74,73,73,73,72,72,72,72,74,74,74,74,65,71,74,74,68,74],"gold":236,"neow_bonus":"","is_prod":false,"is_daily":true,"chose_seed":false,"campfire_upgraded":6,"win_rate":0,"timestamp":1542255337,"path_taken":["M","?","M","?","?","R","M","$","T","R","?","E","?","M","R","BOSS","M","?","$","M","$","R","?","E","T","R","?","M","?","?","R","BOSS"],"build_version":"2018-11-08","purchased_purges":0,"victory":false,"max_hp_per_floor":[75,75,75,80,74,74,74,74,74,74,74,74,74,74,74,74,74,74,74,74,74,74,74,74,74,74,74,74,74,74,74,74,74,74],"card_choices":[{"not_picked":["Rebound","Ball Lightning","Stack"],"picked":"SKIP","floor":1.0},{"not_picked":["Cold Snap","Doom and Gloom","Discovery"],"picked":"SKIP","floor":3.0},{"not_picked":["Recycle","Coolheaded","Genetic Algorithm"],"picked":"SKIP","floor":7.0},{"not_picked":["Redo","Stack"],"picked":"Compile Driver","floor":11.0},{"not_picked":["Gash","Redo"],"picked":"Bandage Up","floor":12.0},{"not_picked":["Redo","Beam Cell","Steam"],"picked":"SKIP","floor":13.0},{"not_picked":["Redo","Cold Snap"],"picked":"Coolheaded","floor":14.0},{"not_picked":["Secret Weapon","Magnetism"],"picked":"Secret Technique","floor":16.0},{"not_picked":["Deep Breath","Ball Lightning+1"],"picked":"Go for the Eyes+1","floor":18.0},{"not_picked":["Dark Shackles","Go for the Eyes"],"picked":"Conserve Battery","floor":21},{"not_picked":["Steam Power","Hologram+1"],"picked":"Madness","floor":25},{"not_picked":["Rebound","Go for the Eyes","Stack"],"picked":"SKIP","floor":29},{"not_picked":["Auto Shields+1","Turbo"],"picked":"Beam Cell+1","floor":30},{"not_picked":["Redo","Conserve Battery"],"picked":"Echo Form","floor":31},{"not_picked":["Creative AI","Fission"],"picked":"Secret Weapon","floor":33}],"player_experience":89833,"relics_obtained":[{"floor":9.0,"key":"Dodecahedron"},{"floor":12.0,"key":"Dead Branch"},{"floor":25,"key":"War Paint"},{"floor":26,"key":"Cables"}],"event_choices":[{"event_name":"Golden Shrine","player_choice":"Pray","floor":2.0,"damage_taken":0.0},{"event_name":"Big Fish","player_choice":"Donut","floor":4.0,"damage_taken":0.0},{"event_name":"Golden Idol","player_choice":"Lose Max HP","floor":5.0,"damage_taken":0.0},{"damage_healed":0.0,"max_hp_gain":0.0,"max_hp_loss":0.0,"gold_gain":0.0,"event_name":"Drug Dealer","player_choice":"Inject Mutagens","floor":19.0,"gold_loss":0.0,"damage_taken":0.0,"relics_obtained":["MutagenicStrength"]},{"damage_healed":0,"gold_gain":0,"player_choice":"Simplicity","damage_taken":0,"max_hp_gain":0,"max_hp_loss":0,"event_name":"Back to Basics","floor":24,"gold_loss":0,"cards_upgraded":["Strike_B","Strike_B","Strike_B","Strike_B","Defend_B","Defend_B","Defend_B","Defend_B"]},{"damage_healed":0,"gold_gain":0,"player_choice":"Bought 0 Potions","damage_taken":0,"max_hp_gain":0,"max_hp_loss":0,"event_name":"The Woman in Blue","floor":28,"gold_loss":0}],"is_beta":false,"boss_relics":[{"not_picked":["Snecko Eye","Lizard Tail"],"picked":"Sozu"},{"not_picked":["White Beast Statue","Velvet Choker"],"picked":"FrozenCore"}],"items_purged_floors":[],"is_endless":false,"potions_floor_spawned":[7,12,13,14,29,33],"ascension_level":0}