{"gold_per_floor":[114,36,51,66,81,81,111,111,111,111,111,126,141,156,156,256,256,271,286,301,301,301,301,316,331,331,346,346,361,376,391,391,491,491,506,486,501,516,516],"floor_reached":39,"playtime":3338,"items_purged":[],"score":518,"play_id":"34771a33-a3e8-40ac-8904-9fa12516a05a","local_time":"20190305194806","daily_mods":["Chimera","Hoarder","Terminal"],"is_ascension_mode":false,"campfire_choices":[{"data":"Metallicize","floor":6,"key":"SMITH"},{"data":"Metallicize","floor":10,"key":"SMITH"},{"data":"Demon Form","floor":15,"key":"SMITH"},{"data":"Demon Form","floor":23,"key":"SMITH"},{"data":"Metallicize","floor":28,"key":"SMITH"},{"data":"Iron Wave","floor":32,"key":"SMITH"}],"neow_cost":"","seed_source_timestamp":13309382567546,"circlet_count":0,"master_deck":["Bash","Survivor","Zap","Strike_R+1","Strike_G+1","Defend_R","Defend_G","Metallicize+1","Metallicize+1","Metallicize+1","Flex","Flex","Twin Strike","Twin Strike","Twin Strike","Demon Form+1","Demon Form+1","Spot Weakness+1","Spot Weakness+1","Spot Weakness+1","Iron Wave+1","Iron Wave","Iron Wave","Twin Strike","Twin Strike","Twin Strike","Heavy Blade","Heavy Blade","Heavy Blade","Ghostly Armor","Ghostly Armor","Ghostly Armor","Rage+1","Rage+1","Rage+1","Cleave","Cleave","Cleave","Limit Break","Limit Break","Limit Break"],"special_seed":17960,"relics":["Burning Blood","Omamori","Whetstone","Coffee Dripper","Question Card","Runic Pyramid"],"potions_floor_usage":[16,27,33,33],"damage_taken":[{"damage":0,"enemies":"Small Slimes","floor":1,"turns":3},{"damage":0,"enemies":"2 Louse","floor":3,"turns":4},{"damage":0,"enemies":"Cultist","floor":4,"turns":4},{"damage":2,"enemies":"Large Slime","floor":5,"turns":8},{"damage":58,"enemies":"Gremlin Nob","floor":7,"turns":7},{"damage":3,"enemies":"2 Fungi Beasts","floor":12,"turns":5},{"damage":14,"enemies":"Exordium Thugs","floor":13,"turns":6},{"damage":0,"enemies":"Blue Slaver","floor":14,"turns":5},{"damage":0,"enemies":"Slime Boss","floor":16,"turns":9},{"damage":9,"enemies":"3 Byrds","floor":18,"turns":8},{"damage":22,"enemies":"2 Thieves","floor":19,"turns":4},{"damage":3,"enemies":"Chosen and Byrds","floor":20,"turns":7},{"damage":11,"enemies":"Centurion and Healer","floor":24,"turns":5},{"damage":6,"enemies":"Shelled Parasite and Fungi","floor":25,"turns":4},{"damage":8,"enemies":"Chosen and Byrds","floor":27,"turns":6},{"damage":13,"enemies":"Snecko","floor":29,"turns":5},{"damage":10,"enemies":"Shelled Parasite and Fungi","floor":30,"turns":5},{"damage":0,"enemies":"Cultist and Chosen","floor":31,"turns":6},{"damage":31,"enemies":"Automaton","floor":33,"turns":10},{"damage":1,"enemies":"Orb Walker","floor":35,"turns":4},{"damage":4,"enemies":"3 Shapes","floor":37,"turns":6},{"damage":2,"enemies":"Sphere and 2 Shapes","floor":38,"turns":5},{"damage":41,"enemies":"Writhing Mass","floor":39,"turns":4}],"seed_played":"-7796585460280550823","potions_obtained":[{"floor":1,"key":"Block Potion"},{"floor":4,"key":"Regen Potion"},{"floor":13,"key":"EssenceOfSteel"},{"floor":24,"key":"Energy Potion"},{"floor":25,"key":"AttackPotion"},{"floor":30,"key":"LiquidBronze"},{"floor":33,"key":"FearPotion"},{"floor":36,"key":"Dexterity Potion"}],"is_trial":false,"path_per_floor":["M","$","M","M","M","R","E","?","T","R","?","M","M","M","R","B",null,"M","M","M","?","?","R","M","M","T","M","R","M","M","M","R","B",null,"M","?","M","M","M"],"character_chosen":"IRONCLAD","items_purchased":["Metallicize"],"campfire_rested":0,"item_purchase_floors":[2],"current_hp_per_floor":[78,77,76,75,74,73,21,39,39,39,39,42,34,40,40,46,62,59,43,46,46,46,46,41,41,41,39,39,32,28,34,34,9,45,44,43,42,41,0],"gold":516,"neow_bonus":"","is_prod":false,"is_daily":true,"chose_seed":false,"campfire_upgraded":6,"win_rate":0,"timestamp":1551811686,"path_taken":["M","$","M","M","M","R","E","?","T","R","?","M","M","M","R","BOSS","M","M","M","?","?","R","M","M","T","M","R","M","M","M","R","BOSS","M","?","M","M","?"],"build_version":"2019-01-23","purchased_purges":0,"victory":false,"max_hp_per_floor":[78,77,76,75,74,73,72,71,70,69,68,67,66,65,64,63,62,61,60,59,58,57,56,55,54,53,52,51,50,49,48,47,46,45,44,43,42,41,41],"card_choices":[{"not_picked":["Pummel","Heavy Blade","Clothesline"],"picked":"SKIP","floor":1},{"not_picked":["Armaments","Heavy Blade"],"picked":"Flex","floor":3},{"not_picked":["Armaments","Heavy Blade","Anger"],"picked":"SKIP","floor":4},{"not_picked":["Pommel Strike","Clash","Evolve"],"picked":"SKIP","floor":5},{"not_picked":["Pummel","Havoc","Sever Soul"],"picked":"SKIP","floor":7},{"not_picked":["Pommel Strike","Heavy Blade"],"picked":"Twin Strike","floor":12},{"not_picked":["Body Slam","Sword Boomerang"],"picked":"Demon Form","floor":13},{"not_picked":["Power Through","Sword Boomerang","Warcry"],"picked":"SKIP","floor":14},{"not_picked":["Clothesline","Blood for Blood","Sword Boomerang"],"picked":"SKIP","floor":18},{"not_picked":["Clothesline","Metallicize"],"picked":"Spot Weakness+1","floor":19},{"not_picked":["Flex","Heavy Blade"],"picked":"Iron Wave","floor":20},{"not_picked":["Heavy Blade","Pommel Strike"],"picked":"Ghostly Armor","floor":24},{"not_picked":["Heavy Blade+1","Shockwave+1","Entrench"],"picked":"SKIP","floor":25},{"not_picked":["Body Slam","True Grit","Pommel Strike","Heavy Blade"],"picked":"SKIP","floor":27},{"not_picked":["True Grit","Thunderclap","Disarm"],"picked":"Rage+1","floor":29},{"not_picked":["Warcry+1","Evolve+1","Burning Pact"],"picked":"Cleave","floor":30},{"not_picked":["Combust","Heavy Blade","Anger","Pommel Strike"],"picked":"SKIP","floor":31},{"not_picked":["Immolate","Exhume","Barricade"],"picked":"Limit Break","floor":33},{"not_picked":["Seeing Red","Sword Boomerang","Perfected Strike+1","Pommel Strike"],"picked":"SKIP","floor":35},{"not_picked":["Sword Boomerang+1","Perfected Strike","Corruption+1","Rage+1"],"picked":"SKIP","floor":37},{"not_picked":["Flex+1","True Grit","Heavy Blade+1","Body Slam"],"picked":"SKIP","floor":38}],"player_experience":62800,"relics_obtained":[{"floor":7,"key":"Omamori"},{"floor":9,"key":"Whetstone"},{"floor":26,"key":"Question Card"}],"event_choices":[{"damage_healed":18,"gold_gain":0,"player_choice":"Healed and dodged fight","damage_taken":0,"max_hp_gain":0,"max_hp_loss":0,"event_name":"Mushrooms","floor":8,"gold_loss":0,"cards_obtained":["Parasite"]},{"cards_removed":["Strike_B"],"damage_healed":0,"gold_gain":0,"player_choice":"Forget","damage_taken":0,"max_hp_gain":0,"max_hp_loss":0,"event_name":"Living Wall","floor":11,"gold_loss":0},{"cards_removed":["Demon Form"],"damage_healed":0,"gold_gain":0,"player_choice":"Elegance","damage_taken":0,"max_hp_gain":0,"max_hp_loss":0,"event_name":"Back to Basics","floor":21,"gold_loss":0},{"damage_healed":0,"gold_gain":0,"cards_transformed":["Flex","Defend_B"],"player_choice":"Became Test Subject","damage_taken":0,"max_hp_gain":0,"max_hp_loss":0,"event_name":"Drug Dealer","floor":22,"gold_loss":0,"cards_obtained":["Twin Strike","Heavy Blade"]},{"damage_healed":0,"gold_gain":0,"player_choice":"Bought 1 Potion","damage_taken":0,"max_hp_gain":0,"max_hp_loss":0,"event_name":"The Woman in Blue","floor":36,"gold_loss":0}],"is_beta":false,"boss_relics":[{"not_picked":["Mark of Pain","Empty Cage"],"picked":"Coffee Dripper"},{"not_picked":["Snecko Eye","Calling Bell"],"picked":"Runic Pyramid"}],"items_purged_floors":[],"is_endless":false,"potions_floor_spawned":[1,4,13,24,25,30,31,33],"killed_by":"Writhing Mass","ascension_level":0}