{"gold_per_floor":[111,40,40,60,60,87,165,8,8,8,23,23,38,67,67,164,164,184,37,54,65,65,97,113,148,175,175,186,186,203,236,236,333,333,351,351,573,593,593,593,613,613,613,613,278,258,258,58,58,58],"floor_reached":51,"playtime":5363,"items_purged":["Strike_G"],"score":691,"play_id":"84d70f72-f48e-4853-a445-491ece419082","local_time":"20180720214412","is_ascension_mode":false,"campfire_choices":[{"data":"Mind Blast","floor":12,"key":"SMITH"},{"data":"Wraith Form v2","floor":15,"key":"SMITH"},{"data":"Terror","floor":27,"key":"SMITH"},{"data":"Bouncing Flask","floor":29,"key":"SMITH"},{"floor":32,"key":"REST"},{"data":"A Thousand Cuts","floor":40,"key":"SMITH"},{"data":"Well Laid Plans","floor":42,"key":"SMITH"},{"data":"Neutralize","floor":44,"key":"SMITH"},{"data":"Sadistic Nature","floor":49,"key":"SMITH"}],"neow_cost":"","seed_source_timestamp":164560915262811,"circlet_count":0,"master_deck":["Defend_G","Defend_G","Defend_G","Defend_G+1","Defend_G","Survivor","Neutralize","Poisoned Stab","Quick Slash","Dagger Spray+1","Neutralize+1","Well Laid Plans+1","Mind Blast+1","Backstab","Dodge and Roll","Leg Sweep","Dagger Throw","Expertise","Wraith Form v2+1","A Thousand Cuts+1","Bouncing Flask+1","Prepared","Backflip","Bite","Bite","Bite","Bite","Bite","Slice","Prepared","Terror+1","Underhanded Strike","Noxious Fumes+1","Blade Dance","Tools of the Trade","Quick Slash","Bouncing Flask+1","Flechettes+1","Finesse","PiercingWail+1","Acrobatics","Bouncing Flask","Slice","Sadistic Nature+1"],"relics":["Ring of the Snake","Dodecahedron","Pantograph","Bag of Marbles","Lizard Tail","Snake Skull","Pear","Torii","Boot","Red Mask","Eternal Feather","Du-Vu Doll","Bag of Preparation","Kunai"],"potions_floor_usage":[16,16,33,33,38,38,50,50,50,50,50,50,50,50,50],"damage_taken":[{"damage":0,"enemies":"Cultist","floor":1,"turns":4},{"damage":1,"enemies":"Jaw Worm","floor":4,"turns":5},{"damage":8,"enemies":"Gremlin Nob","floor":6,"turns":4},{"damage":0,"enemies":"2 Louse","floor":11,"turns":1},{"damage":2,"enemies":"Looter","floor":13,"turns":3},{"damage":5,"enemies":"3 Sentries","floor":14,"turns":8},{"damage":55,"enemies":"The Guardian","floor":16,"turns":16},{"damage":0,"enemies":"Chosen","floor":18,"turns":3},{"damage":3,"enemies":"3 Byrds","floor":20,"turns":3},{"damage":10,"enemies":"Snake Plant","floor":21,"turns":5},{"damage":19,"enemies":"Slavers","floor":23,"turns":4},{"damage":12,"enemies":"Centurion and Healer","floor":24,"turns":7},{"damage":17,"enemies":"Book of Stabbing","floor":25,"turns":5},{"damage":6,"enemies":"Chosen and Byrds","floor":28,"turns":5},{"damage":15,"enemies":"Snake Plant","floor":30,"turns":3},{"damage":11,"floor":31,"turns":3},{"damage":32,"enemies":"Champ","floor":33,"turns":9},{"damage":0,"enemies":"3 Shapes","floor":35,"turns":3},{"damage":8,"enemies":"Flame Bruiser 1 Orb","floor":38,"turns":5},{"damage":39,"enemies":"3 Darklings","floor":41,"turns":5},{"damage":36,"enemies":"Time Eater","floor":50,"turns":9}],"seed_played":"6610871227218818685","potions_obtained":[{"floor":13,"key":"GhostInAJar"},{"floor":14,"key":"SkillPotion"},{"floor":16,"key":"FearPotion"},{"floor":20,"key":"SkillPotion"},{"floor":21,"key":"GamblersBrew"},{"floor":33,"key":"GhostInAJar"},{"floor":35,"key":"Block Potion"},{"floor":41,"key":"EssenceOfSteel"},{"floor":46,"key":"EntropicBrew"}],"is_trial":false,"path_per_floor":["M","$","?","M","?","E","?","$","T","$","M","R","M","E","R","B",null,"M","$","M","M","?","E","M","E","T","R","M","R","M","?","R","B",null,"M","?","?","M","?","R","M","R","T","R","$","?","T","$","R","B"],"character_chosen":"THE_SILENT","items_purchased":["Quick Slash","Dagger Spray","Leg Sweep","Snake Skull","Bag of Preparation","Acrobatics","Bouncing Flask","Slice","Sadistic Nature"],"campfire_rested":1,"item_purchase_floors":[2,2,8,19,45,45,45,45,48],"current_hp_per_floor":[70,70,70,69,55,47,47,47,47,47,47,47,45,40,40,10,70,70,70,67,57,49,48,42,29,29,29,29,29,20,13,30,31,59,59,59,59,53,53,59,30,54,54,59,59,59,59,59,59,25],"gold":58,"neow_bonus":"","is_prod":false,"is_daily":false,"chose_seed":false,"campfire_upgraded":8,"win_rate":0.0,"timestamp":1532141052,"path_taken":["M","?","?","M","?","E","?","$","T","$","?","R","M","E","R","BOSS","M","?","M","M","?","E","M","E","T","R","M","R","M","?","R","BOSS","M","?","?","M","?","R","M","R","T","R","$","?","?","$","R","BOSS"],"build_version":"2018-07-19v2","purchased_purges":1,"victory":true,"max_hp_per_floor":[70,70,70,70,70,70,70,70,70,70,70,70,70,70,70,70,70,70,70,70,70,49,59,59,59,59,59,59,59,59,59,59,59,59,59,59,59,59,59,59,59,59,59,59,59,59,59,59,59,59],"card_choices":[{"not_picked":["Acrobatics","Quick Slash"],"picked":"Poisoned Stab","floor":1},{"not_picked":["Night Terror","Dagger Spray"],"picked":"Backstab","floor":4},{"not_picked":["Sucker Punch","Expertise"],"picked":"Dodge and Roll","floor":6},{"not_picked":["Dagger Spray","Slice"],"picked":"Dagger Throw","floor":11},{"not_picked":["Dagger Spray","Well Laid Plans"],"picked":"Expertise","floor":13},{"not_picked":["Outmaneuver","Poisoned Stab"],"picked":"Wraith Form v2","floor":14},{"not_picked":["After Image","Unload"],"picked":"A Thousand Cuts","floor":16},{"not_picked":["Catalyst","Flying Knee"],"picked":"Bouncing Flask","floor":18},{"not_picked":["Flying Knee","PiercingWail"],"picked":"Prepared","floor":20},{"not_picked":["Dodge and Roll","Choke"],"picked":"Backflip","floor":21},{"not_picked":["Dagger Spray","Riddle With Holes"],"picked":"Slice","floor":23},{"not_picked":["Predator+1","All Out Attack+1"],"picked":"Prepared","floor":24},{"not_picked":["Choke+1","Dagger Throw"],"picked":"Terror","floor":25},{"not_picked":["Footwork","Acrobatics+1"],"picked":"Underhanded Strike","floor":28},{"not_picked":["Blade Dance+1","Die Die Die"],"picked":"Noxious Fumes+1","floor":30},{"not_picked":["Prepared+1","Heel Hook"],"picked":"Blade Dance","floor":31},{"not_picked":["Venomology","Burst"],"picked":"Tools of the Trade","floor":33},{"not_picked":["Masterful Stab","Choke+1"],"picked":"Quick Slash","floor":35},{"not_picked":["Poisoned Stab","Bane+1"],"picked":"Flechettes+1","floor":38},{"not_picked":["Jack Of All Trades","Deep Breath"],"picked":"Finesse","floor":39},{"not_picked":["Slice","Underhanded Strike+1"],"picked":"PiercingWail+1","floor":41}],"player_experience":56177,"relics_obtained":[{"floor":6,"key":"Dodecahedron"},{"floor":9,"key":"Pantograph"},{"floor":14,"key":"Bag of Marbles"},{"floor":23,"key":"Pear"},{"floor":25,"key":"Torii"},{"floor":26,"key":"Boot"},{"floor":31,"key":"Red Mask"},{"floor":43,"key":"Du-Vu Doll"},{"floor":47,"key":"Kunai"}],"event_choices":[{"event_name":"Match and Keep!","player_choice":"3 cards matched","floor":3,"damage_taken":0},{"event_name":"Shining Light","player_choice":"Entered Light","floor":5,"damage_taken":0},{"event_name":"Golden Wing","player_choice":"Gained Gold","floor":7,"damage_taken":0},{"event_name":"Vampires","player_choice":"Became a vampire","floor":22,"damage_taken":0},{"event_name":"Masked Bandits","player_choice":"Fought over 203 gold","floor":31,"damage_taken":0},{"event_name":"Duplicator","player_choice":"One dupe","floor":36,"damage_taken":0},{"event_name":"Tomb of Lord Red Mask","player_choice":"Wore Mask","floor":37,"damage_taken":0},{"event_name":"SensoryStone","player_choice":"Memory 1","floor":39,"damage_taken":0},{"event_name":"The Woman in Blue","player_choice":"Bought 1 Potion","floor":46,"damage_taken":0}],"is_beta":false,"boss_relics":[{"not_picked":["Velvet Choker","Runic Dome"],"picked":"Lizard Tail"},{"not_picked":["Fusion Hammer","Snecko Eye"],"picked":"Eternal Feather"}],"items_purged_floors":[8],"is_endless":false,"potions_floor_spawned":[13,14,16,20,21,28,31,33,35,41],"ascension_level":0}