{"gold_per_floor":[117,135,21,21,32,32,32,60,85,85],"floor_reached":10,"playtime":1092,"items_purged":[],"score":116,"play_id":"348180bd-ccff-49b1-81c3-e10cec1e8fbe","local_time":"20190306175639","is_ascension_mode":true,"campfire_choices":[{"data":"Recycle","floor":6,"key":"SMITH"}],"neow_cost":"NONE","seed_source_timestamp":1635543811885956,"circlet_count":0,"master_deck":["AscendersBane","Strike_B","Strike_B","Strike_B","Strike_B","Defend_B","Defend_B","Defend_B","Defend_B","Zap","Dualcast","Sunder","Beam Cell","Auto Shields","Recycle+1","Sweeping Beam+1"],"relics":["Cracked Core","Anchor","Molten Egg 2","Oddly Smooth Stone"],"potions_floor_usage":[],"damage_taken":[{"damage":8,"enemies":"Jaw Worm","floor":1,"turns":5},{"damage":0,"enemies":"Small Slimes","floor":2,"turns":2},{"damage":6,"enemies":"Cultist","floor":5,"turns":3},{"damage":31,"enemies":"Gremlin Nob","floor":8,"turns":5},{"damage":14,"enemies":"3 Sentries","floor":10,"turns":2}],"seed_played":"-908763941780089185","potions_obtained":[{"floor":8,"key":"Energy Potion"}],"is_trial":false,"path_per_floor":["M","M","$","?","M","R","?","E","T","E"],"character_chosen":"DEFECT","items_purchased":["Auto Shields","Recycle"],"campfire_rested":0,"item_purchase_floors":[3,3],"current_hp_per_floor":[63,63,63,68,62,62,44,13,13,0],"gold":85,"neow_bonus":"TEN_PERCENT_HP_BONUS","is_prod":false,"is_daily":false,"chose_seed":false,"campfire_upgraded":1,"win_rate":0,"timestamp":1551873399,"path_taken":["M","M","$","?","M","R","?","E","T","E"],"build_version":"2019-01-23","purchased_purges":0,"victory":false,"max_hp_per_floor":[78,78,78,83,83,83,83,83,83,83],"card_choices":[{"not_picked":["Stack","Tempest"],"picked":"Sunder","floor":1},{"not_picked":["Sweeping Beam","Fusion"],"picked":"Beam Cell","floor":2},{"not_picked":["Turbo","Stack","Double Energy"],"picked":"SKIP","floor":5},{"not_picked":["Compile Driver","Conserve Battery"],"picked":"Sweeping Beam","floor":8}],"player_experience":961189,"relics_obtained":[{"floor":8,"key":"Molten Egg 2"},{"floor":9,"key":"Oddly Smooth Stone"}],"event_choices":[{"damage_healed":0,"gold_gain":0,"player_choice":"Donut","damage_taken":0,"max_hp_gain":5,"max_hp_loss":0,"event_name":"Big Fish","floor":4,"gold_loss":0},{"damage_healed":0,"gold_gain":0,"player_choice":"Success","damage_taken":18,"relics_obtained":["Anchor"],"max_hp_gain":0,"max_hp_loss":0,"event_name":"Scrap Ooze","floor":7,"gold_loss":0}],"is_beta":false,"boss_relics":[],"items_purged_floors":[],"is_endless":false,"potions_floor_spawned":[8],"killed_by":"3 Sentries","ascension_level":15}