{"gold_per_floor":[116,116,18,36,36,36,55,65,65,76,76,76,91,130,130,130],"floor_reached":16,"playtime":501,"items_purged":["Strike_B"],"score":102,"play_id":"5727e274-1e9c-422d-a9f9-3d8784e60939","local_time":"20190308025505","is_ascension_mode":false,"campfire_choices":[{"data":"Redo","floor":6,"key":"SMITH"},{"floor":15,"key":"REST"}],"neow_cost":"NONE","seed_source_timestamp":219822941100056,"circlet_count":0,"master_deck":["Strike_B","Strike_B","Strike_B","Defend_B","Defend_B","Defend_B","Defend_B","Zap","Dualcast","Cold Snap","Gash","Redo+1","Cold Snap","Genetic Algorithm","Parasite","Leap","Redo"],"relics":["Cracked Core","NeowsBlessing","Singing Bowl","Strawberry","Golden Idol","Girya"],"potions_floor_usage":[],"damage_taken":[{"damage":0,"enemies":"Jaw Worm","floor":1,"turns":1},{"damage":0,"enemies":"Small Slimes","floor":4,"turns":1},{"damage":0,"enemies":"2 Louse","floor":7,"turns":1},{"damage":8,"enemies":"Looter","floor":8,"turns":3},{"damage":9,"enemies":"Lots of Slimes","floor":10,"turns":4},{"damage":8,"enemies":"3 Louse","floor":13,"turns":4},{"damage":20,"enemies":"3 Sentries","floor":14,"turns":11},{"damage":50,"enemies":"Slime Boss","floor":16,"turns":8}],"seed_played":"4206125339350311609","potions_obtained":[{"floor":10,"key":"SneckoOil"},{"floor":13,"key":"Dexterity Potion"}],"is_trial":false,"path_per_floor":["M","?","$","M","$","R","M","M","T","M","?","?","M","E","R","B"],"character_chosen":"DEFECT","items_purchased":["Gash"],"campfire_rested":1,"item_purchase_floors":[3],"current_hp_per_floor":[75,57,57,57,57,57,57,49,56,47,27,47,39,19,43,0],"gold":130,"neow_bonus":"THREE_ENEMY_KILL","is_prod":false,"is_daily":false,"chose_seed":false,"campfire_upgraded":1,"win_rate":0,"timestamp":1552010105,"path_taken":["M","?","?","M","$","R","M","M","T","M","?","?","M","E","R","BOSS"],"build_version":"2019-01-23","purchased_purges":1,"victory":false,"max_hp_per_floor":[75,75,75,75,75,75,75,75,82,82,82,82,82,82,82,82],"card_choices":[{"not_picked":["Streamline","Reinforced Body"],"picked":"Cold Snap","floor":1},{"not_picked":["Ball Lightning","Chill"],"picked":"Redo","floor":4},{"not_picked":["Darkness","Stack"],"picked":"Cold Snap","floor":7},{"not_picked":["Fusion","Undo","Steam"],"picked":"SKIP","floor":8},{"not_picked":["Rainbow","Loop"],"picked":"Genetic Algorithm","floor":10},{"not_picked":["Beam Cell","Barrage"],"picked":"Leap","floor":13},{"not_picked":["Streamline","Reprogram"],"picked":"Redo","floor":14}],"player_experience":111544,"relics_obtained":[{"floor":9,"key":"Strawberry"},{"floor":14,"key":"Girya"}],"event_choices":[{"damage_healed":0,"gold_gain":0,"player_choice":"Success","damage_taken":18,"relics_obtained":["Singing Bowl"],"max_hp_gain":0,"max_hp_loss":0,"event_name":"Scrap Ooze","floor":2,"gold_loss":0},{"damage_healed":0,"gold_gain":0,"player_choice":"Take Damage","damage_taken":20,"relics_obtained":["Golden Idol"],"max_hp_gain":0,"max_hp_loss":0,"event_name":"Golden Idol","floor":11,"gold_loss":0},{"damage_healed":20,"gold_gain":0,"player_choice":"Healed and dodged fight","damage_taken":0,"max_hp_gain":0,"max_hp_loss":0,"event_name":"Mushrooms","floor":12,"gold_loss":0,"cards_obtained":["Parasite"]}],"is_beta":false,"boss_relics":[],"items_purged_floors":[3],"is_endless":false,"potions_floor_spawned":[10,13],"killed_by":"Slime Boss","ascension_level":0}