{"gold_per_floor":[416,416,416,416,416,416,21,21,21,21,33,51,62,76,76,181,181,194,194,209,224,33,33,67,67,67,67,97,109,109,123,123,226,226,245,106,126,126,145,145,245,245,245,245,245,245,261,22,22,22],"floor_reached":51,"playtime":4113,"items_purged":["Defend_B","Regret"],"score":748,"play_id":"c4c08199-5c07-496f-b441-3742d2240716","local_time":"20190310230934","is_ascension_mode":false,"campfire_choices":[{"floor":6.0,"key":"REST"},{"data":"Bandage Up","floor":8.0,"key":"SMITH"},{"data":"Dualcast","floor":10.0,"key":"SMITH"},{"data":"Defragment","floor":15.0,"key":"SMITH"},{"floor":23.0,"key":"REST"},{"floor":25.0,"key":"REST"},{"floor":27.0,"key":"REST"},{"floor":32.0,"key":"REST"},{"data":"1","floor":40.0,"key":"LIFT"},{"data":"2","floor":42.0,"key":"LIFT"},{"data":"3","floor":44.0,"key":"LIFT"},{"floor":49.0,"key":"REST"}],"neow_cost":"PERCENT_DAMAGE","seed_source_timestamp":13581776302795,"circlet_count":0,"master_deck":["Defend_B+1","Defend_B+1","Defend_B","Zap+1","Dualcast+1","Cold Snap","Leap","Barrage","Bandage Up+1","Defragment+1","Chaos","Glacier","Rip and Tear","Fission","Hello World","Auto Shields+1","Conserve Battery","Defragment+1","All For One","Hello World","Bite","Bite","Bite","Bite","Bite","Echo Form","Parasite","Writhe","Defragment","FTL","Hologram+1","Parasite","Turbo+1","Steam+1","Flash of Steel","Impatience","Finesse","Glacier","Chrysalis","Steam"],"special_seed":0,"relics":["Cracked Core","Old Coin","War Paint","Pear","Vajra","Torii","Fusion Hammer","MutagenicStrength","Chemical X","Bottled Lightning","Ginger","Lantern","Calling Bell","Juzu Bracelet","Mercury Hourglass","Girya","Thread and Needle","Omamori"],"potions_floor_usage":[50],"damage_taken":[{"damage":6.0,"enemies":"Jaw Worm","floor":1.0,"turns":3.0},{"damage":1.0,"enemies":"Small Slimes","floor":11.0,"turns":2.0},{"damage":0.0,"enemies":"2 Louse","floor":12.0,"turns":2.0},{"damage":1.0,"enemies":"Looter","floor":13.0,"turns":4.0},{"damage":0.0,"enemies":"Exordium Thugs","floor":14.0,"turns":5.0},{"damage":17.0,"enemies":"The Guardian","floor":16.0,"turns":12.0},{"damage":2.0,"enemies":"Spheric Guardian","floor":18.0,"turns":4.0},{"damage":9.0,"enemies":"Chosen","floor":20.0,"turns":5.0},{"damage":0.0,"enemies":"Centurion and Healer","floor":21.0,"turns":7.0},{"damage":38.0,"enemies":"Book of Stabbing","floor":24.0,"turns":9.0},{"damage":8.0,"enemies":"Gremlin Leader","floor":28.0,"turns":13.0},{"damage":1.0,"enemies":"3 Cultists","floor":29.0,"turns":6.0},{"damage":18.0,"enemies":"Shelled Parasite and Fungi","floor":31.0,"turns":5.0},{"damage":0.0,"enemies":"Champ","floor":33.0,"turns":12.0},{"damage":11.0,"enemies":"Orb Walker","floor":35.0,"turns":4.0},{"damage":10.0,"enemies":"3 Shapes","floor":37.0,"turns":7.0},{"damage":11.0,"enemies":"Writhing Mass","floor":39.0,"turns":7.0},{"damage":1.0,"enemies":"Mind Bloom Boss Battle","floor":41.0,"turns":7.0},{"damage":7.0,"enemies":"Sphere and 2 Shapes","floor":47.0,"turns":4.0},{"damage":32,"enemies":"Awakened One","floor":50,"turns":14}],"seed_played":"-3538094606078357944","potions_obtained":[{"floor":13.0,"key":"Energy Potion"},{"floor":16.0,"key":"PowerPotion"},{"floor":18.0,"key":"Ancient Potion"},{"floor":24.0,"key":"EssenceOfSteel"},{"floor":29.0,"key":"GamblersBrew"},{"floor":37.0,"key":"FocusPotion"}],"is_trial":false,"path_per_floor":["M","?","?","?","T","R","$","R","T","R","M","M","M","M","R","B",null,"M","?","M","M","$","R","E","R","T","R","E","M","?","M","R","B",null,"M","$","M","?","M","R","?","R","T","R","?","?","M","$","R","B",null],"character_chosen":"DEFECT","items_purchased":["Leap","Vajra","Barrage","Bandage Up","Chemical X","FTL","Chrysalis","Steam"],"campfire_rested":6,"item_purchase_floors":[7,7,7,7,22,36,48,48],"current_hp_per_floor":[48,41,8,8,18,43,43,43,43,43,48,54,59,65,65,54,85,83,83,76,82,82,85,53,78,78,85,83,85,59,52,59,59,59,51,51,59,59,57,57,59,59,59,59,49,49,50,50,59,47],"gold":22,"neow_bonus":"ONE_RARE_RELIC","is_prod":false,"is_daily":false,"chose_seed":false,"campfire_upgraded":3,"win_rate":0,"timestamp":1552280974,"path_taken":["M","?","?","?","?","R","?","R","T","R","M","M","M","M","R","BOSS","M","?","M","M","$","R","E","R","T","R","E","M","?","M","R","BOSS","M","$","M","?","M","R","?","R","T","R","?","?","M","?","R","BOSS"],"build_version":"2019-01-23","purchased_purges":2,"victory":true,"max_hp_per_floor":[75,75,75,75,85,85,85,85,85,85,85,85,85,85,85,85,85,85,85,85,85,85,85,85,85,85,85,85,85,59,59,59,59,59,59,59,59,59,59,59,59,59,59,59,59,59,59,59,59,59],"card_choices":[{"not_picked":["Stack","Rebound"],"picked":"Cold Snap","floor":1.0},{"not_picked":["Capacitor","Compile Driver"],"picked":"Defragment","floor":11.0},{"not_picked":["Aggregate","Barrage"],"picked":"Chaos","floor":12.0},{"not_picked":["Steam","Stack"],"picked":"Glacier","floor":13.0},{"not_picked":["Darkness","Conserve Battery"],"picked":"Rip and Tear","floor":14.0},{"not_picked":["Multi-Cast","Thunder Strike"],"picked":"Fission","floor":16.0},{"not_picked":["Streamline","Compile Driver"],"picked":"Hello World","floor":18.0},{"not_picked":["Go for the Eyes","Chill"],"picked":"Auto Shields+1","floor":20.0},{"not_picked":["Gash","Melter"],"picked":"Conserve Battery","floor":21.0},{"not_picked":["Conserve Battery","Chill"],"picked":"Defragment","floor":24.0},{"not_picked":["Rebound+1","Leap"],"picked":"All For One","floor":28.0},{"not_picked":["Doom and Gloom","Steam"],"picked":"Hello World","floor":29.0},{"not_picked":["Heatsinks","Stack","Steam"],"picked":"SKIP","floor":31.0},{"not_picked":["All For One","Seek"],"picked":"Echo Form","floor":33.0},{"not_picked":["Heatsinks","BootSequence"],"picked":"Defragment","floor":35.0},{"not_picked":["Gash+1","Skim"],"picked":"Hologram+1","floor":37.0},{"not_picked":["Coolheaded+1","Hologram+1"],"picked":"Turbo+1","floor":39.0},{"not_picked":["Rebound+1","All For One"],"picked":"Steam+1","floor":41.0},{"not_picked":["Enlightenment","Dramatic Entrance"],"picked":"Flash of Steel","floor":45.0},{"not_picked":["Metamorphosis","Secret Weapon"],"picked":"Impatience","floor":45.0},{"not_picked":["Dramatic Entrance","Jack Of All Trades"],"picked":"Finesse","floor":45.0},{"not_picked":["Compile Driver","Redo"],"picked":"Glacier","floor":47.0}],"player_experience":1023528,"relics_obtained":[{"floor":5.0,"key":"Pear"},{"floor":9.0,"key":"Torii"},{"floor":24.0,"key":"Bottled Lightning"},{"floor":26.0,"key":"Ginger"},{"floor":28.0,"key":"Lantern"},{"floor":34.0,"key":"Juzu Bracelet"},{"floor":34.0,"key":"Mercury Hourglass"},{"floor":34.0,"key":"Girya"},{"floor":41.0,"key":"Thread and Needle"},{"floor":43.0,"key":"Omamori"}],"event_choices":[{"cards_removed":["Strike_B"],"damage_healed":0.0,"max_hp_gain":0.0,"max_hp_loss":0.0,"gold_gain":0.0,"event_name":"Golden Wing","player_choice":"Card Removal","floor":2.0,"gold_loss":0.0,"damage_taken":7.0},{"damage_healed":0.0,"max_hp_gain":0.0,"max_hp_loss":0.0,"gold_gain":0.0,"event_name":"Scrap Ooze","player_choice":"Success","floor":3.0,"gold_loss":0.0,"damage_taken":33.0,"relics_obtained":["War Paint"]},{"damage_healed":0.0,"max_hp_gain":0.0,"max_hp_loss":0.0,"gold_gain":0.0,"event_name":"Living Wall","player_choice":"Grow","floor":4.0,"gold_loss":0.0,"damage_taken":0.0,"cards_upgraded":["Zap"]},{"damage_healed":0.0,"max_hp_gain":0.0,"max_hp_loss":0.0,"gold_gain":0.0,"event_name":"Drug Dealer","player_choice":"Inject Mutagens","floor":19.0,"gold_loss":0.0,"damage_taken":0.0,"relics_obtained":["MutagenicStrength"]},{"damage_healed":0.0,"max_hp_gain":0.0,"max_hp_loss":26.0,"gold_gain":0.0,"event_name":"Vampires","player_choice":"Became a vampire","floor":30.0,"gold_loss":0.0,"damage_taken":0.0,"cards_obtained":["Bite","Bite","Bite","Bite","Bite"]},{"damage_healed":0.0,"max_hp_gain":0.0,"max_hp_loss":0.0,"gold_gain":0.0,"event_name":"Upgrade Shrine","player_choice":"Upgraded","floor":38.0,"gold_loss":0.0,"damage_taken":0.0,"cards_upgraded":["Defragment"]},{"damage_healed":0.0,"max_hp_gain":0.0,"max_hp_loss":0.0,"gold_gain":0.0,"event_name":"MindBloom","player_choice":"Fight","floor":41.0,"gold_loss":0.0,"damage_taken":0.0},{"damage_healed":0.0,"max_hp_gain":0.0,"max_hp_loss":0.0,"gold_gain":0.0,"event_name":"SensoryStone","player_choice":"Memory 3","floor":45.0,"gold_loss":0.0,"damage_taken":10.0},{"damage_healed":0.0,"max_hp_gain":0.0,"max_hp_loss":0.0,"gold_gain":0.0,"event_name":"Mysterious Sphere","player_choice":"Ignored","floor":46.0,"gold_loss":0.0,"damage_taken":0.0}],"is_beta":false,"boss_relics":[{"not_picked":["Eternal Feather","Inserter"],"picked":"Fusion Hammer"},{"not_picked":["Nuclear Battery","Pandora\u0027s Box"],"picked":"Calling Bell"}],"items_purged_floors":[7,36],"is_endless":false,"potions_floor_spawned":[13,16,18,24,29,37],"ascension_level":0}