{"gold_per_floor":[112,187,25,25,25,53,53,67,91,103,103,122,140,154,154,251,251,264,282,23,43,43,43,54,84,126,61,61,73,73,73,73,73],"floor_reached":33,"playtime":2088,"items_purged":["Clumsy"],"score":267,"play_id":"a245f78e-c252-4d5e-90a4-9c580c3c347e","local_time":"20190107230647","is_ascension_mode":false,"campfire_choices":[{"floor":7.0,"key":"REST"},{"data":"Singularity","floor":11.0,"key":"SMITH"},{"floor":15.0,"key":"REST"},{"data":"GalacticHalo","floor":23,"key":"SMITH"},{"data":"DarkMatter","floor":28,"key":"SMITH"},{"data":"TreasureHunter","floor":30,"key":"SMITH"},{"data":"PowerUp","floor":32,"key":"SMITH"}],"neow_cost":"CURSE","seed_source_timestamp":0,"circlet_count":0,"master_deck":["Strike_MRS","Strike_MRS","Strike_MRS","Strike_MRS","Defend_MRS","Defend_MRS","Defend_MRS","Defend_MRS","MasterSpark","UpSweep","MachineGunSpark","EnergyRecoil","EnergyRecoil","GalacticHalo+1","Singularity+1","ChargingUp","EnergyFlow","RefractionSpark","D6C","TreasureHunter+1","EnergyRecoil","PowerUp","MysteriousBeam+1","6A","PowerUp+1","DarkMatter+1","DoubleSpark+1"],"special_seed":0,"relics":["MiniHakkero","Torii","Ring of Searing","Thread and Needle","Baseball","Replay:Bronze Core","Meat on the Bone","ReplayFunnel","MawBank","Tiny Chest"],"potions_floor_usage":[19,21,25,25,29],"damage_taken":[{"damage":0.0,"enemies":"2 Louse","floor":1.0,"turns":2.0},{"damage":47.0,"enemies":"Erikyupuro","floor":6.0,"turns":10.0},{"damage":0.0,"enemies":"Small Slimes","floor":8.0,"turns":3.0},{"damage":0.0,"enemies":"Cultist","floor":10.0,"turns":3.0},{"damage":1.0,"enemies":"3 Louse","floor":12.0,"turns":4.0},{"damage":1.0,"enemies":"Exordium Thugs","floor":13.0,"turns":4.0},{"damage":0.0,"enemies":"Large Slime","floor":14.0,"turns":3.0},{"damage":18.0,"enemies":"Hexaghost","floor":16.0,"turns":8.0},{"damage":22,"enemies":"2 Thieves","floor":18,"turns":4},{"damage":6,"enemies":"3 Byrds","floor":19,"turns":7},{"damage":0,"enemies":"Snake Plant","floor":21,"turns":4},{"damage":0,"enemies":"Centurion and Healer","floor":24,"turns":4},{"damage":10,"enemies":"Replay:Snechameleon","floor":25,"turns":6},{"damage":2,"enemies":"3 Cultists","floor":29,"turns":5},{"damage":78,"enemies":"Champ","floor":33,"turns":10}],"seed_played":"4448156239589777933","potions_obtained":[{"floor":6.0,"key":"SkillPotion"},{"floor":8.0,"key":"Energy Potion"},{"floor":10.0,"key":"Energy Potion"},{"floor":16,"key":"Languid Potion"},{"floor":19,"key":"PowerPotion"},{"floor":21,"key":"Adrenaline Potion"},{"floor":22,"key":"PowerPotion"}],"is_trial":false,"path_per_floor":["M","?","$","?","?","E","R","M","T","M","R","M","M","M","R","B",null,"M","M","$","M","?","R","M","E","T","$","R","M","R","?","R","B"],"character_chosen":"MARISA","items_purchased":["EnergyRecoil","GalacticHalo","Meat on the Bone","DarkMatter"],"campfire_rested":2,"item_purchase_floors":[3,3,20,27],"current_hp_per_floor":[75,64,64,69,69,22,46,46,46,46,46,45,44,44,68,50,80,58,52,52,52,52,52,52,42,42,42,42,52,52,52,52,0],"gold":73,"neow_bonus":"ONE_RARE_RELIC","is_prod":false,"is_daily":false,"chose_seed":false,"campfire_upgraded":5,"win_rate":1,"timestamp":1546909607,"path_taken":["M","?","$","?","?","E","R","M","T","M","R","?","M","M","R","BOSS","BOSS","M","M","$","M","?","R","M","E","T","?","R","M","R","?","R","BOSS"],"build_version":"2019-01-03v4","purchased_purges":1,"victory":false,"max_hp_per_floor":[75,75,75,80,80,80,80,80,80,80,80,80,80,80,80,80,80,80,80,80,80,80,80,80,80,80,80,80,80,80,80,80,80],"card_choices":[{"not_picked":["PulseMagic","MysteriousBeam"],"picked":"MachineGunSpark","floor":1.0},{"not_picked":["GalacticHalo","AlicesGift"],"picked":"Singularity","floor":6.0},{"not_picked":["WitchLeyline","ManaConvection"],"picked":"ChargingUp","floor":8.0},{"not_picked":["GalacticHalo","StarDustReverie"],"picked":"EnergyFlow","floor":10.0},{"not_picked":["ChargingUp","EnergyRecoil"],"picked":"RefractionSpark","floor":12.0},{"not_picked":["AsteroidBelt","IllusionStar"],"picked":"D6C","floor":13.0},{"not_picked":["LuminesStrike","EscapeVelocity","AsteroidBelt"],"picked":"SKIP","floor":14.0},{"not_picked":["MillisecondPulsars","PolarisUnique"],"picked":"TreasureHunter","floor":16},{"not_picked":["MachineGunSpark","UnstableBomb"],"picked":"EnergyRecoil","floor":18},{"not_picked":["ManaConvection","CollectingQuirk"],"picked":"PowerUp","floor":19},{"not_picked":["GrandCross","AsteroidBelt"],"picked":"MysteriousBeam+1","floor":21},{"not_picked":["IllusionStar","StarBarrage+1"],"picked":"6A","floor":24},{"not_picked":["PolarisUnique","SporeBomb"],"picked":"PowerUp","floor":25},{"not_picked":["WitchOfGreed+1","ShootingEcho"],"picked":"DoubleSpark+1","floor":29}],"player_experience":702339,"relics_obtained":[{"floor":5.0,"key":"Ring of Searing"},{"floor":6.0,"key":"Thread and Needle"},{"floor":9.0,"key":"Baseball"},{"floor":25,"key":"ReplayFunnel"},{"floor":25,"key":"MawBank"},{"floor":26,"key":"Tiny Chest"}],"event_choices":[{"damage_healed":0.0,"max_hp_gain":0.0,"max_hp_loss":0.0,"gold_gain":75.0,"event_name":"World of Goop","player_choice":"Gather Gold","floor":2.0,"gold_loss":0.0,"damage_taken":11.0},{"damage_healed":0.0,"max_hp_gain":5.0,"max_hp_loss":0.0,"gold_gain":0.0,"event_name":"Big Fish","player_choice":"Donut","floor":4.0,"gold_loss":0.0,"damage_taken":0.0},{"damage_healed":0,"gold_gain":0,"player_choice":"Got Potions","damage_taken":0,"max_hp_gain":0,"max_hp_loss":0,"event_name":"Lab","floor":22,"gold_loss":0},{"damage_healed":0,"gold_gain":0,"player_choice":"Ignored","damage_taken":0,"max_hp_gain":0,"max_hp_loss":0,"event_name":"Ghosts","floor":31,"gold_loss":0}],"is_beta":false,"boss_relics":[{"not_picked":["Lizard Tail","Empty Cage"],"picked":"Replay:Bronze Core"}],"items_purged_floors":[3],"is_endless":false,"potions_floor_spawned":[6,8,10,16,19,21],"killed_by":"Champ","ascension_level":0}