{"gold_per_floor":[119,131,131,231,247,247,278,278,360,373,388,413,429,379,379,480,480,494,513,243,258,136,162,162,193,193,118,118,150,165,165],"floor_reached":31,"playtime":1407,"items_purged":["Strike_G","Strike_G","Strike_G"],"score":336,"play_id":"e93b1289-1a00-40da-8461-03ced4042adb","local_time":"20190310235755","is_ascension_mode":true,"campfire_choices":[{"data":"Neutralize","floor":6,"key":"SMITH"},{"data":"Backstab","floor":8,"key":"SMITH"},{"floor":15,"key":"REST"},{"floor":24,"key":"REST"},{"floor":28,"key":"REST"}],"neow_cost":"NONE","seed_source_timestamp":106755766380643,"circlet_count":0,"master_deck":["Defend_G","Defend_G+1","Defend_G","Defend_G","Defend_G","Strike_G","Survivor","Neutralize+1","Backstab+1","Flying Knee","Poisoned Stab","Prepared","Dagger Spray+1","Cloak And Dagger+1","After Image","Dagger Spray+1","Cloak And Dagger+1","Caltrops","Sucker Punch+1","Footwork","Deadly Poison","Footwork+1"],"relics":["Ring of the Snake","Smiling Mask","Molten Egg 2","Snake Skull","WristBlade","Vajra","Darkstone Periapt","War Paint","Matryoshka","Mango"],"potions_floor_usage":[7,16],"damage_taken":[{"damage":0,"enemies":"Cultist","floor":1,"turns":4},{"damage":0,"enemies":"2 Louse","floor":2,"turns":2},{"damage":0,"enemies":"Small Slimes","floor":5,"turns":3},{"damage":23,"enemies":"Lagavulin","floor":7,"turns":7},{"damage":0,"enemies":"Blue Slaver","floor":10,"turns":3},{"damage":0,"enemies":"2 Fungi Beasts","floor":11,"turns":2},{"damage":8,"enemies":"3 Sentries","floor":12,"turns":7},{"damage":0,"enemies":"Exordium Wildlife","floor":13,"turns":3},{"damage":13,"enemies":"Slime Boss","floor":16,"turns":10},{"damage":6,"enemies":"3 Byrds","floor":18,"turns":4},{"damage":16,"enemies":"Shell Parasite","floor":19,"turns":5},{"damage":15,"enemies":"Centurion and Healer","floor":21,"turns":5},{"damage":27,"enemies":"Slavers","floor":23,"turns":4},{"damage":12,"enemies":"Book of Stabbing","floor":25,"turns":6},{"damage":31,"enemies":"Slavers","floor":29,"turns":5},{"damage":25,"enemies":"Shelled Parasite and Fungi","floor":30,"turns":5},{"damage":15,"enemies":"Snake Plant","floor":31,"turns":3}],"seed_played":"2257452094304533004","potions_obtained":[{"floor":0,"key":"SneckoOil"},{"floor":0,"key":"LiquidBronze"},{"floor":0,"key":"Explosive Potion"},{"floor":1,"key":"FairyPotion"},{"floor":11,"key":"FairyPotion"},{"floor":18,"key":"SteroidPotion"}],"is_trial":false,"path_per_floor":["M","M","?","?","M","R","E","R","T","M","M","E","M","$","R","B",null,"M","M","$","M","$","E","R","E","T","?","R","E","M","M"],"character_chosen":"THE_SILENT","items_purchased":["Vajra","Caltrops","Footwork"],"campfire_rested":3,"item_purchase_floors":[20,20,22],"current_hp_per_floor":[70,70,70,70,70,70,47,47,47,47,47,39,39,39,60,47,70,64,48,48,33,33,6,27,15,15,15,36,19,4,0],"gold":165,"neow_bonus":"THREE_SMALL_POTIONS","is_prod":false,"is_daily":false,"chose_seed":false,"campfire_upgraded":2,"win_rate":0,"timestamp":1552258675,"path_taken":["M","M","?","?","?","R","E","R","T","M","M","E","?","$","R","BOSS","M","M","$","M","$","E","R","E","T","?","R","E","M","M"],"build_version":"2019-01-23","purchased_purges":3,"victory":false,"max_hp_per_floor":[70,70,70,70,70,70,70,70,70,70,70,70,70,70,70,70,70,70,70,70,70,70,70,70,70,70,70,70,84,84,84],"card_choices":[{"not_picked":["Deadly Poison","Acrobatics"],"picked":"Backstab","floor":1},{"not_picked":["Underhanded Strike","Concentrate"],"picked":"Flying Knee","floor":2},{"not_picked":["PiercingWail","Tools of the Trade"],"picked":"Poisoned Stab","floor":5},{"not_picked":["Grand Finale","Infinite Blades"],"picked":"Prepared","floor":7},{"not_picked":["Blade Dance","Flying Knee+1"],"picked":"Dagger Spray+1","floor":10},{"not_picked":["Riddle With Holes+1","Slice+1"],"picked":"Cloak And Dagger","floor":11},{"not_picked":["Flechettes+1","Underhanded Strike+1"],"picked":"After Image","floor":12},{"not_picked":["Bane+1","Reflex"],"picked":"Dagger Spray+1","floor":13},{"not_picked":["Endless Agony+1","Escape Plan+1"],"picked":"Cloak And Dagger+1","floor":18},{"not_picked":["Tactician","Choke+1","Blade Dance"],"picked":"SKIP","floor":19},{"not_picked":["Flying Knee+1","Poisoned Stab+1"],"picked":"Sucker Punch+1","floor":21},{"not_picked":["Cloak And Dagger","Phantasmal Killer"],"picked":"Deadly Poison","floor":23},{"not_picked":["Cloak And Dagger","All Out Attack+1","Poisoned Stab+1"],"picked":"SKIP","floor":25},{"not_picked":["Predator+1","Dagger Spray+1"],"picked":"Footwork+1","floor":29},{"not_picked":["Slice+1","Leg Sweep","Choke+1"],"picked":"SKIP","floor":30}],"player_experience":159337,"relics_obtained":[{"floor":7,"key":"Smiling Mask"},{"floor":9,"key":"Molten Egg 2"},{"floor":12,"key":"Snake Skull"},{"floor":23,"key":"Darkstone Periapt"},{"floor":25,"key":"War Paint"},{"floor":26,"key":"Matryoshka"},{"floor":29,"key":"Mango"}],"event_choices":[{"damage_healed":0,"gold_gain":0,"player_choice":"Ignored","damage_taken":0,"max_hp_gain":0,"max_hp_loss":0,"event_name":"Liars Game","floor":3,"gold_loss":0},{"damage_healed":0,"gold_gain":100,"player_choice":"Gold","damage_taken":0,"max_hp_gain":0,"max_hp_loss":0,"event_name":"Wheel of Change","floor":4,"gold_loss":0},{"cards_removed":["Strike_G"],"damage_healed":0,"gold_gain":0,"player_choice":"Gave Gold","damage_taken":0,"max_hp_gain":0,"max_hp_loss":0,"event_name":"Beggar","floor":27,"gold_loss":75}],"is_beta":false,"boss_relics":[{"not_picked":["Pandora\u0027s Box","Philosopher\u0027s Stone"],"picked":"WristBlade"}],"items_purged_floors":[14,20,22],"is_endless":false,"potions_floor_spawned":[1,5,11,12,18,23,25],"killed_by":"Snake Plant","ascension_level":2}