{"gold_per_floor":[211,227,244,254,10,40,40,65,65,97,144,144,144,179,179,323,323],"floor_reached":17,"playtime":949,"items_purged":[],"score":177,"play_id":"20344015-6641-40db-872e-44c13703d6fc","local_time":"20190108222118","is_ascension_mode":true,"campfire_choices":[{"data":"RefractionSpark","floor":7,"key":"SMITH"},{"floor":13,"key":"REST"},{"data":"EnergyFlow","floor":15,"key":"SMITH"}],"neow_cost":"NONE","seed_source_timestamp":25804347619509,"circlet_count":0,"master_deck":["MasterSpark","UpSweep","RefractionSpark+1","SprinkleStarSeal","6A","EnergyFlow+1","WitchOfGreed","GrandCross","ShootTheMoon","OrrerysSun","GalacticHalo","PropBag","FinalSpark"],"relics":["MiniHakkero","HandDrill","Oddly Smooth Stone","BreadOfAWashokuLover","Divine Protection","Golden Idol","Pandora\u0027s Box"],"potions_floor_usage":[4,6,16,16,16],"damage_taken":[{"damage":1,"enemies":"Cultist","floor":1,"turns":3},{"damage":5,"enemies":"2 Louse","floor":2,"turns":2},{"damage":6,"enemies":"Jaw Worm","floor":3,"turns":4},{"damage":0,"enemies":"Looter","floor":4,"turns":4},{"damage":15,"enemies":"3 Sentries","floor":6,"turns":6},{"damage":7,"enemies":"Large Slime","floor":8,"turns":6},{"damage":4,"enemies":"Blue Slaver","floor":10,"turns":4},{"damage":14,"enemies":"Lagavulin","floor":11,"turns":7},{"damage":0,"enemies":"2 Fungi Beasts","floor":14,"turns":4},{"damage":5,"enemies":"Hexaghost","floor":16,"turns":8}],"seed_played":"1823506807012065766","potions_obtained":[{"floor":2,"key":"Cursed Concoction"},{"floor":3,"key":"Energy Potion"},{"floor":8,"key":"Explosive Potion"},{"floor":8,"key":"Reflective Coating"},{"floor":11,"key":"Swift Potion"},{"floor":14,"key":"Adrenaline Potion"},{"floor":16,"key":"GamblersBrew"}],"is_trial":false,"path_per_floor":["M","M","M","M","$","E","R","M","T","M","E","?","R","M","R","B",null],"character_chosen":"MARISA","items_purchased":["HandDrill","WitchOfGreed"],"campfire_rested":1,"item_purchase_floors":[5,5],"current_hp_per_floor":[74,69,63,63,63,48,48,41,41,37,23,23,43,43,43,38,38],"gold":323,"neow_bonus":"HUNDRED_GOLD","is_prod":false,"is_daily":false,"chose_seed":false,"campfire_upgraded":2,"win_rate":0,"timestamp":1546993278,"path_taken":["M","M","M","M","$","E","R","M","T","M","E","?","R","M","R","BOSS"],"build_version":"2019-01-03v4","purchased_purges":0,"victory":false,"max_hp_per_floor":[75,75,75,75,75,75,75,75,75,75,75,69,69,69,69,69,69],"card_choices":[{"not_picked":["D6C","GrandCross"],"picked":"RefractionSpark","floor":1},{"not_picked":["GalacticHalo","ShootingEcho"],"picked":"SprinkleStarSeal","floor":2},{"not_picked":["UnstableBomb","SprinkleStarSeal","6A"],"picked":"SKIP","floor":3},{"not_picked":["UnstableBomb","SprinkleStarSeal"],"picked":"6A","floor":3},{"not_picked":["GalacticHalo","EventHorizon"],"picked":"EnergyFlow","floor":4},{"not_picked":["LuminesStrike","OpenUniverse"],"picked":"GrandCross","floor":6},{"not_picked":["FairyDestructionRay","Orbital"],"picked":"ShootTheMoon","floor":8},{"not_picked":["ShootingEcho","ShootTheMoon"],"picked":"OrrerysSun","floor":10},{"not_picked":["MysteriousBeam","WitchLeyline"],"picked":"GalacticHalo","floor":11},{"not_picked":["GalacticHalo","ShootTheMoon"],"picked":"PropBag","floor":14},{"not_picked":["JA","PolarisUnique"],"picked":"FinalSpark","floor":16}],"player_experience":723711,"relics_obtained":[{"floor":6,"key":"Oddly Smooth Stone"},{"floor":9,"key":"BreadOfAWashokuLover"},{"floor":11,"key":"Divine Protection"}],"event_choices":[{"damage_healed":0,"gold_gain":0,"player_choice":"Lose Max HP","damage_taken":0,"relics_obtained":["Golden Idol"],"max_hp_gain":0,"max_hp_loss":6,"event_name":"Golden Idol","floor":12,"gold_loss":0}],"is_beta":false,"boss_relics":[{"not_picked":["Kintsugi","Busted Crown"],"picked":"Pandora\u0027s Box"}],"items_purged_floors":[],"is_endless":false,"potions_floor_spawned":[2,3,8,14],"ascension_level":1}