{"gold_per_floor":[114,133,145,58,58,58,78,78,78,78,88,88,88,101,101,200,200,218,26,26,26,77,77,91,111,111,129,51,51,51,64,64,160,160,173,273,273,573,592,592,592,592,592,612,99,99,64,77,77,77],"floor_reached":51,"playtime":2622,"items_purged":["Strike_G","Writhe"],"score":773,"play_id":"9f3b1c2b-c819-4483-addd-09ad4d1bc3f7","local_time":"20190219225431","is_ascension_mode":true,"campfire_choices":[{"data":"Storm of Steel","floor":6,"key":"SMITH"},{"data":"Accuracy","floor":8,"key":"SMITH"},{"data":"Footwork","floor":13,"key":"SMITH"},{"floor":15,"key":"REST"},{"data":"Infinite Blades","floor":23,"key":"SMITH"},{"floor":32,"key":"REST"},{"data":"Infinite Blades","floor":40,"key":"SMITH"},{"data":"Finisher","floor":42,"key":"SMITH"},{"data":"Infinite Blades","floor":46,"key":"SMITH"},{"floor":49,"key":"REST"}],"neow_cost":"NONE","seed_source_timestamp":439315740655369,"circlet_count":0,"master_deck":["Defend_G","Defend_G","Defend_G","Survivor","Neutralize","Cloak And Dagger+1","Blade Dance","Storm of Steel+1","Blade Dance","Backstab","Accuracy+1","Footwork+1","Bullet Time","Finisher+1","Infinite Blades+1","Leg Sweep","Blur+1","Blade Dance+1","Dash","Infinite Blades+1","Infinite Blades+1","Malaise+1","Endless Agony+1","Flying Knee+1","Heel Hook+1","Terror+1","Dramatic Entrance","Accuracy+1","Cloak And Dagger+1","Infinite Blades+1","Impatience+1","Backstab"],"relics":["Ring of the Snake","Meat on the Bone","Empty Cage","Lantern","Toxic Egg 2","Blood Vial","Astrolabe","Unceasing Top","Vajra","Mercury Hourglass"],"potions_floor_usage":[27,50,50,50],"damage_taken":[{"damage":10,"enemies":"Cultist","floor":1,"turns":4},{"damage":6,"enemies":"2 Louse","floor":2,"turns":3},{"damage":0,"enemies":"Jaw Worm","floor":3,"turns":3},{"damage":9,"enemies":"2 Fungi Beasts","floor":7,"turns":3},{"damage":0,"enemies":"Exordium Thugs","floor":11,"turns":4},{"damage":6,"enemies":"Lots of Slimes","floor":14,"turns":3},{"damage":20,"enemies":"The Guardian","floor":16,"turns":17},{"damage":15,"enemies":"3 Byrds","floor":18,"turns":5},{"damage":11,"enemies":"Spheric Guardian","floor":24,"turns":3},{"damage":7,"enemies":"Centurion and Healer","floor":25,"turns":6},{"damage":25,"enemies":"Chosen and Byrds","floor":27,"turns":7},{"damage":2,"enemies":"Snecko","floor":31,"turns":5},{"damage":34,"enemies":"Automaton","floor":33,"turns":10},{"damage":38,"enemies":"3 Darklings","floor":35,"turns":5},{"damage":0,"enemies":"Mind Bloom Boss Battle","floor":36,"turns":5},{"damage":11,"enemies":"3 Shapes","floor":39,"turns":5},{"damage":11,"enemies":"Sphere and 2 Shapes","floor":44,"turns":4},{"damage":10,"enemies":"4 Shapes","floor":48,"turns":5},{"damage":56,"enemies":"Donu and Deca","floor":50,"turns":8}],"seed_played":"3421803561660665296","potions_obtained":[{"floor":2,"key":"AttackPotion"},{"floor":7,"key":"SpeedPotion"},{"floor":14,"key":"Weak Potion"},{"floor":39,"key":"Explosive Potion"}],"is_trial":false,"path_per_floor":["M","M","M","$","$","R","M","R","T","?","M","?","R","M","R","B",null,"M","$","?","$","T","R","M","M","T","M","$","?","?","M","R","B",null,"M","?","?","?","M","R","?","R","T","M","$","R","$","M","R","B",null],"character_chosen":"THE_SILENT","items_purchased":["Blade Dance","Backstab","Infinite Blades","Leg Sweep","Infinite Blades","Infinite Blades","Impatience+1","Mercury Hourglass","Backstab"],"campfire_rested":3,"item_purchase_floors":[4,4,19,19,28,45,45,45,47],"current_hp_per_floor":[60,54,54,54,54,54,45,45,45,45,45,45,45,39,60,40,70,55,55,55,55,55,55,44,37,37,24,24,24,24,36,57,37,70,44,46,46,46,37,37,37,37,37,40,40,40,40,44,65,23],"gold":77,"neow_bonus":"REMOVE_CARD","is_prod":false,"is_daily":false,"chose_seed":false,"campfire_upgraded":7,"win_rate":0,"timestamp":1550634871,"path_taken":["M","M","M","?","$","R","M","R","T","?","?","?","R","M","R","BOSS","M","$","?","$","?","R","M","?","T","M","?","?","?","?","R","BOSS","M","?","?","?","?","R","?","R","T","?","?","R","$","M","R","BOSS"],"build_version":"2019-01-23","purchased_purges":2,"victory":true,"max_hp_per_floor":[70,70,70,70,70,70,70,70,70,70,70,70,70,70,70,70,70,70,70,70,70,70,70,70,70,70,70,70,70,70,70,70,70,70,70,70,70,70,70,70,70,70,70,70,70,70,70,70,70,70],"card_choices":[{"not_picked":["Outmaneuver","Quick Slash"],"picked":"Cloak And Dagger","floor":1},{"not_picked":["Well Laid Plans","Sucker Punch"],"picked":"Blade Dance","floor":2},{"not_picked":["Heel Hook","Finisher"],"picked":"Storm of Steel","floor":3},{"not_picked":["Sucker Punch","Concentrate"],"picked":"Accuracy","floor":7},{"not_picked":["Dodge and Roll","Dagger Spray"],"picked":"Footwork","floor":11},{"not_picked":["Prepared","Masterful Stab","Slice"],"picked":"SKIP","floor":14},{"not_picked":["Grand Finale","Glass Knife"],"picked":"Bullet Time","floor":16},{"not_picked":["Escape Plan","Reflex+1"],"picked":"Finisher","floor":18},{"not_picked":["Outmaneuver+1","Flying Knee+1"],"picked":"Blur+1","floor":24},{"not_picked":["Outmaneuver","Expertise"],"picked":"Blade Dance+1","floor":25},{"not_picked":["Underhanded Strike","Acrobatics+1"],"picked":"Dash","floor":27},{"not_picked":["Underhanded Strike+1","Quick Slash"],"picked":"Infinite Blades","floor":31},{"not_picked":["Glass Knife","Tools of the Trade"],"picked":"Malaise+1","floor":33},{"not_picked":["Slice+1","Expertise+1"],"picked":"Terror+1","floor":35},{"not_picked":["Thinking Ahead+1","Enlightenment+1"],"picked":"Dramatic Entrance","floor":37},{"not_picked":["Poisoned Stab+1","Distraction+1"],"picked":"Accuracy+1","floor":39},{"not_picked":["Poisoned Stab+1","Terror+1"],"picked":"Cloak And Dagger+1","floor":44},{"not_picked":["Slice+1","Caltrops+1","Poisoned Stab"],"picked":"SKIP","floor":48}],"player_experience":1063681,"relics_obtained":[{"floor":9,"key":"Meat on the Bone"},{"floor":22,"key":"Lantern"},{"floor":26,"key":"Toxic Egg 2"},{"floor":36,"key":"Unceasing Top"},{"floor":43,"key":"Vajra"}],"event_choices":[{"damage_healed":0,"gold_gain":0,"player_choice":"Bought 0 Potions","damage_taken":0,"max_hp_gain":0,"max_hp_loss":0,"event_name":"The Woman in Blue","floor":10,"gold_loss":0},{"damage_healed":0,"gold_gain":0,"player_choice":"Grow","damage_taken":0,"max_hp_gain":0,"max_hp_loss":0,"event_name":"Living Wall","floor":12,"gold_loss":0,"cards_upgraded":["Cloak And Dagger"]},{"damage_healed":0,"gold_gain":0,"player_choice":"Ignored","damage_taken":0,"max_hp_gain":0,"max_hp_loss":0,"event_name":"NoteForYourself","floor":20,"gold_loss":0},{"damage_healed":0,"gold_gain":0,"player_choice":"Opened","damage_taken":0,"relics_obtained":["Blood Vial"],"max_hp_gain":0,"max_hp_loss":0,"event_name":"The Mausoleum","floor":30,"gold_loss":0,"cards_obtained":["Writhe"]},{"damage_healed":0,"gold_gain":0,"player_choice":"Fight","damage_taken":0,"max_hp_gain":0,"max_hp_loss":0,"event_name":"MindBloom","floor":36,"gold_loss":0},{"damage_healed":0,"gold_gain":0,"player_choice":"Memory 1","damage_taken":0,"max_hp_gain":0,"max_hp_loss":0,"event_name":"SensoryStone","floor":37,"gold_loss":0},{"damage_healed":0,"gold_gain":300,"player_choice":"Gold","damage_taken":0,"max_hp_gain":0,"max_hp_loss":0,"event_name":"Wheel of Change","floor":38,"gold_loss":0},{"damage_healed":0,"gold_gain":0,"player_choice":"Upgraded","damage_taken":0,"max_hp_gain":0,"max_hp_loss":0,"event_name":"Upgrade Shrine","floor":41,"gold_loss":0,"cards_upgraded":["Infinite Blades"]}],"is_beta":false,"boss_relics":[{"not_picked":["Black Star","Orrery"],"picked":"Empty Cage"},{"not_picked":["Lizard Tail","Fusion Hammer"],"picked":"Astrolabe"}],"items_purged_floors":[19,45],"is_endless":false,"potions_floor_spawned":[2,7,14,16,18,24,39],"ascension_level":3}