{"gold_per_floor":[365,365,381,394,73,73,90,116,140,140,152,152,175,20,20,20],"floor_reached":16,"playtime":648,"items_purged":[],"score":158,"play_id":"2404c002-688a-4fc7-a921-5a5192aeb808","local_time":"20190129112014","is_ascension_mode":true,"campfire_choices":[{"floor":6,"key":"REST"},{"floor":10,"key":"REST"},{"floor":15,"key":"REST"}],"neow_cost":"PERCENT_DAMAGE","seed_source_timestamp":876358781122285,"circlet_count":0,"master_deck":["AscendersBane","Strike_R","Strike_R","Strike_R+1","Strike_R+1","Strike_R","Defend_R","Defend_R","Defend_R","Defend_R","Bash","True Grit","Body Slam","Rampage","Dual Wield","Limit Break","Injury"],"relics":["Burning Blood","Singing Bowl","Whetstone","Golden Idol","Art of War"],"potions_floor_usage":[8,16,16],"damage_taken":[{"damage":11,"enemies":"Small Slimes","floor":1,"turns":5},{"damage":14,"enemies":"Jaw Worm","floor":3,"turns":5},{"damage":9,"enemies":"2 Louse","floor":4,"turns":4},{"damage":14,"enemies":"Large Slime","floor":7,"turns":11},{"damage":36,"enemies":"Lagavulin","floor":8,"turns":9},{"damage":22,"enemies":"Red Slaver","floor":11,"turns":5},{"damage":20,"enemies":"Exordium Wildlife","floor":13,"turns":4},{"damage":49,"enemies":"Slime Boss","floor":16,"turns":6}],"seed_played":"-3040648165524316598","potions_obtained":[{"floor":1,"key":"Strength Potion"},{"floor":3,"key":"Weak Potion"},{"floor":8,"key":"PowerPotion"}],"is_trial":false,"path_per_floor":["M","?","M","M","$","R","M","E","T","R","M","?","M","$","R","B"],"character_chosen":"IRONCLAD","items_purchased":["Rampage","Singing Bowl","Art of War"],"campfire_rested":3,"item_purchase_floors":[5,5,14],"current_hp_per_floor":[46,46,38,35,35,59,51,21,21,45,31,31,19,19,44,0],"gold":20,"neow_bonus":"TWO_FIFTY_GOLD","is_prod":false,"is_daily":false,"chose_seed":false,"campfire_upgraded":0,"win_rate":0,"timestamp":1548796814,"path_taken":["M","?","M","M","$","R","M","E","T","R","M","?","M","$","R","BOSS"],"build_version":"2019-01-23","purchased_purges":0,"victory":false,"max_hp_per_floor":[80,80,80,80,80,80,80,80,80,80,82,82,84,84,84,84],"card_choices":[{"not_picked":["Metallicize","Flex","Warcry"],"picked":"SKIP","floor":1},{"not_picked":["Infernal Blade","Clothesline"],"picked":"True Grit","floor":3},{"not_picked":["True Grit","Twin Strike"],"picked":"Body Slam","floor":4},{"not_picked":["Shockwave","True Grit"],"picked":"Dual Wield","floor":7},{"not_picked":["Shrug It Off","Clothesline"],"picked":"Limit Break","floor":8},{"not_picked":["Burning Pact","Flex","Dropkick"],"picked":"Singing Bowl","floor":11},{"not_picked":["Shockwave","Heavy Blade","Whirlwind"],"picked":"Singing Bowl","floor":13}],"player_experience":391718,"relics_obtained":[{"floor":8,"key":"Whetstone"}],"event_choices":[{"damage_healed":0,"gold_gain":0,"player_choice":"Ignored","damage_taken":0,"max_hp_gain":0,"max_hp_loss":0,"event_name":"Shining Light","floor":2,"gold_loss":0},{"damage_healed":0,"gold_gain":0,"player_choice":"Take Wound","damage_taken":0,"relics_obtained":["Golden Idol"],"max_hp_gain":0,"max_hp_loss":0,"event_name":"Golden Idol","floor":12,"gold_loss":0,"cards_obtained":["Injury"]}],"is_beta":false,"boss_relics":[],"items_purged_floors":[],"is_endless":false,"potions_floor_spawned":[1,3,8,13],"killed_by":"Slime Boss","ascension_level":11}