{"gold_per_floor":[115,190,190,205,205,239,258,258,285,285,210,233,252,252],"floor_reached":14,"playtime":354,"items_purged":["Injury"],"score":167,"play_id":"1afba9d0-9fa3-49ad-a9da-f0bb277e2251","local_time":"20190311153603","is_ascension_mode":true,"campfire_choices":[{"floor":8,"key":"REST"}],"neow_cost":"NONE","seed_source_timestamp":889466214116641,"circlet_count":0,"master_deck":["AscendersBane","Strike_R","Strike_R","Strike_R","Strike_R","Strike_R","Defend_R","Defend_R","Defend_R","Defend_R","Bash","Uppercut","Burning Pact"],"relics":["Burning Blood","Golden Idol","Orichalcum","Anchor","Juzu Bracelet"],"potions_floor_usage":[6,13],"damage_taken":[{"damage":16,"enemies":"Jaw Worm","floor":1,"turns":4},{"damage":2,"enemies":"2 Louse","floor":4,"turns":2},{"damage":30,"enemies":"Lagavulin","floor":6,"turns":6},{"damage":4,"enemies":"Small Slimes","floor":7,"turns":3},{"damage":3,"enemies":"Exordium Wildlife","floor":12,"turns":4},{"damage":65,"enemies":"Exordium Thugs","floor":13,"turns":7},{"damage":23,"enemies":"3 Sentries","floor":14,"turns":5}],"seed_played":"5163916918910930231","potions_obtained":[{"floor":1,"key":"SteroidPotion"},{"floor":7,"key":"Regen Potion"}],"is_trial":false,"path_per_floor":["M","?","$","M","?","E","M","R","T","?","$","M","M","E"],"character_chosen":"IRONCLAD","items_purchased":[],"campfire_rested":1,"item_purchase_floors":[],"current_hp_per_floor":[65,54,54,58,58,34,36,60,60,60,60,63,19,0],"gold":252,"neow_bonus":"TEN_PERCENT_HP_BONUS","is_prod":false,"is_daily":false,"chose_seed":false,"campfire_upgraded":0,"win_rate":0,"timestamp":1552354563,"path_taken":["M","?","$","M","?","E","M","R","T","?","$","M","M","E"],"build_version":"2019-01-23","purchased_purges":1,"victory":false,"max_hp_per_floor":[82,82,82,82,82,82,82,82,82,82,82,82,82,82],"card_choices":[{"not_picked":["Flex","Anger"],"picked":"Uppercut","floor":1},{"not_picked":["Heavy Blade","Pummel","True Grit"],"picked":"SKIP","floor":4},{"not_picked":["Cleave","Pommel Strike"],"picked":"Burning Pact","floor":6},{"not_picked":["Clothesline","Havoc","Pommel Strike"],"picked":"SKIP","floor":7},{"not_picked":["Body Slam","Cleave","Thunderclap"],"picked":"SKIP","floor":12},{"not_picked":["Cleave","Seeing Red","Sword Boomerang"],"picked":"SKIP","floor":13}],"player_experience":495326,"relics_obtained":[{"floor":6,"key":"Orichalcum"},{"floor":9,"key":"Anchor"}],"event_choices":[{"damage_healed":0,"gold_gain":75,"player_choice":"Gather Gold","damage_taken":11,"max_hp_gain":0,"max_hp_loss":0,"event_name":"World of Goop","floor":2,"gold_loss":0},{"damage_healed":0,"gold_gain":0,"player_choice":"Take Wound","damage_taken":0,"relics_obtained":["Golden Idol"],"max_hp_gain":0,"max_hp_loss":0,"event_name":"Golden Idol","floor":5,"gold_loss":0,"cards_obtained":["Injury"]},{"damage_healed":0,"gold_gain":0,"player_choice":"Searched \u00271\u0027 times","damage_taken":0,"relics_obtained":["Juzu Bracelet"],"max_hp_gain":0,"max_hp_loss":0,"event_name":"Dead Adventurer","floor":10,"gold_loss":0}],"is_beta":false,"boss_relics":[],"items_purged_floors":[11],"is_endless":false,"potions_floor_spawned":[1,7],"killed_by":"3 Sentries","ascension_level":17}