{"gold_per_floor":[119,137,155,174,174,174,200,200,281,292,42,58,77,77,77,77],"floor_reached":16,"playtime":2501,"items_purged":[],"score":208,"play_id":"91328c62-9041-4da3-98a7-2fcceca1a0de","local_time":"20190225105643","is_ascension_mode":true,"campfire_choices":[{"floor":6.0,"key":"REST"},{"data":"Genetic Algorithm","floor":8.0,"key":"SMITH"},{"floor":15,"key":"REST"}],"neow_cost":"NONE","seed_source_timestamp":0,"circlet_count":0,"master_deck":["AscendersBane","Strike_B","Strike_B","Strike_B","Strike_B","Defend_B","Defend_B","Defend_B","Defend_B","Zap","Dualcast+1","Sweeping Beam","Coolheaded","Ball Lightning","Leap","Genetic Algorithm+1","Go for the Eyes","Steam"],"special_seed":0,"relics":["Cracked Core","Omamori","WingedGreaves","Symbiotic Virus","PrismaticShard","Bag of Preparation"],"potions_floor_usage":[16],"damage_taken":[{"damage":12.0,"enemies":"Jaw Worm","floor":1.0,"turns":3.0},{"damage":8.0,"enemies":"Small Slimes","floor":2.0,"turns":2.0},{"damage":2.0,"enemies":"Cultist","floor":3.0,"turns":4.0},{"damage":7.0,"enemies":"Exordium Wildlife","floor":4.0,"turns":5.0},{"damage":17.0,"enemies":"Lagavulin","floor":7.0,"turns":6.0},{"damage":8.0,"enemies":"2 Fungi Beasts","floor":10.0,"turns":3.0},{"damage":2.0,"enemies":"Looter","floor":12.0,"turns":2.0},{"damage":1.0,"enemies":"Blue Slaver","floor":13.0,"turns":3.0},{"damage":52,"enemies":"Hexaghost","floor":16,"turns":12}],"seed_played":"6691422746109751858","potions_obtained":[{"floor":1.0,"key":"Poison Potion"},{"floor":3.0,"key":"Weak Potion"},{"floor":7.0,"key":"SpeedPotion"},{"floor":10.0,"key":"SteroidPotion"}],"is_trial":false,"path_per_floor":["M","M","M","M","?","R","E","R","T","M","$","M","M","?","R","B"],"character_chosen":"DEFECT","items_purchased":["PrismaticShard","Go for the Eyes"],"campfire_rested":2,"item_purchase_floors":[11,11],"current_hp_per_floor":[52,44,42,35,35,56,39,39,39,31,31,29,28,28,49,0],"gold":77,"neow_bonus":"RANDOM_COMMON_RELIC","is_prod":false,"is_daily":false,"chose_seed":false,"campfire_upgraded":1,"win_rate":0,"timestamp":1551113803,"path_taken":["M","M","M","M","?","R","E","R","T","M","$","M","M","?","R","BOSS"],"build_version":"2019-01-23","purchased_purges":0,"victory":false,"max_hp_per_floor":[71,71,71,71,71,71,71,71,71,71,71,71,71,71,71,71],"card_choices":[{"not_picked":["Gash","Stack"],"picked":"Sweeping Beam","floor":1.0},{"not_picked":["Hello World","Go for the Eyes"],"picked":"Coolheaded","floor":2.0},{"not_picked":["Compile Driver","Go for the Eyes"],"picked":"Ball Lightning","floor":3.0},{"not_picked":["Hologram","Go for the Eyes"],"picked":"Leap","floor":4.0},{"not_picked":["Recycle","Undo"],"picked":"Genetic Algorithm","floor":7.0},{"not_picked":["Recycle","Heatsinks","Hologram"],"picked":"SKIP","floor":10.0},{"not_picked":["Beam Cell","Hemokinesis","Clothesline"],"picked":"SKIP","floor":12.0},{"not_picked":["Turbo","Clothesline"],"picked":"Steam","floor":13.0}],"player_experience":304713,"relics_obtained":[{"floor":7.0,"key":"WingedGreaves"},{"floor":9.0,"key":"Symbiotic Virus"}],"event_choices":[{"damage_healed":0.0,"max_hp_gain":0.0,"max_hp_loss":0.0,"gold_gain":0.0,"event_name":"Living Wall","player_choice":"Grow","floor":5.0,"gold_loss":0.0,"damage_taken":0.0,"cards_upgraded":["Dualcast"]},{"damage_healed":0.0,"max_hp_gain":0.0,"max_hp_loss":0.0,"gold_gain":0.0,"event_name":"Big Fish","player_choice":"Box","floor":14.0,"gold_loss":0.0,"damage_taken":0.0,"relics_obtained":["Bag of Preparation"],"cards_obtained":["Regret"]}],"is_beta":false,"boss_relics":[],"items_purged_floors":[],"is_endless":false,"potions_floor_spawned":[1,3,7,10,13],"killed_by":"Hexaghost","ascension_level":20}