{"gold_per_floor":[116,116,130,148,98,98,129,140,167,167,181,181,356,366,366,467,517,531,406,406,406,37,69,69,81,81,95,95,114,126,126],"floor_reached":31,"playtime":1334,"items_purged":["Doubt","Strike_B"],"score":257,"play_id":"aefe0639-3ec6-4e94-ae05-fb430b292d84","local_time":"20190214160858","is_ascension_mode":false,"campfire_choices":[{"floor":6,"key":"RECALL"},{"floor":10,"key":"REST"},{"floor":12,"key":"REST"},{"floor":15,"key":"REST"},{"floor":24,"key":"REST"}],"neow_cost":"NONE","seed_source_timestamp":114019373103679,"circlet_count":0,"master_deck":["Strike_B+1","Defend_B","Defend_B","Defend_B","Defend_B","Zap","Dualcast","Hologram","White Noise","Auto Shields","Echo Form","Ball Lightning","Gash","Thunder Strike","Hologram","Recycle","Lockon","Consume+1","BootSequence+1","White Noise+1","Beam Cell+1","Leap+1"],"relics":["Cracked Core","Anchor","Smiling Mask","Tiny House","Enchiridion","Toxic Egg 2","Bottled Tornado","Bag of Marbles","Molten Egg 2"],"potions_floor_usage":[16,16,17,18,23,30,31,31],"damage_taken":[{"damage":1,"enemies":"Cultist","floor":1,"turns":3},{"damage":0,"enemies":"2 Louse","floor":3,"turns":2},{"damage":3,"enemies":"Small Slimes","floor":4,"turns":4},{"damage":47,"enemies":"3 Sentries","floor":7,"turns":10},{"damage":10,"enemies":"3 Louse","floor":8,"turns":3},{"damage":10,"enemies":"Exordium Thugs","floor":11,"turns":5},{"damage":2,"enemies":"2 Fungi Beasts","floor":14,"turns":3},{"damage":31,"enemies":"The Guardian","floor":16,"turns":12},{"damage":0,"enemies":"Shell Parasite","floor":18,"turns":5},{"damage":24,"enemies":"Gremlin Leader","floor":23,"turns":6},{"damage":0,"enemies":"Chosen","floor":25,"turns":5},{"damage":6,"enemies":"Centurion and Healer","floor":27,"turns":5},{"damage":30,"enemies":"Snecko","floor":29,"turns":5},{"damage":30,"enemies":"Shelled Parasite and Fungi","floor":30,"turns":6},{"damage":7,"enemies":"Snake Plant","floor":31,"turns":3}],"seed_played":"-1971984492894024330","potions_obtained":[{"floor":3,"key":"Swift Potion"},{"floor":4,"key":"SpeedPotion"},{"floor":7,"key":"Ancient Potion"},{"floor":8,"key":"PowerPotion"},{"floor":16,"key":"SkillPotion"},{"floor":17,"key":"Fruit Juice"},{"floor":18,"key":"Strength Potion"},{"floor":23,"key":"GamblersBrew"},{"floor":27,"key":"Swift Potion"},{"floor":30,"key":"Energy Potion"}],"is_trial":false,"path_per_floor":["M","?","M","M","?","R","E","M","T","R","M","R","?","M","R","B",null,"M","$","?","T","$","E","R","M","T","M","?","M","M","M"],"character_chosen":"DEFECT","items_purchased":["Lockon","Bottled Tornado","Consume+1"],"campfire_rested":4,"item_purchase_floors":[19,22,22],"current_hp_per_floor":[74,67,67,64,64,64,17,7,7,29,19,41,41,39,61,30,85,85,85,69,69,69,45,70,70,70,64,64,34,4,0],"gold":126,"neow_bonus":"RANDOM_COMMON_RELIC","is_prod":false,"is_daily":false,"chose_seed":false,"campfire_upgraded":0,"win_rate":0,"timestamp":1550196538,"path_taken":["M","?","M","M","?","R","E","M","T","R","M","R","?","M","R","BOSS","M","$","?","?","$","E","R","M","T","M","?","M","M","M"],"build_version":"2019-01-23","purchased_purges":2,"victory":false,"max_hp_per_floor":[75,75,75,75,75,75,75,75,75,75,75,75,75,75,75,75,85,85,85,85,85,85,85,85,85,85,85,85,85,85,85],"card_choices":[{"not_picked":["Leap","Lockon"],"picked":"Hologram","floor":1},{"not_picked":["Go for the Eyes","Hologram"],"picked":"White Noise","floor":3},{"not_picked":["Blizzard","Tempest"],"picked":"Auto Shields","floor":4},{"not_picked":["Gash","Beam Cell"],"picked":"Echo Form","floor":7},{"not_picked":["Chill","Turbo"],"picked":"Ball Lightning","floor":8},{"not_picked":["Stack","Rebound"],"picked":"Gash","floor":11},{"not_picked":["Doom and Gloom","Blizzard","Static Discharge"],"picked":"SKIP","floor":14},{"not_picked":["Echo Form","Hyperbeam"],"picked":"Thunder Strike","floor":16},{"not_picked":["Redo","Sweeping Beam"],"picked":"Hologram","floor":17},{"not_picked":["Turbo","Cold Snap"],"picked":"Recycle","floor":18},{"not_picked":["Beam Cell","Leap+1"],"picked":"BootSequence+1","floor":23},{"not_picked":["Compile Driver","Auto Shields+1"],"picked":"White Noise+1","floor":25},{"not_picked":["Reprogram+1","Cold Snap+1","Barrage+1"],"picked":"SKIP","floor":27},{"not_picked":["Hyperbeam+1","Ball Lightning+1"],"picked":"Beam Cell+1","floor":29},{"not_picked":["Heatsinks+1","Gash+1"],"picked":"Leap+1","floor":30}],"player_experience":434225,"relics_obtained":[{"floor":7,"key":"Smiling Mask"},{"floor":20,"key":"Enchiridion"},{"floor":21,"key":"Toxic Egg 2"},{"floor":23,"key":"Bag of Marbles"},{"floor":26,"key":"Molten Egg 2"}],"event_choices":[{"cards_removed":["Strike_B"],"damage_healed":0,"gold_gain":0,"player_choice":"Card Removal","damage_taken":7,"max_hp_gain":0,"max_hp_loss":0,"event_name":"Golden Wing","floor":2,"gold_loss":0},{"cards_removed":["Strike_B"],"damage_healed":0,"gold_gain":0,"player_choice":"Card Removal","damage_taken":0,"max_hp_gain":0,"max_hp_loss":0,"event_name":"The Cleric","floor":5,"gold_loss":50},{"damage_healed":0,"gold_gain":175,"player_choice":"AGREE","damage_taken":0,"max_hp_gain":0,"max_hp_loss":0,"event_name":"Liars Game","floor":13,"gold_loss":0,"cards_obtained":["Doubt"]},{"damage_healed":0,"gold_gain":0,"player_choice":"Obtained Book","damage_taken":16,"max_hp_gain":0,"max_hp_loss":0,"event_name":"Cursed Tome","floor":20,"gold_loss":0},{"damage_healed":0,"gold_gain":0,"player_choice":"Ignored","damage_taken":0,"max_hp_gain":0,"max_hp_loss":0,"event_name":"Ghosts","floor":28,"gold_loss":0}],"is_beta":false,"boss_relics":[{"not_picked":["Inserter","Busted Crown"],"picked":"Tiny House"}],"items_purged_floors":[19,22],"is_endless":false,"potions_floor_spawned":[3,4,7,8,16,18,23,27,30],"killed_by":"Snake Plant","ascension_level":0}