{"gold_per_floor":[112,112,129,129,140,140,11,11,311,327,338,349,349,379,379,477,477,493,264,274,301,301],"floor_reached":22,"playtime":1100,"items_purged":[],"score":288,"play_id":"7444461a-3ab8-4e48-8061-beb267b1d9c4","local_time":"20190206191711","is_ascension_mode":true,"campfire_choices":[{"data":"Cloak And Dagger","floor":6,"key":"SMITH"},{"floor":15,"key":"REST"}],"neow_cost":"PERCENT_DAMAGE","seed_source_timestamp":143172980473333,"circlet_count":0,"master_deck":["AscendersBane","Defend_G","Defend_G","Defend_G","Strike_G","Strike_G","Strike_G","Survivor","Neutralize+1","Blur","Cloak And Dagger+1","Well Laid Plans","Footwork","Flying Knee","Quick Slash","All Out Attack","Prepared","Bouncing Flask","Malaise","Flechettes+1","Heel Hook+1","Malaise+1","Accuracy+1","Noxious Fumes"],"relics":["Ring of the Snake","Ginger","Orichalcum","Old Coin","Happy Flower","Astrolabe","Vajra","Red Mask"],"potions_floor_usage":[16,21,21],"damage_taken":[{"damage":0,"enemies":"Small Slimes","floor":1,"turns":4},{"damage":0,"enemies":"2 Louse","floor":3,"turns":4},{"damage":2,"enemies":"Jaw Worm","floor":5,"turns":6},{"damage":2,"enemies":"Blue Slaver","floor":10,"turns":4},{"damage":1,"enemies":"Looter","floor":11,"turns":4},{"damage":18,"enemies":"3 Louse","floor":12,"turns":3},{"damage":8,"enemies":"Lagavulin","floor":14,"turns":9},{"damage":9,"enemies":"Slime Boss","floor":16,"turns":12},{"damage":0,"enemies":"Chosen","floor":18,"turns":6},{"damage":32,"enemies":"2 Thieves","floor":20,"turns":4},{"damage":25,"enemies":"Masked Bandits","floor":21,"turns":5},{"damage":5,"enemies":"Snake Plant","floor":22,"turns":2}],"seed_played":"-3093617171187144176","potions_obtained":[{"floor":3,"key":"Poison Potion"},{"floor":5,"key":"Dexterity Potion"},{"floor":18,"key":"Fire Potion"}],"is_trial":false,"path_per_floor":["M","?","M","?","M","R","$","?","T","M","M","M","?","E","R","B",null,"M","$","M","?","M"],"character_chosen":"THE_SILENT","items_purchased":["Footwork","Flying Knee","Noxious Fumes","Vajra"],"campfire_rested":1,"item_purchase_floors":[7,7,19,19],"current_hp_per_floor":[45,50,50,43,41,41,41,38,38,36,35,17,17,9,31,22,62,62,62,30,5,0],"gold":301,"neow_bonus":"ONE_RARE_RELIC","is_prod":false,"is_daily":false,"chose_seed":false,"campfire_upgraded":1,"win_rate":0,"timestamp":1549498631,"path_taken":["M","?","M","?","M","R","$","?","T","?","M","M","?","E","R","BOSS","M","$","M","?","M"],"build_version":"2019-01-23","purchased_purges":0,"victory":false,"max_hp_per_floor":[70,75,75,75,75,75,75,75,75,75,75,75,75,75,75,75,75,75,75,75,75,75],"card_choices":[{"not_picked":["Backflip","Slice"],"picked":"Blur","floor":1},{"not_picked":["Skewer","Setup"],"picked":"Cloak And Dagger","floor":3},{"not_picked":["Dodge and Roll","Outmaneuver"],"picked":"Well Laid Plans","floor":5},{"not_picked":["Acrobatics","Eviscerate"],"picked":"Quick Slash","floor":10},{"not_picked":["Backflip","Flying Knee"],"picked":"All Out Attack","floor":11},{"not_picked":["Bane","Outmaneuver"],"picked":"Prepared","floor":12},{"not_picked":["Deadly Poison","Flying Knee"],"picked":"Bouncing Flask","floor":14},{"not_picked":["Night Terror","Tools of the Trade"],"picked":"Malaise","floor":16},{"not_picked":["Tactician+1","PiercingWail"],"picked":"Accuracy+1","floor":18},{"not_picked":["Flechettes","Prepared","Bane+1"],"picked":"SKIP","floor":20}],"player_experience":586170,"relics_obtained":[{"floor":9,"key":"Old Coin"},{"floor":14,"key":"Happy Flower"},{"floor":21,"key":"Red Mask"}],"event_choices":[{"damage_healed":0,"gold_gain":0,"player_choice":"Donut","damage_taken":0,"max_hp_gain":5,"max_hp_loss":0,"event_name":"Big Fish","floor":2,"gold_loss":0},{"cards_removed":["Defend_G"],"damage_healed":0,"gold_gain":0,"player_choice":"Card Removal","damage_taken":7,"max_hp_gain":0,"max_hp_loss":0,"event_name":"Golden Wing","floor":4,"gold_loss":0},{"damage_healed":0,"gold_gain":0,"player_choice":"Success","damage_taken":3,"relics_obtained":["Orichalcum"],"max_hp_gain":0,"max_hp_loss":0,"event_name":"Scrap Ooze","floor":8,"gold_loss":0},{"damage_healed":0,"gold_gain":0,"player_choice":"Grow","damage_taken":0,"max_hp_gain":0,"max_hp_loss":0,"event_name":"Living Wall","floor":13,"gold_loss":0,"cards_upgraded":["Neutralize"]},{"damage_healed":0,"gold_gain":0,"player_choice":"Fought Bandits","damage_taken":0,"max_hp_gain":0,"max_hp_loss":0,"event_name":"Masked Bandits","floor":21,"gold_loss":0}],"is_beta":true,"boss_relics":[{"not_picked":["Coffee Dripper","Fusion Hammer"],"picked":"Astrolabe"}],"items_purged_floors":[],"is_endless":false,"potions_floor_spawned":[3,5,11,12,18],"killed_by":"Snake Plant","ascension_level":11}