{"gold_per_floor":[365,365,365,417,417,417,446,460,460,175,188,188,222,238,238,343,343,361,374,392,392,78,78,96,96,96,96,126,142,174,174,174,278,278,292,312,63,81,0,13,28,28,28,28,54,71,84,112,112,112,112,112,77,108,108],"floor_reached":55,"playtime":2296,"items_purged":["Parasite"],"score":782,"play_id":"d93304c7-db68-49c3-b15f-1450eb0624d1","local_time":"20181201164556","is_ascension_mode":false,"campfire_choices":[{"floor":6.0,"key":"REST"},{"data":"Armaments","floor":12.0,"key":"SMITH"},{"data":"Demon Form","floor":15.0,"key":"SMITH"},{"floor":23.0,"key":"RECALL"},{"floor":27.0,"key":"REST"},{"floor":32.0,"key":"REST"},{"floor":42.0,"key":"REST"},{"floor":44.0,"key":"REST"},{"floor":49.0,"key":"REST"},{"floor":52.0,"key":"REST"}],"neow_cost":"CURSE","seed_source_timestamp":618714675577971,"circlet_count":0,"master_deck":["Strike_R","Strike_R","Strike_R","Defend_R+1","Defend_R","Defend_R","Defend_R+1","Bash","Cleave","Demon Form+1","Pummel","Fiend Fire","Armaments+1","Uppercut","Offering","Pommel Strike+1","Shrug It Off+1","Whirlwind+1","True Grit+1","Pommel Strike+1","Offering","Apotheosis","Exhume","Flash of Steel","Shockwave+1","Pummel","Feel No Pain","Whirlwind+1"],"special_seed":0,"relics":["Burning Blood","Bag of Marbles","Pear","PreservedInsect","Regal Pillow","Fusion Hammer","Kunai","Thread and Needle","Enchiridion","Boot","Blue Candle","Velvet Choker","Question Card","Bottled Tornado","Vajra","Mummified Hand"],"potions_floor_usage":[54,55],"damage_taken":[{"damage":8.0,"enemies":"Jaw Worm","floor":1.0,"turns":5.0},{"damage":20.0,"enemies":"Lagavulin","floor":7.0,"turns":5.0},{"damage":3.0,"enemies":"Small Slimes","floor":8.0,"turns":3.0},{"damage":0.0,"enemies":"2 Louse","floor":11.0,"turns":1.0},{"damage":6.0,"enemies":"3 Sentries","floor":13.0,"turns":5.0},{"damage":7.0,"enemies":"Blue Slaver","floor":14.0,"turns":3.0},{"damage":53.0,"enemies":"The Guardian","floor":16.0,"turns":7.0},{"damage":7.0,"enemies":"2 Thieves","floor":18.0,"turns":3.0},{"damage":1.0,"enemies":"Chosen","floor":19.0,"turns":4.0},{"damage":10.0,"enemies":"Snecko","floor":20.0,"turns":3.0},{"damage":14.0,"enemies":"Snake Plant","floor":24.0,"turns":3.0},{"damage":24.0,"enemies":"Gremlin Leader","floor":28.0,"turns":3.0},{"damage":6.0,"enemies":"Centurion and Healer","floor":29.0,"turns":3.0},{"damage":14.0,"enemies":"Book of Stabbing","floor":30.0,"turns":4.0},{"damage":14.0,"enemies":"Champ","floor":33.0,"turns":5.0},{"damage":8.0,"enemies":"3 Shapes","floor":35.0,"turns":5.0},{"damage":25.0,"enemies":"3 Darklings","floor":36.0,"turns":5.0},{"damage":13.0,"enemies":"Transient","floor":38.0,"turns":5.0},{"damage":10.0,"enemies":"Spire Growth","floor":40.0,"turns":4.0},{"damage":12.0,"enemies":"Writhing Mass","floor":41.0,"turns":5.0},{"damage":18.0,"enemies":"Nemesis","floor":45.0,"turns":3.0},{"damage":12.0,"enemies":"Jaw Worm Horde","floor":46.0,"turns":3.0},{"damage":0.0,"enemies":"4 Shapes","floor":47.0,"turns":1.0},{"damage":20.0,"enemies":"Reptomancer","floor":48.0,"turns":4.0},{"damage":48.0,"enemies":"Time Eater","floor":50.0,"turns":8.0},{"damage":50,"enemies":"Shield and Spear","floor":54,"turns":4},{"damage":72,"enemies":"The Heart","floor":55,"turns":3}],"seed_played":"-5970790117611783155","potions_obtained":[{"floor":1.0,"key":"Regen Potion"},{"floor":11.0,"key":"Strength Potion"},{"floor":13.0,"key":"SteroidPotion"},{"floor":20.0,"key":"Strength Potion"},{"floor":28.0,"key":"Weak Potion"},{"floor":30.0,"key":"Fruit Juice"},{"floor":33.0,"key":"Block Potion"},{"floor":54,"key":"EssenceOfSteel"}],"is_trial":false,"path_per_floor":["M","?","?","T","?","R","E","M","M","T","$","M","R","E","M","R","B",null,"M","M","M","?","$","R","M","?","T","R","E","M","E","?","R","B",null,"M","M","$","M","$","M","M","R","T","R","E","M","M","E","R","B",null,"R","$","E","B"],"character_chosen":"IRONCLAD","items_purchased":["Fiend Fire","Armaments","Thread and Needle","Apotheosis","Exhume","Flash of Steel","Feel No Pain"],"campfire_rested":7,"item_purchase_floors":[10,10,22,37,37,39,53],"current_hp_per_floor":[78,78,78,78,62,80,76,79,79,79,85,85,85,84,84,37,87,86,87,83,83,83,83,75,59,59,87,69,69,66,66,92,84,92,90,71,71,64,64,60,54,92,92,92,80,74,80,66,92,50,92,92,92,57,0],"gold":108,"neow_bonus":"TWO_FIFTY_GOLD","is_prod":false,"is_daily":false,"chose_seed":false,"campfire_upgraded":2,"win_rate":0,"timestamp":1543700756,"path_taken":["M","?","?","?","?","R","E","M","T","$","?","R","E","M","R","BOSS","M","M","M","?","$","R","M","?","T","R","E","M","E","?","R","BOSS","M","?","$","M","$","M","M","R","T","R","E","?","M","E","R","BOSS","R","$","E","BOSS"],"build_version":"2018-11-15","purchased_purges":1,"victory":false,"max_hp_per_floor":[80,80,80,80,80,80,90,90,90,87,87,87,87,87,87,87,87,87,87,87,87,87,87,87,87,87,87,87,87,92,92,92,92,92,92,92,92,92,92,92,92,92,92,92,92,92,92,92,92,92,92,92,92,92,92],"card_choices":[{"not_picked":["Warcry","Havoc"],"picked":"Cleave","floor":1.0},{"not_picked":["Anger","Perfected Strike","Ghostly Armor"],"picked":"SKIP","floor":7.0},{"not_picked":["Iron Wave","Shrug It Off"],"picked":"Pummel","floor":8.0},{"not_picked":["True Grit","Pommel Strike","Impervious"],"picked":"SKIP","floor":11.0},{"not_picked":["Flex","Warcry","Headbutt"],"picked":"SKIP","floor":13.0},{"not_picked":["Clash","Flex"],"picked":"Uppercut","floor":14.0},{"not_picked":["Reaper","Barricade"],"picked":"Offering","floor":16.0},{"not_picked":["Havoc","Armaments","Combust"],"picked":"SKIP","floor":18.0},{"not_picked":["Wild Strike","Barricade"],"picked":"Pommel Strike+1","floor":19.0},{"not_picked":["Feel No Pain+1","Headbutt"],"picked":"Shrug It Off+1","floor":20.0},{"not_picked":["Twin Strike+1","Uppercut"],"picked":"Whirlwind+1","floor":24.0},{"not_picked":["Havoc+1","Twin Strike"],"picked":"True Grit+1","floor":28.0},{"not_picked":["Sever Soul","Headbutt","Flex"],"picked":"SKIP","floor":29.0},{"not_picked":["Berserk","True Grit"],"picked":"Pommel Strike+1","floor":30.0},{"not_picked":["Impervious","Berserk"],"picked":"Offering","floor":33.0},{"not_picked":["Shrug It Off","Infernal Blade+1","Rage+1"],"picked":"SKIP","floor":35.0},{"not_picked":["Burning Pact+1","Searing Blow","Twin Strike+1"],"picked":"SKIP","floor":36.0},{"not_picked":["Sword Boomerang","Entrench+1","Ghostly Armor"],"picked":"SKIP","floor":38.0},{"not_picked":["Warcry","Thunderclap"],"picked":"Shockwave+1","floor":40.0},{"not_picked":["Entrench","Clothesline+1","Armaments"],"picked":"SKIP","floor":41.0},{"not_picked":["Armaments","Burning Pact+1","Shrug It Off","Feel No Pain"],"picked":"SKIP","floor":45.0},{"not_picked":["Armaments","Infernal Blade","Flex+1"],"picked":"Pummel","floor":46.0},{"not_picked":["Impervious","Havoc+1","Evolve","Iron Wave"],"picked":"SKIP","floor":47.0},{"not_picked":["Dual Wield+1","Twin Strike","Whirlwind","Thunderclap+1"],"picked":"SKIP","floor":48.0},{"not_picked":["Seeing Red+1","Searing Blow","Pommel Strike+1"],"picked":"Whirlwind+1","floor":54}],"player_experience":127117,"relics_obtained":[{"floor":4.0,"key":"Bag of Marbles"},{"floor":7.0,"key":"Pear"},{"floor":9.0,"key":"PreservedInsect"},{"floor":13.0,"key":"Regal Pillow"},{"floor":25.0,"key":"Enchiridion"},{"floor":28.0,"key":"Boot"},{"floor":30.0,"key":"Blue Candle"},{"floor":43.0,"key":"Question Card"},{"floor":45.0,"key":"Bottled Tornado"},{"floor":48.0,"key":"Vajra"},{"floor":54,"key":"Mummified Hand"}],"event_choices":[{"damage_healed":0.0,"max_hp_gain":0.0,"max_hp_loss":0.0,"gold_gain":0.0,"cards_transformed":["Strike_R"],"event_name":"Living Wall","player_choice":"Change","floor":2.0,"gold_loss":0.0,"damage_taken":0.0,"cards_obtained":["Demon Form"]},{"damage_healed":0.0,"max_hp_gain":0.0,"max_hp_loss":0.0,"gold_gain":0.0,"event_name":"Liars Game","player_choice":"Ignored","floor":3.0,"gold_loss":0.0,"damage_taken":0.0},{"damage_healed":0.0,"max_hp_gain":0.0,"max_hp_loss":0.0,"gold_gain":0.0,"event_name":"Shining Light","player_choice":"Entered Light","floor":5.0,"gold_loss":0.0,"damage_taken":16.0,"cards_upgraded":["Defend_R","Defend_R"]},{"damage_healed":0.0,"max_hp_gain":0.0,"max_hp_loss":0.0,"gold_gain":0.0,"event_name":"The Mausoleum","player_choice":"Opened","floor":21.0,"gold_loss":0.0,"damage_taken":0.0,"relics_obtained":["Kunai"]},{"damage_healed":0.0,"max_hp_gain":0.0,"max_hp_loss":0.0,"gold_gain":0.0,"event_name":"Cursed Tome","player_choice":"Obtained Book","floor":25.0,"gold_loss":0.0,"damage_taken":16.0},{"cards_removed":["Strike_R"],"damage_healed":0.0,"max_hp_gain":0.0,"max_hp_loss":0.0,"gold_gain":0.0,"event_name":"Purifier","player_choice":"Purged","floor":31.0,"gold_loss":0.0,"damage_taken":0.0}],"is_beta":false,"boss_relics":[{"not_picked":["Busted Crown","Orrery"],"picked":"Fusion Hammer"},{"not_picked":["Runic Cube","Cursed Key"],"picked":"Velvet Choker"}],"items_purged_floors":[10],"is_endless":false,"potions_floor_spawned":[1,11,13,20,24,28,30,33,35,36,45,46,47,54],"killed_by":"The Heart","ascension_level":0}