{"gold_per_floor":[116,191,191,207,46,77,77,141,141,141,159,159,175,188,188,262,262,272,251,151,151,151,151,26,26,26,38,38,38,73,93,93,170,170,182,182,182,182,195,195,12,22,99,99,99],"floor_reached":45,"playtime":1408,"items_purged":["Strike_G","Strike_G","Strike_G"],"score":905,"play_id":"e859a71a-7d2a-4542-ab52-5082fd14a74e","local_time":"20190311165922","is_ascension_mode":true,"campfire_choices":[{"data":"Noxious Fumes","floor":7.0,"key":"SMITH"},{"data":"Deadly Poison","floor":10.0,"key":"SMITH"},{"data":"Burst","floor":12.0,"key":"SMITH"},{"floor":15.0,"key":"REST"},{"data":"Adrenaline","floor":23.0,"key":"SMITH"},{"data":"Leg Sweep","floor":25.0,"key":"SMITH"},{"data":"Crippling Poison","floor":29.0,"key":"SMITH"},{"floor":32.0,"key":"REST"},{"data":"Night Terror","floor":40.0,"key":"SMITH"}],"neow_cost":"NONE","seed_source_timestamp":429106557180739,"circlet_count":0,"master_deck":["AscendersBane","Defend_G","Defend_G","Defend_G","Defend_G","Defend_G","Strike_G","Strike_G","Survivor","Neutralize","Deadly Poison+1","Noxious Fumes+1","Burst+1","Crippling Poison+1","Leg Sweep+1","Adrenaline+1","PiercingWail","Crippling Poison","Backflip","Night Terror+1","Madness","Madness","Sadistic Nature"],"special_seed":0,"relics":["Ring of the Snake","NeowsBlessing","Blue Candle","Strawberry","Tiny Chest","Bottled Tornado","Busted Crown","Meat on the Bone","Bronze Scales","Philosopher\u0027s Stone","Toxic Egg 2","Regal Pillow"],"potions_floor_usage":[],"damage_taken":[{"damage":0.0,"enemies":"Cultist","floor":1.0,"turns":1.0},{"damage":0.0,"enemies":"Jaw Worm","floor":4.0,"turns":1.0},{"damage":0.0,"enemies":"Lagavulin","floor":6.0,"turns":2.0},{"damage":26.0,"enemies":"3 Sentries","floor":8.0,"turns":7.0},{"damage":0.0,"enemies":"2 Louse","floor":11.0,"turns":3.0},{"damage":8.0,"enemies":"Exordium Wildlife","floor":13.0,"turns":4.0},{"damage":4.0,"enemies":"Blue Slaver","floor":14.0,"turns":4.0},{"damage":11.0,"enemies":"The Guardian","floor":16.0,"turns":9.0},{"damage":0.0,"enemies":"Spheric Guardian","floor":18.0,"turns":3.0},{"damage":0.0,"enemies":"2 Thieves","floor":19.0,"turns":4.0},{"damage":5.0,"enemies":"Centurion and Healer","floor":27.0,"turns":6.0},{"damage":23.0,"enemies":"Gremlin Leader","floor":30.0,"turns":6.0},{"damage":0.0,"enemies":"Snake Plant","floor":31.0,"turns":4.0},{"damage":59.0,"enemies":"Automaton","floor":33.0,"turns":11.0},{"damage":7.0,"enemies":"3 Shapes","floor":35.0,"turns":4.0},{"damage":16.0,"enemies":"Orb Walker","floor":39.0,"turns":5.0},{"damage":30,"enemies":"Spire Growth","floor":42,"turns":6},{"damage":25,"enemies":"Maw","floor":45,"turns":6}],"seed_played":"-2061619597815894632","potions_obtained":[{"floor":6.0,"key":"SpeedPotion"},{"floor":11.0,"key":"LiquidBronze"},{"floor":13.0,"key":"SneckoOil"},{"floor":16.0,"key":"Dexterity Potion"},{"floor":19.0,"key":"FearPotion"},{"floor":31.0,"key":"Fruit Juice"},{"floor":39.0,"key":"Poison Potion"}],"is_trial":false,"path_per_floor":["M","?","?","M","$","E","R","E","T","R","M","R","M","M","R","B",null,"M","M","$","?","?","R","$","R","T","M","?","R","E","M","R","B",null,"M","?","$","?","M","R","$","M","T","T","M"],"character_chosen":"THE_SILENT","items_purchased":["Noxious Fumes","Sadistic Nature"],"campfire_rested":2,"item_purchase_floors":[5,41],"current_hp_per_floor":[59,48,48,48,48,55,55,29,29,29,29,29,21,17,38,27,62,62,62,62,62,62,62,62,62,62,57,57,57,46,51,74,27,65,58,44,44,44,40,40,40,22,22,22,0],"gold":99,"neow_bonus":"THREE_ENEMY_KILL","is_prod":false,"is_daily":false,"chose_seed":false,"campfire_upgraded":7,"win_rate":0,"timestamp":1552319962,"path_taken":["M","?","?","?","$","E","R","E","T","R","M","R","M","M","R","BOSS","M","M","$","?","?","R","?","R","T","?","?","R","E","M","R","BOSS","M","?","$","?","M","R","?","?","T","?","M"],"build_version":"2019-01-23","purchased_purges":3,"victory":false,"max_hp_per_floor":[66,66,66,66,66,73,73,73,73,73,73,73,73,73,73,73,73,73,73,73,73,73,73,73,73,73,73,73,73,73,78,78,78,78,78,78,78,78,78,78,78,78,78,78,78],"card_choices":[{"not_picked":["Outmaneuver","All Out Attack"],"picked":"PiercingWail","floor":1.0},{"not_picked":["Flying Knee","Riddle With Holes"],"picked":"Deadly Poison","floor":4.0},{"not_picked":["Terror","Sucker Punch","Underhanded Strike"],"picked":"SKIP","floor":6.0},{"not_picked":["Leg Sweep","Deflect"],"picked":"Burst","floor":8.0},{"not_picked":["Blade Dance","Masterful Stab"],"picked":"Crippling Poison","floor":11.0},{"not_picked":["Choke","Bane","Flying Knee"],"picked":"SKIP","floor":13.0},{"not_picked":["Sucker Punch","PiercingWail"],"picked":"Leg Sweep","floor":14.0},{"not_picked":["Doppelganger","Die Die Die"],"picked":"Adrenaline","floor":16.0},{"not_picked":[],"picked":"PiercingWail","floor":18.0},{"not_picked":["Distraction"],"picked":"SKIP","floor":19.0},{"not_picked":[],"picked":"Backflip","floor":27.0},{"not_picked":["Sucker Punch"],"picked":"SKIP","floor":30.0},{"not_picked":["Bane"],"picked":"SKIP","floor":31.0},{"not_picked":[],"picked":"Night Terror","floor":33.0},{"not_picked":["Sucker Punch"],"picked":"SKIP","floor":35.0},{"not_picked":["Concentrate+1"],"picked":"SKIP","floor":39.0},{"not_picked":["Leg Sweep"],"picked":"SKIP","floor":42}],"player_experience":965497,"relics_obtained":[{"floor":6.0,"key":"Strawberry"},{"floor":8.0,"key":"Tiny Chest"},{"floor":9.0,"key":"Bottled Tornado"},{"floor":26.0,"key":"Meat on the Bone"},{"floor":30.0,"key":"Bronze Scales"},{"floor":43,"key":"Toxic Egg 2"},{"floor":44,"key":"Regal Pillow"}],"event_choices":[{"damage_healed":0.0,"max_hp_gain":0.0,"max_hp_loss":0.0,"gold_gain":75.0,"event_name":"World of Goop","player_choice":"Gather Gold","floor":2.0,"gold_loss":0.0,"damage_taken":11.0},{"cards_removed":["PiercingWail"],"damage_healed":0.0,"max_hp_gain":0.0,"max_hp_loss":0.0,"gold_gain":0.0,"event_name":"WeMeetAgain","player_choice":"Gave Card","floor":3.0,"gold_loss":0.0,"damage_taken":0.0,"relics_obtained":["Blue Candle"]},{"damage_healed":0.0,"max_hp_gain":0.0,"max_hp_loss":0.0,"gold_gain":0.0,"event_name":"The Library","player_choice":"Read","floor":21.0,"gold_loss":0.0,"damage_taken":0.0,"cards_obtained":["Crippling Poison"]},{"damage_healed":0.0,"max_hp_gain":0.0,"max_hp_loss":0.0,"gold_gain":0.0,"event_name":"The Mausoleum","player_choice":"Ignored","floor":22.0,"gold_loss":0.0,"damage_taken":0.0},{"damage_healed":0.0,"max_hp_gain":0.0,"max_hp_loss":0.0,"gold_gain":0.0,"event_name":"Winding Halls","player_choice":"Embrace Madness","floor":36.0,"gold_loss":0.0,"damage_taken":14.0,"cards_obtained":["Madness","Madness"]},{"damage_healed":0.0,"max_hp_gain":0.0,"max_hp_loss":0.0,"gold_gain":0.0,"event_name":"Tomb of Lord Red Mask","player_choice":"Ignored","floor":38.0,"gold_loss":0.0,"damage_taken":0.0}],"is_beta":false,"boss_relics":[{"not_picked":["Eternal Feather","Coffee Dripper"],"picked":"Busted Crown"},{"not_picked":["WristBlade","Tiny House"],"picked":"Philosopher\u0027s Stone"}],"items_purged_floors":[5,20,24],"is_endless":false,"potions_floor_spawned":[6,11,13,16,19,31,39],"killed_by":"Maw","ascension_level":19}