{"gold_per_floor":[109,128,142,142,156,156,169,169,169,195,195,214,214,226,226,226],"floor_reached":16,"playtime":571,"items_purged":[],"score":203,"play_id":"9618c38b-273e-4b92-8a90-9c283befdb4c","local_time":"20190311113525","is_ascension_mode":true,"campfire_choices":[{"data":"Glass Knife","floor":6,"key":"SMITH"},{"data":"Neutralize","floor":8,"key":"SMITH"},{"data":"After Image","floor":13,"key":"SMITH"},{"floor":15,"key":"REST"}],"neow_cost":"TEN_PERCENT_HP_LOSS","seed_source_timestamp":0,"circlet_count":0,"master_deck":["AscendersBane","Defend_G","Defend_G","Defend_G","Defend_G","Defend_G","Strike_G","Strike_G","Strike_G","Strike_G","Strike_G","Survivor","Neutralize+1","Glass Knife+1","Dagger Spray","After Image+1","Blade Dance","Cloak And Dagger","Crippling Poison","After Image","Leg Sweep"],"special_seed":0,"relics":["Ring of the Snake","Meat on the Bone","Prayer Wheel","CultistMask"],"potions_floor_usage":[12,16],"damage_taken":[{"damage":0,"enemies":"2 Louse","floor":1,"turns":3},{"damage":4,"enemies":"Small Slimes","floor":2,"turns":3},{"damage":1,"enemies":"Cultist","floor":3,"turns":3},{"damage":6,"enemies":"2 Fungi Beasts","floor":5,"turns":3},{"damage":2,"enemies":"3 Louse","floor":7,"turns":3},{"damage":8,"enemies":"3 Sentries","floor":10,"turns":8},{"damage":2,"enemies":"Gremlin Gang","floor":12,"turns":3},{"damage":13,"enemies":"Red Slaver","floor":14,"turns":4},{"damage":55,"enemies":"Hexaghost","floor":16,"turns":16}],"seed_played":"-4643984633625639655","potions_obtained":[{"floor":2,"key":"Dexterity Potion"},{"floor":7,"key":"GhostInAJar"},{"floor":12,"key":"Ancient Potion"}],"is_trial":false,"path_per_floor":["M","M","M","?","M","R","M","R","T","E","?","M","R","M","R","B"],"character_chosen":"THE_SILENT","items_purchased":[],"campfire_rested":1,"item_purchase_floors":[],"current_hp_per_floor":[59,55,54,54,48,48,46,46,46,38,38,36,36,35,53,0],"gold":226,"neow_bonus":"THREE_RARE_CARDS","is_prod":false,"is_daily":false,"chose_seed":false,"campfire_upgraded":3,"win_rate":0,"timestamp":1552300525,"path_taken":["M","M","M","?","M","R","M","R","T","E","?","?","R","M","R","BOSS"],"build_version":"2019-01-23","purchased_purges":0,"victory":false,"max_hp_per_floor":[60,60,60,60,60,60,60,60,60,60,60,60,60,60,60,60],"card_choices":[{"not_picked":["Wraith Form v2","Storm of Steel"],"picked":"Glass Knife","floor":0},{"not_picked":["Bane","Dodge and Roll","Slice"],"picked":"SKIP","floor":1},{"not_picked":["Prepared","Accuracy"],"picked":"Dagger Spray","floor":2},{"not_picked":["Prepared","Escape Plan"],"picked":"After Image","floor":3},{"not_picked":["Deadly Poison","Concentrate"],"picked":"Blade Dance","floor":5},{"not_picked":["Bane","Poisoned Stab"],"picked":"Cloak And Dagger","floor":7},{"not_picked":["Dodge and Roll","Dagger Throw"],"picked":"Crippling Poison","floor":10},{"not_picked":["Acrobatics","Slice"],"picked":"After Image","floor":12},{"not_picked":["Dodge and Roll","Dagger Throw","Backflip"],"picked":"SKIP","floor":12},{"not_picked":["Underhanded Strike","Bane"],"picked":"Leg Sweep","floor":14},{"not_picked":["Poisoned Stab","Predator","Dagger Throw"],"picked":"SKIP","floor":14}],"player_experience":955331,"relics_obtained":[{"floor":9,"key":"Meat on the Bone"},{"floor":10,"key":"Prayer Wheel"}],"event_choices":[{"damage_healed":0,"gold_gain":0,"player_choice":"Ignored","damage_taken":0,"max_hp_gain":0,"max_hp_loss":0,"event_name":"Liars Game","floor":4,"gold_loss":0},{"damage_healed":0,"gold_gain":0,"player_choice":"Trade","damage_taken":0,"relics_obtained":["CultistMask"],"max_hp_gain":0,"max_hp_loss":0,"event_name":"FaceTrader","floor":11,"gold_loss":0}],"is_beta":false,"boss_relics":[],"items_purged_floors":[],"is_endless":false,"potions_floor_spawned":[2,7,10,12],"killed_by":"Hexaghost","ascension_level":19}