{"gold_per_floor":[114,114,114,114,139,172,197,197,197,211,225,258,271,284,284,380,380,393,411,140,140,158,158,158],"floor_reached":24,"playtime":1041,"items_purged":[],"score":372,"play_id":"7c1c7187-e9f9-4542-8b9d-1b392e654782","local_time":"20190219172448","is_ascension_mode":true,"campfire_choices":[{"floor":15,"key":"RECALL"},{"floor":23,"key":"REST"}],"neow_cost":"NONE","seed_source_timestamp":29587441816912,"circlet_count":0,"master_deck":["AscendersBane","Strike_R","Strike_R","Strike_R","Strike_R","Strike_R","Defend_R+1","Defend_R+1","Defend_R","Defend_R","Bash","Cleave","Injury","Ghostly Armor","Shrug It Off","Twin Strike","Feed","Sword Boomerang","Clothesline","Entrench","Battle Trance","Armaments","Heavy Blade","Flame Barrier+1","Spot Weakness+1","Whirlwind"],"relics":["Burning Blood","Du-Vu Doll","Golden Idol","The Courier","Prayer Wheel","Eternal Feather","War Paint","Red Skull","Happy Flower"],"potions_floor_usage":[6,11,12,14,19,24],"damage_taken":[{"damage":1,"enemies":"2 Louse","floor":1,"turns":2},{"damage":0,"enemies":"Small Slimes","floor":5,"turns":3},{"damage":53,"enemies":"Gremlin Nob","floor":6,"turns":6},{"damage":0,"enemies":"Cultist","floor":7,"turns":3},{"damage":10,"enemies":"Lots of Slimes","floor":10,"turns":2},{"damage":4,"enemies":"Exordium Wildlife","floor":11,"turns":3},{"damage":14,"enemies":"Lagavulin","floor":12,"turns":6},{"damage":8,"enemies":"Blue Slaver","floor":13,"turns":4},{"damage":11,"enemies":"Gremlin Gang","floor":14,"turns":3},{"damage":67,"enemies":"Slime Boss","floor":16,"turns":12},{"damage":21,"enemies":"Chosen","floor":18,"turns":6},{"damage":23,"enemies":"2 Thieves","floor":19,"turns":4},{"damage":20,"enemies":"3 Cultists","floor":22,"turns":6},{"damage":97,"enemies":"Gremlin Leader","floor":24,"turns":7}],"seed_played":"-2859548611383622371","potions_obtained":[{"floor":1,"key":"SkillPotion"},{"floor":5,"key":"Swift Potion"},{"floor":10,"key":"Fire Potion"},{"floor":11,"key":"FearPotion"},{"floor":18,"key":"Explosive Potion"}],"is_trial":false,"path_per_floor":["M","?","?","?","M","E","M","?","T","M","M","E","M","M","R","B",null,"M","M","$","T","M","R","E"],"character_chosen":"IRONCLAD","items_purchased":["War Paint","Red Skull","PowerPotion"],"campfire_rested":1,"item_purchase_floors":[20,20,20],"current_hp_per_floor":[85,78,78,78,84,37,43,88,88,84,86,81,82,80,80,22,81,66,52,52,52,41,87,0],"gold":158,"neow_bonus":"TEN_PERCENT_HP_BONUS","is_prod":false,"is_daily":false,"chose_seed":false,"campfire_upgraded":0,"win_rate":0,"timestamp":1550633088,"path_taken":["M","?","?","?","M","E","M","?","T","?","M","E","M","M","R","BOSS","M","M","$","?","?","R","E"],"build_version":"2019-01-23","purchased_purges":0,"victory":false,"max_hp_per_floor":[88,88,88,88,88,88,88,88,88,88,88,91,94,97,97,100,100,100,103,103,103,106,106,106],"card_choices":[{"not_picked":["Evolve","Shrug It Off"],"picked":"Cleave","floor":1},{"not_picked":["Power Through","Wild Strike"],"picked":"Intimidate","floor":5},{"not_picked":["Feel No Pain","Headbutt"],"picked":"Ghostly Armor","floor":6},{"not_picked":["Rampage","Bloodletting"],"picked":"Shrug It Off","floor":7},{"not_picked":["Power Through","Burning Pact"],"picked":"Twin Strike","floor":10},{"not_picked":["Warcry","True Grit"],"picked":"Feed","floor":11},{"not_picked":["Iron Wave","Combust"],"picked":"Sword Boomerang","floor":12},{"not_picked":["Body Slam","Ghostly Armor"],"picked":"Clothesline","floor":13},{"not_picked":["Havoc","Wild Strike","Pommel Strike"],"picked":"SKIP","floor":13},{"not_picked":["Headbutt","Clothesline"],"picked":"Entrench","floor":14},{"not_picked":["Iron Wave","Combust"],"picked":"Battle Trance","floor":14},{"not_picked":["Power Through","Cleave"],"picked":"Armaments","floor":18},{"not_picked":["Body Slam","Pommel Strike"],"picked":"Heavy Blade","floor":18},{"not_picked":["Pommel Strike+1","Havoc"],"picked":"Flame Barrier+1","floor":19},{"not_picked":["Sword Boomerang","Feel No Pain","Clash"],"picked":"SKIP","floor":19},{"not_picked":["Thunderclap","Combust"],"picked":"Spot Weakness+1","floor":22},{"not_picked":["Burning Pact","Shrug It Off"],"picked":"Whirlwind","floor":22}],"player_experience":450609,"relics_obtained":[{"floor":6,"key":"The Courier"},{"floor":12,"key":"Prayer Wheel"},{"floor":21,"key":"Happy Flower"}],"event_choices":[{"damage_healed":0,"gold_gain":0,"player_choice":"Success","damage_taken":7,"relics_obtained":["Du-Vu Doll"],"max_hp_gain":0,"max_hp_loss":0,"event_name":"Scrap Ooze","floor":2,"gold_loss":0},{"damage_healed":0,"gold_gain":0,"player_choice":"Leave","damage_taken":0,"max_hp_gain":0,"max_hp_loss":0,"event_name":"The Cleric","floor":3,"gold_loss":0},{"damage_healed":0,"gold_gain":0,"player_choice":"Take Wound","damage_taken":0,"relics_obtained":["Golden Idol"],"max_hp_gain":0,"max_hp_loss":0,"event_name":"Golden Idol","floor":4,"gold_loss":0,"cards_obtained":["Injury"]},{"cards_removed":["Intimidate"],"damage_healed":45,"gold_gain":0,"player_choice":"Offered Uncommon","damage_taken":0,"max_hp_gain":0,"max_hp_loss":0,"event_name":"Bonfire Elementals","floor":8,"gold_loss":0}],"is_beta":false,"boss_relics":[{"not_picked":["Ectoplasm","Fusion Hammer"],"picked":"Eternal Feather"}],"items_purged_floors":[],"is_endless":false,"potions_floor_spawned":[1,5,10,11,18],"killed_by":"Gremlin Leader","ascension_level":13}