{"gold_per_floor":[115,115,135,135,135,166,166,183,483,483,483,518,533,266,266,367,367,350,22,33,46,46,78,78,78,102,102,115,115,143,161,161,258,258,275,275,177,188,206,240,240,253,253,253,253,20,20,39,39,39],"floor_reached":51,"playtime":2780,"items_purged":["Strike_B"],"score":883,"play_id":"fd1d031c-9aee-454d-afaf-f75ce8482050","local_time":"20181004104406","is_ascension_mode":true,"campfire_choices":[{"data":"Zap","floor":7.0,"key":"SMITH"},{"floor":11.0,"key":"REST"},{"data":"Loop","floor":15.0,"key":"SMITH"},{"floor":24.0,"key":"REST"},{"floor":29.0,"key":"REST"},{"floor":32.0,"key":"REST"},{"floor":41,"key":"REST"},{"floor":45,"key":"REST"},{"floor":49,"key":"REST"}],"neow_cost":"PERCENT_DAMAGE","seed_source_timestamp":0,"circlet_count":0,"master_deck":["Strike_B+1","Strike_B+1","Defend_B","Defend_B","Defend_B+1","Defend_B","Zap+1","Dualcast+1","Coolheaded+1","Glacier","Cold Snap+1","Loop+1","Go for the Eyes+1","Reboot","Doom and Gloom+1","FTL+1","Conserve Battery+1","Melter+1","Ball Lightning+1","Echo Form","Panache","Defragment"],"special_seed":0,"relics":["FrozenCore","Molten Egg 2","Old Coin","Potion Belt","Lee\u0027s Waffle","Fusion Hammer","Matryoshka","Lantern","Whetstone","PreservedInsect","MutagenicStrength","Gremlin Horn","Pen Nib","Blood Vial","Regal Pillow","Mummified Hand","War Paint"],"potions_floor_usage":[50,50,50,50],"damage_taken":[{"damage":8.0,"enemies":"2 Louse","floor":1.0,"turns":2.0},{"damage":0.0,"enemies":"Cultist","floor":3.0,"turns":4.0},{"damage":22.0,"enemies":"3 Sentries","floor":6.0,"turns":12.0},{"damage":1.0,"enemies":"Small Slimes","floor":8.0,"turns":3.0},{"damage":20.0,"enemies":"Lagavulin","floor":12.0,"turns":7.0},{"damage":0.0,"enemies":"2 Fungi Beasts","floor":13.0,"turns":4.0},{"damage":40.0,"enemies":"Slime Boss","floor":16.0,"turns":16.0},{"damage":8.0,"enemies":"2 Thieves","floor":18.0,"turns":4.0},{"damage":0.0,"enemies":"Chosen","floor":20.0,"turns":4.0},{"damage":0.0,"enemies":"Centurion and Healer","floor":21.0,"turns":5.0},{"damage":33.0,"enemies":"Gremlin Leader","floor":23.0,"turns":7.0},{"damage":0.0,"enemies":"Colosseum Slavers","floor":25.0,"turns":4.0},{"damage":1.0,"enemies":"Shelled Parasite and Fungi","floor":28.0,"turns":3.0},{"damage":4.0,"enemies":"Slavers","floor":30.0,"turns":4.0},{"damage":0.0,"enemies":"Snecko","floor":31.0,"turns":3.0},{"damage":32.0,"enemies":"Champ","floor":33.0,"turns":12.0},{"damage":5,"enemies":"3 Darklings","floor":35,"turns":4},{"damage":0,"enemies":"Orb Walker","floor":38,"turns":4},{"damage":3,"enemies":"Reptomancer","floor":39,"turns":5},{"damage":21,"enemies":"Giant Head","floor":40,"turns":8},{"damage":3,"enemies":"Spire Growth","floor":42,"turns":5},{"damage":0,"enemies":"Sphere and 2 Shapes","floor":48,"turns":3},{"damage":29,"enemies":"Time Eater","floor":50,"turns":8}],"seed_played":"-9111628615401947882","potions_obtained":[{"floor":1.0,"key":"FairyPotion"},{"floor":6.0,"key":"SpeedPotion"},{"floor":16.0,"key":"AttackPotion"},{"floor":18.0,"key":"FocusPotion"},{"floor":23.0,"key":"SpeedPotion"},{"floor":31.0,"key":"Strength Potion"},{"floor":35,"key":"PowerPotion"},{"floor":40,"key":"Poison Potion"}],"is_trial":false,"path_per_floor":["M","?","M","?","?","E","R","M","T","?","R","E","M","$","R","B",null,"M","$","M","M","?","E","R","?","T","?","M","R","E","M","R","B",null,"M","?","?","M","M","E","R","M","T","?","R","$","$","M","R","B"],"character_chosen":"DEFECT","items_purchased":["Lee\u0027s Waffle","Matryoshka","Doom and Gloom+1","Defragment","War Paint"],"campfire_rested":7,"item_purchase_floors":[14,19,19,46,46],"current_hp_per_floor":[57,57,57,57,57,35,35,34,34,34,60,40,40,96,96,56,96,88,88,88,88,88,55,83,83,83,83,82,96,92,92,96,64,96,91,91,91,91,88,67,95,93,93,93,96,96,96,96,96,67],"gold":39,"neow_bonus":"TWENTY_PERCENT_HP_BONUS","is_prod":false,"is_daily":false,"chose_seed":false,"campfire_upgraded":2,"win_rate":0,"timestamp":1538667846,"path_taken":["M","?","M","?","?","E","R","M","T","?","R","E","?","?","R","BOSS","M","$","M","M","?","E","R","?","T","?","M","R","E","M","R","BOSS","M","?","?","M","M","E","R","M","T","?","R","?","$","M","R","BOSS"],"build_version":"2018-09-27","purchased_purges":1,"victory":true,"max_hp_per_floor":[89,89,89,89,89,89,89,89,89,89,89,89,89,96,96,96,96,96,96,96,96,96,96,96,96,96,96,96,96,96,96,96,96,96,96,96,96,96,96,96,96,96,96,96,96,96,96,96,96,96],"card_choices":[{"not_picked":["Heatsinks","Leap"],"picked":"Coolheaded","floor":1.0},{"not_picked":["Compile Driver","Heatsinks"],"picked":"Glacier","floor":3.0},{"not_picked":["Beam Cell","Gash"],"picked":"Cold Snap","floor":6.0},{"not_picked":["Blizzard+1","Chill","Barrage+1"],"picked":"SKIP","floor":8.0},{"not_picked":["All For One+1","Lockon+1"],"picked":"Loop","floor":12.0},{"not_picked":["Turbo","BootSequence"],"picked":"Go for the Eyes+1","floor":13.0},{"not_picked":["Meteor Strike+1","All For One+1"],"picked":"Reboot","floor":16.0},{"not_picked":["Barrage+1","Go for the Eyes+1","Rebound+1"],"picked":"SKIP","floor":18.0},{"not_picked":["Beam Cell+1","Streamline+1"],"picked":"FTL+1","floor":20.0},{"not_picked":["Consume","Rebound+1"],"picked":"Conserve Battery","floor":21.0},{"not_picked":["Meteor Strike+1","Gash+1"],"picked":"Melter+1","floor":23.0},{"not_picked":["Sweeping Beam+1","Consume"],"picked":"Ball Lightning+1","floor":28.0},{"not_picked":["Tempest","Lockon+1","Redo"],"picked":"SKIP","floor":30.0},{"not_picked":["Doom and Gloom+1","Gash+1","Heatsinks"],"picked":"SKIP","floor":31.0},{"not_picked":["Thunder Strike+1","All For One+1"],"picked":"Echo Form","floor":33.0},{"not_picked":["Redo","Scrape+1","Hologram"],"picked":"SKIP","floor":35},{"not_picked":["Purity","Enlightenment"],"picked":"Panache","floor":36},{"not_picked":["Conserve Battery","Auto Shields","Scrape+1"],"picked":"SKIP","floor":38},{"not_picked":["Ball Lightning+1","Rip and Tear+1","Sweeping Beam+1"],"picked":"SKIP","floor":39},{"not_picked":["Steam+1","Hologram","Coolheaded"],"picked":"SKIP","floor":40},{"not_picked":["Reinforced Body","Tempest+1","Steam+1"],"picked":"SKIP","floor":42},{"not_picked":["Sweeping Beam+1","Undo+1","Force Field+1"],"picked":"SKIP","floor":48}],"player_experience":83219,"relics_obtained":[{"floor":6.0,"key":"Molten Egg 2"},{"floor":9.0,"key":"Old Coin"},{"floor":12.0,"key":"Potion Belt"},{"floor":23.0,"key":"Lantern"},{"floor":26.0,"key":"Whetstone"},{"floor":26.0,"key":"PreservedInsect"},{"floor":30.0,"key":"Gremlin Horn"},{"floor":40,"key":"Blood Vial"},{"floor":43,"key":"Regal Pillow"},{"floor":43,"key":"Mummified Hand"}],"event_choices":[{"event_name":"The Woman in Blue","player_choice":"Bought 0 Potions","floor":2.0,"damage_taken":0.0},{"event_name":"Living Wall","player_choice":"Grow","floor":4.0,"damage_taken":0.0},{"event_name":"Purifier","player_choice":"One Purge","floor":5.0,"damage_taken":0.0},{"event_name":"Accursed Blacksmith","player_choice":"Forge","floor":10.0,"damage_taken":0.0},{"event_name":"Colosseum","player_choice":"Fight","floor":25.0,"damage_taken":0.0},{"event_name":"Colosseum","player_choice":"Fled From Nobs","floor":25.0,"damage_taken":0.0},{"event_name":"Drug Dealer","player_choice":"Inject Mutagens","floor":27.0,"damage_taken":0.0},{"event_name":"SensoryStone","player_choice":"Memory 1","floor":36,"damage_taken":0},{"event_name":"WeMeetAgain","player_choice":"Gold","floor":37,"damage_taken":0},{"event_name":"Mysterious Sphere","player_choice":"Ignore","floor":44,"damage_taken":0}],"is_beta":false,"boss_relics":[{"not_picked":["Philosopher\u0027s Stone","Runic Dome"],"picked":"Fusion Hammer"},{"not_picked":["Orrery","Snecko Eye"],"picked":"FrozenCore"}],"items_purged_floors":[14],"is_endless":false,"potions_floor_spawned":[1,6,16,18,23,31,33,35,40,42],"ascension_level":1}