{"gold_per_floor":[110,124,124,137,17,46,62,78,101,114,148,160,160,170,170,268,268,283,208,218,229,49,49,49,49,121,121,131,141,73,85,85,180,180,190,190,190,236,252,252,271,299,323,342,342,362,377,387,387,387,387,387,13,39,39],"floor_reached":55,"playtime":4934,"items_purged":["Strike_B","Hallucinations","Parasite"],"score":792,"play_id":"76bc30b6-a141-4027-b654-ca6672005021","local_time":"20190107192537","is_ascension_mode":false,"campfire_choices":[{"data":"Defend_B","floor":15.0,"key":"PURGE"},{"floor":23.0,"key":"REST"},{"floor":25.0,"key":"DIG"},{"data":"Stack","floor":27.0,"key":"PURGE"},{"data":"Defragment","floor":32.0,"key":"SMITH"},{"data":"Defragment","floor":40,"key":"SMITH"},{"floor":49,"key":"RECALL"},{"data":"Defragment","floor":52,"key":"SMITH"}],"neow_cost":"NONE","seed_source_timestamp":0,"circlet_count":0,"master_deck":["Zap+1","Dualcast","Conserve Battery","Seek","Glacier+1","Cold Snap","Defragment+1","Time Bomb","Panic Button","Auto Shields","ReplayTheSpireMod:Calculation Training+1","Leap","Echo Form","Genetic Algorithm","Defragment+1","Go for the Eyes","Conserve Battery","Defragment+1","Rebound+1","Thinking Ahead","Deep Breath","Conserve Battery","Coolheaded+1","Glacier","Ball Lightning+1","Ball Lightning+1","Capacitor","Thinking Ahead"],"special_seed":0,"relics":["Cracked Core","ReplayTheSpireMod:Multitool","Pet Ghost","Pen Nib","Kintsugi","Juzu Bracelet","Busted Crown","Pondfish Scales","Replay:Wax Seal","Orichalcum","Centennial Puzzle"],"potions_floor_usage":[38,42,50,54,55],"damage_taken":[{"damage":0.0,"enemies":"Small Slimes","floor":1.0,"turns":2.0},{"damage":0.0,"enemies":"Cultist","floor":2.0,"turns":3.0},{"damage":1.0,"enemies":"Jaw Worm","floor":4.0,"turns":3.0},{"damage":8.0,"enemies":"Lagavulin","floor":6.0,"turns":8.0},{"damage":6.0,"enemies":"Lots of Slimes","floor":7.0,"turns":5.0},{"damage":7.0,"enemies":"Large Slime","floor":8.0,"turns":7.0},{"damage":2.0,"enemies":"Blue Slaver","floor":10.0,"turns":3.0},{"damage":9.0,"enemies":"Gremlin Nob","floor":11.0,"turns":4.0},{"damage":0.0,"enemies":"2 Fungi Beasts","floor":12.0,"turns":3.0},{"damage":0.0,"enemies":"Large Slime","floor":14.0,"turns":5.0},{"damage":0.0,"enemies":"The Guardian","floor":16.0,"turns":9.0},{"damage":1.0,"enemies":"Shell Parasite","floor":18.0,"turns":6.0},{"damage":34.0,"enemies":"3 Byrds","floor":20.0,"turns":5.0},{"damage":10.0,"enemies":"Centurion and Healer","floor":21.0,"turns":10.0},{"damage":10.0,"enemies":"Snake Plant","floor":28.0,"turns":4.0},{"damage":0.0,"enemies":"Shelled Parasite and Fungi","floor":29.0,"turns":8.0},{"damage":1.0,"enemies":"Snecko","floor":31.0,"turns":6.0},{"damage":0.0,"enemies":"Champ","floor":33.0,"turns":34.0},{"damage":16.0,"enemies":"3 Shapes","floor":35.0,"turns":5.0},{"damage":7,"enemies":"2 Orb Walkers","floor":38,"turns":7},{"damage":0,"enemies":"3 Darklings","floor":39,"turns":8},{"damage":0,"enemies":"Maw","floor":41,"turns":10},{"damage":3,"enemies":"Giant Head","floor":42,"turns":10},{"damage":0,"enemies":"Writhing Mass","floor":44,"turns":6},{"damage":0,"enemies":"Jaw Worm Horde","floor":46,"turns":7},{"damage":6,"enemies":"3 Darklings","floor":47,"turns":10},{"damage":0,"enemies":"Spire Growth","floor":48,"turns":5},{"damage":20,"enemies":"Time Eater","floor":50,"turns":22},{"damage":42,"enemies":"Shield and Spear","floor":54,"turns":16},{"damage":35,"enemies":"The Heart","floor":55,"turns":5}],"seed_played":"811070509604450744","potions_obtained":[{"floor":2.0,"key":"Languid Potion"},{"floor":6.0,"key":"GamblersBrew"},{"floor":8.0,"key":"Explosive Potion"},{"floor":14.0,"key":"Reflective Coating"},{"floor":16.0,"key":"Dexterity Potion"},{"floor":21.0,"key":"SpeedPotion"},{"floor":31.0,"key":"EssenceOfSteel"},{"floor":33.0,"key":"Swift Potion"},{"floor":39,"key":"Weak Potion"},{"floor":41,"key":"Fire Potion"},{"floor":46,"key":"Swift Potion"},{"floor":47,"key":"SpeedPotion"},{"floor":54,"key":"SkillPotion"}],"is_trial":false,"path_per_floor":["M","M","?","M","$","E","M","M","T","M","E","M","?","M","R","B",null,"M","?","M","M","$","R","?","R","T","R","M","M","$","M","R","B",null,"M","?","?","?","M","R","M","E","T","M","R","M","M","M","R","B",null,"R","$","E","B"],"character_chosen":"DEFECT","items_purchased":["Cold Snap","Defragment","Defragment","Capacitor","Thinking Ahead"],"campfire_rested":1,"item_purchase_floors":[5,22,30,53,53],"current_hp_per_floor":[75,75,75,74,74,66,60,53,53,51,42,42,42,42,42,42,75,74,74,40,30,30,52,52,52,52,52,42,42,42,41,41,41,75,59,49,49,42,42,42,42,39,39,39,61,61,55,55,55,35,75,75,72,30,0],"gold":39,"neow_bonus":"UPGRADE_CARD","is_prod":false,"is_daily":false,"chose_seed":false,"campfire_upgraded":3,"win_rate":0,"timestamp":1546896337,"path_taken":["M","M","?","M","$","E","M","M","T","M","E","?","?","?","R","BOSS","M","?","M","M","$","R","?","R","T","R","M","M","$","M","R","BOSS","M","?","?","?","M","R","M","E","T","M","R","M","M","M","R","BOSS","R","$","E","BOSS"],"build_version":"2019-01-03v4","purchased_purges":3,"victory":false,"max_hp_per_floor":[75,75,75,75,75,75,75,75,75,75,75,75,75,75,75,75,75,75,75,75,75,75,75,75,75,75,75,75,75,75,75,75,75,75,75,75,75,75,75,75,75,75,75,75,75,75,75,75,75,75,75,75,72,72,72],"card_choices":[{"not_picked":["Redo","Steam"],"picked":"Conserve Battery","floor":1.0},{"not_picked":["Aggregate","Compile Driver","White Noise"],"picked":"SKIP","floor":2.0},{"not_picked":["Stack","Fusion"],"picked":"Glacier","floor":4.0},{"not_picked":["Redo","Stack","Consume"],"picked":"SKIP","floor":6.0},{"not_picked":["ReplayTheSpireMod:Omega Cannon","Panic Button"],"picked":"Defragment","floor":7.0},{"not_picked":["Lockon","Steam"],"picked":"Time Bomb","floor":8.0},{"not_picked":["Sunder","Steam Power"],"picked":"Panic Button","floor":10.0},{"not_picked":["Turbo","FTL"],"picked":"Auto Shields","floor":11.0},{"not_picked":["Hologram","Static Discharge"],"picked":"ReplayTheSpireMod:Calculation Training","floor":12.0},{"not_picked":["Skim","Hologram"],"picked":"Leap","floor":14.0},{"not_picked":["Multi-Cast","Rainbow"],"picked":"Echo Form","floor":16.0},{"not_picked":["FTL","Ball Lightning"],"picked":"Genetic Algorithm","floor":18.0},{"not_picked":["Sweeping Beam","Skim"],"picked":"Stack","floor":20.0},{"not_picked":["FIFO Queue","Turbo","ReplayTheSpireMod:System Scan"],"picked":"SKIP","floor":21.0},{"not_picked":["Coolheaded","Skim"],"picked":"Go for the Eyes","floor":28.0},{"not_picked":["Ball Lightning","Barrage+1"],"picked":"Conserve Battery","floor":29.0},{"not_picked":["Steam","Go for the Eyes"],"picked":"Rebound+1","floor":31.0},{"not_picked":["Barrage"],"picked":"SKIP","floor":35.0},{"not_picked":[],"picked":"Thinking Ahead","floor":36.0},{"not_picked":[],"picked":"Deep Breath","floor":36.0},{"not_picked":[],"picked":"Conserve Battery","floor":38},{"not_picked":[],"picked":"Coolheaded+1","floor":39},{"not_picked":["Turbo"],"picked":"SKIP","floor":41},{"not_picked":[],"picked":"Glacier","floor":42},{"not_picked":["Aggregate+1"],"picked":"SKIP","floor":44},{"not_picked":["Steam"],"picked":"SKIP","floor":46},{"not_picked":[],"picked":"Ball Lightning+1","floor":47},{"not_picked":[],"picked":"Ball Lightning+1","floor":48},{"not_picked":["Panic Button"],"picked":"SKIP","floor":54}],"player_experience":687865,"relics_obtained":[{"floor":6.0,"key":"ReplayTheSpireMod:Multitool"},{"floor":9.0,"key":"Pet Ghost"},{"floor":11.0,"key":"Pen Nib"},{"floor":25.0,"key":"Juzu Bracelet"},{"floor":38,"key":"Pondfish Scales"},{"floor":42,"key":"Replay:Wax Seal"},{"floor":43,"key":"Orichalcum"},{"floor":54,"key":"Centennial Puzzle"}],"event_choices":[{"damage_healed":0.0,"max_hp_gain":0.0,"max_hp_loss":0.0,"gold_gain":0.0,"cards_transformed":["Defend_B"],"event_name":"Transmorgrifier","player_choice":"Transformed","floor":3.0,"gold_loss":0.0,"damage_taken":0.0,"cards_obtained":["Seek"]},{"damage_healed":0.0,"max_hp_gain":0.0,"max_hp_loss":0.0,"gold_gain":0.0,"event_name":"Upgrade Shrine","player_choice":"Upgraded","floor":13.0,"gold_loss":0.0,"damage_taken":0.0,"cards_upgraded":["ReplayTheSpireMod:Calculation Training"]},{"cards_removed":["Decay"],"damage_healed":0.0,"max_hp_gain":0.0,"max_hp_loss":0.0,"gold_gain":0.0,"event_name":"Beggar","player_choice":"Gave Gold","floor":19.0,"gold_loss":75.0,"damage_taken":0.0},{"damage_healed":0.0,"max_hp_gain":0.0,"max_hp_loss":0.0,"gold_gain":0.0,"event_name":"Vampires","player_choice":"Ignored","floor":24.0,"gold_loss":0.0,"damage_taken":0.0},{"damage_healed":0.0,"max_hp_gain":0.0,"max_hp_loss":0.0,"gold_gain":0.0,"event_name":"SensoryStone","player_choice":"Memory 3","floor":36.0,"gold_loss":0.0,"damage_taken":10.0},{"damage_healed":0,"gold_gain":0,"player_choice":"Fight","damage_taken":0,"max_hp_gain":0,"max_hp_loss":0,"event_name":"Mysterious Sphere","floor":38,"gold_loss":0}],"is_beta":false,"boss_relics":[{"not_picked":["Calling Bell","Fusion Hammer"],"picked":"Kintsugi"},{"not_picked":["Ring of Chaos","Tiny House"],"picked":"Busted Crown"}],"items_purged_floors":[5,22,53],"is_endless":false,"potions_floor_spawned":[2,6,8,14,16,21,28,31,33,39,41,46,47,54],"killed_by":"The Heart","ascension_level":0}