{"gold_per_floor":[118,138,138,138,138,170,180,211,238,188,188,188,199,217,217,319,319,334,347,36,56,56,71,71,71,71,71,71,71,71,83,83,179,179,194,194,294,26,26,26,26,43,95,127,139,139,159,175,175,175,175,175,32,62,62],"floor_reached":56,"playtime":2636,"items_purged":[],"score":1215,"play_id":"09531a13-5cb5-40fb-b9f2-541048d190f2","local_time":"20181201132626","is_ascension_mode":false,"campfire_choices":[{"floor":12.0,"key":"RECALL"},{"data":"Conserve Battery","floor":15.0,"key":"SMITH"},{"data":"Creative AI","floor":24.0,"key":"SMITH"},{"data":"Heatsinks","floor":28.0,"key":"SMITH"},{"floor":32.0,"key":"REST"},{"data":"Buffer","floor":40.0,"key":"SMITH"},{"floor":46.0,"key":"REST"},{"floor":49.0,"key":"REST"},{"data":"Creative AI","floor":52.0,"key":"SMITH"}],"neow_cost":"NONE","seed_source_timestamp":606199583850202,"circlet_count":0,"master_deck":["Strike_B","Strike_B+1","Strike_B","Defend_B+1","Defend_B","Defend_B","Defend_B","Zap+1","Dualcast+1","Cold Snap","Melter+1","Conserve Battery+1","Creative AI+1","Compile Driver","Heatsinks+1","Creative AI+1","Capacitor+1","Buffer+1","Panache","Blur+1","Good Instincts+1","True Grit+1","Loop+1","Dodge and Roll+1"],"special_seed":0,"relics":["Cracked Core","NeowsBlessing","Juzu Bracelet","Whetstone","War Paint","Omamori","Mummified Hand","Orrery","Mercury Hourglass","Bag of Preparation","Mango","Nilry\u0027s Codex","Velvet Choker","Prayer Wheel","PrismaticShard","Orichalcum","Bronze Scales","Happy Flower"],"potions_floor_usage":[55],"damage_taken":[{"damage":0.0,"enemies":"Cultist","floor":1.0,"turns":1.0},{"damage":0.0,"enemies":"Jaw Worm","floor":2.0,"turns":1.0},{"damage":0.0,"enemies":"Gremlin Nob","floor":6.0,"turns":1.0},{"damage":0.0,"enemies":"Small Slimes","floor":7.0,"turns":2.0},{"damage":18.0,"enemies":"3 Sentries","floor":8.0,"turns":8.0},{"damage":8.0,"enemies":"Looter","floor":13.0,"turns":3.0},{"damage":0.0,"enemies":"3 Louse","floor":14.0,"turns":3.0},{"damage":8.0,"enemies":"The Guardian","floor":16.0,"turns":12.0},{"damage":22.0,"enemies":"3 Byrds","floor":18.0,"turns":6.0},{"damage":0.0,"enemies":"Spheric Guardian","floor":19.0,"turns":3.0},{"damage":4.0,"enemies":"Centurion and Healer","floor":21.0,"turns":7.0},{"damage":20.0,"enemies":"Snake Plant","floor":23.0,"turns":4.0},{"damage":13.0,"enemies":"Colosseum Slavers","floor":25.0,"turns":4.0},{"damage":13.0,"enemies":"Shelled Parasite and Fungi","floor":31.0,"turns":4.0},{"damage":38.0,"enemies":"Automaton","floor":33.0,"turns":9.0},{"damage":10.0,"enemies":"Orb Walker","floor":35.0,"turns":3.0},{"damage":4.0,"enemies":"Mind Bloom Boss Battle","floor":37.0,"turns":7.0},{"damage":0.0,"enemies":"3 Shapes","floor":42.0,"turns":4.0},{"damage":16.0,"enemies":"Reptomancer","floor":44.0,"turns":6.0},{"damage":42.0,"enemies":"Jaw Worm Horde","floor":45.0,"turns":5.0},{"damage":0.0,"enemies":"3 Darklings","floor":47.0,"turns":4.0},{"damage":8.0,"enemies":"4 Shapes","floor":48.0,"turns":4.0},{"damage":46.0,"enemies":"Donu and Deca","floor":50.0,"turns":7.0},{"damage":24.0,"enemies":"Shield and Spear","floor":54.0,"turns":7.0},{"damage":45,"enemies":"The Heart","floor":55,"turns":8}],"seed_played":"-2543961582047761282","potions_obtained":[{"floor":1.0,"key":"FearPotion"},{"floor":7.0,"key":"FearPotion"},{"floor":8.0,"key":"FearPotion"},{"floor":16.0,"key":"EssenceOfSteel"},{"floor":23.0,"key":"Energy Potion"},{"floor":31.0,"key":"LiquidBronze"},{"floor":33.0,"key":"SneckoOil"},{"floor":42.0,"key":"Ancient Potion"},{"floor":45.0,"key":"Energy Potion"},{"floor":54.0,"key":"PowerPotion"}],"is_trial":false,"path_per_floor":["M","M","?","?","?","E","M","E","T","?","?","R","M","M","R","B",null,"M","M","$","M","?","M","R","?","T","T","R","$","?","M","R","B",null,"M","?","?","$","?","R","?","M","T","E","M","R","M","M","R","B",null,"R","$","E","B",null],"character_chosen":"DEFECT","items_purchased":["Mercury Hourglass","FTL","Buffer","PrismaticShard","Bronze Scales"],"campfire_rested":3,"item_purchase_floors":[20,20,38,38,53],"current_hp_per_floor":[75,75,75,75,68,68,68,50,50,50,50,50,42,42,42,34,75,53,53,53,49,74,54,54,41,41,55,55,55,39,26,52,14,89,79,79,75,75,89,89,89,89,89,73,31,57,57,49,75,29,89,89,89,65,20],"gold":62,"neow_bonus":"THREE_ENEMY_KILL","is_prod":false,"is_daily":false,"chose_seed":false,"campfire_upgraded":5,"win_rate":0,"timestamp":1543688786,"path_taken":["M","?","?","?","?","E","M","E","T","?","?","R","M","M","R","BOSS","M","M","$","M","?","M","R","?","T","?","R","$","?","M","R","BOSS","M","?","?","$","?","R","?","M","T","E","M","R","M","M","R","BOSS","R","$","E","BOSS"],"build_version":"2018-11-15","purchased_purges":0,"victory":true,"max_hp_per_floor":[75,75,75,75,75,75,75,75,75,75,75,75,75,75,75,75,75,75,75,75,75,75,75,75,75,75,89,89,89,89,89,89,89,89,89,89,89,89,89,89,89,89,89,89,89,89,89,89,89,89,89,89,89,89,89],"card_choices":[{"not_picked":["Beam Cell","Redo"],"picked":"Cold Snap","floor":1.0},{"not_picked":["Chaos","Sweeping Beam"],"picked":"Melter","floor":2.0},{"not_picked":["Stack","Redo","Recycle"],"picked":"SKIP","floor":6.0},{"not_picked":["Cold Snap","Undo","Hologram"],"picked":"SKIP","floor":7.0},{"not_picked":["Turbo","Blizzard","Hello World"],"picked":"SKIP","floor":8.0},{"not_picked":["Auto Shields","Darkness","Gash"],"picked":"SKIP","floor":13.0},{"not_picked":["Darkness","Doom and Gloom"],"picked":"Conserve Battery","floor":14.0},{"not_picked":["Fission","Seek"],"picked":"Creative AI","floor":16.0},{"not_picked":["Cold Snap","Redo"],"picked":"Compile Driver","floor":17.0},{"not_picked":["Beam Cell","Hologram"],"picked":"Heatsinks","floor":17.0},{"not_picked":["Redo","Sweeping Beam+1","Double Energy"],"picked":"SKIP","floor":18.0},{"not_picked":["Barrage","Streamline","Multi-Cast"],"picked":"SKIP","floor":19.0},{"not_picked":["Coolheaded","Genetic Algorithm","Storm"],"picked":"SKIP","floor":21.0},{"not_picked":["Redo","Scrape","Go for the Eyes"],"picked":"SKIP","floor":23.0},{"not_picked":["Consume","Go for the Eyes","Hologram"],"picked":"SKIP","floor":31.0},{"not_picked":["Fission","Multi-Cast"],"picked":"Creative AI","floor":33.0},{"not_picked":["Hologram","Sweeping Beam"],"picked":"Capacitor+1","floor":35.0},{"not_picked":["Madness","Sadistic Nature"],"picked":"Panache","floor":41.0},{"not_picked":["Flechettes","Underhanded Strike","Rage+1"],"picked":"SKIP","floor":42.0},{"not_picked":["Deadly Poison+1","Storm+1","Infinite Blades+1"],"picked":"SKIP","floor":42.0},{"not_picked":["Backflip","Uppercut"],"picked":"Blur+1","floor":44.0},{"not_picked":["Gash+1","Sever Soul"],"picked":"Good Instincts+1","floor":45.0},{"not_picked":["Blade Dance+1","Burning Pact+1"],"picked":"True Grit+1","floor":45.0},{"not_picked":["Skewer+1","Warcry"],"picked":"Loop+1","floor":47.0},{"not_picked":["Finisher+1","Coolheaded+1","Prepared"],"picked":"SKIP","floor":47.0},{"not_picked":["Flex","Caltrops+1","Dash"],"picked":"SKIP","floor":48.0},{"not_picked":["Trip","Grand Finale","Cold Snap"],"picked":"SKIP","floor":48.0},{"not_picked":["Underhanded Strike+1","Ball Lightning+1"],"picked":"Dodge and Roll+1","floor":54.0}],"player_experience":123952,"relics_obtained":[{"floor":6.0,"key":"Whetstone"},{"floor":8.0,"key":"War Paint"},{"floor":9.0,"key":"Omamori"},{"floor":26.0,"key":"Bag of Preparation"},{"floor":27.0,"key":"Mango"},{"floor":30.0,"key":"Nilry\u0027s Codex"},{"floor":37.0,"key":"Prayer Wheel"},{"floor":44.0,"key":"Orichalcum"},{"floor":54.0,"key":"Happy Flower"}],"event_choices":[{"damage_healed":0.0,"max_hp_gain":0.0,"max_hp_loss":0.0,"gold_gain":0.0,"event_name":"Liars Game","player_choice":"Ignored","floor":3.0,"gold_loss":0.0,"damage_taken":0.0},{"damage_healed":0.0,"max_hp_gain":0.0,"max_hp_loss":0.0,"gold_gain":0.0,"event_name":"Living Wall","player_choice":"Grow","floor":4.0,"gold_loss":0.0,"damage_taken":0.0,"cards_upgraded":["Dualcast"]},{"damage_healed":0.0,"max_hp_gain":0.0,"max_hp_loss":0.0,"gold_gain":0.0,"event_name":"Scrap Ooze","player_choice":"Success","floor":5.0,"gold_loss":0.0,"damage_taken":7.0,"relics_obtained":["Juzu Bracelet"]},{"cards_removed":["Strike_B"],"damage_healed":0.0,"max_hp_gain":0.0,"max_hp_loss":0.0,"gold_gain":0.0,"event_name":"The Cleric","player_choice":"Card Removal","floor":10.0,"gold_loss":50.0,"damage_taken":0.0},{"damage_healed":0.0,"max_hp_gain":0.0,"max_hp_loss":0.0,"gold_gain":0.0,"event_name":"Dead Adventurer","player_choice":"Searched \u00271\u0027 times","floor":11.0,"gold_loss":0.0,"damage_taken":0.0,"relics_obtained":["Mummified Hand"]},{"damage_healed":25.0,"max_hp_gain":0.0,"max_hp_loss":0.0,"gold_gain":0.0,"event_name":"The Library","player_choice":"Heal","floor":22.0,"gold_loss":0.0,"damage_taken":0.0},{"damage_healed":0.0,"max_hp_gain":0.0,"max_hp_loss":0.0,"gold_gain":0.0,"event_name":"Colosseum","player_choice":"Fight","floor":25.0,"gold_loss":0.0,"damage_taken":0.0},{"damage_healed":0.0,"max_hp_gain":0.0,"max_hp_loss":0.0,"gold_gain":0.0,"event_name":"Colosseum","player_choice":"Fled From Nobs","floor":25.0,"gold_loss":0.0,"damage_taken":0.0},{"damage_healed":0.0,"max_hp_gain":0.0,"max_hp_loss":0.0,"gold_gain":0.0,"event_name":"Cursed Tome","player_choice":"Obtained Book","floor":30.0,"gold_loss":0.0,"damage_taken":16.0},{"damage_healed":0.0,"max_hp_gain":0.0,"max_hp_loss":0.0,"gold_gain":0.0,"event_name":"Tomb of Lord Red Mask","player_choice":"Ignored","floor":36.0,"gold_loss":0.0,"damage_taken":0.0},{"damage_healed":0.0,"max_hp_gain":0.0,"max_hp_loss":0.0,"gold_gain":0.0,"event_name":"MindBloom","player_choice":"Fight","floor":37.0,"gold_loss":0.0,"damage_taken":0.0},{"cards_removed":["FTL"],"damage_healed":14.0,"max_hp_gain":0.0,"max_hp_loss":0.0,"gold_gain":0.0,"event_name":"Bonfire Elementals","player_choice":"Offered Uncommon","floor":39.0,"gold_loss":0.0,"damage_taken":0.0},{"damage_healed":0.0,"max_hp_gain":0.0,"max_hp_loss":0.0,"gold_gain":0.0,"event_name":"SensoryStone","player_choice":"Memory 1","floor":41.0,"gold_loss":0.0,"damage_taken":0.0}],"is_beta":false,"boss_relics":[{"not_picked":["Pandora\u0027s Box","Fusion Hammer"],"picked":"Orrery"},{"not_picked":["Coffee Dripper","White Beast Statue"],"picked":"Velvet Choker"}],"items_purged_floors":[],"is_endless":false,"potions_floor_spawned":[1,7,8,16,23,25,31,33,42,45,47,54],"ascension_level":0}