{"gold_per_floor":[117,42,0,0,14,14,40,190,243,74,91,91,91,119,119,197,197,213,223,223,223],"floor_reached":21,"playtime":843,"items_purged":["Doubt"],"score":333,"play_id":"3ab58d94-4519-47a6-b603-e24483d2c7cc","local_time":"20190226123147","is_ascension_mode":true,"campfire_choices":[{"data":"Panacea","floor":6,"key":"SMITH"},{"floor":15,"key":"REST"}],"neow_cost":"NONE","seed_source_timestamp":39309951888800,"circlet_count":0,"master_deck":["AscendersBane","Strike_R","Strike_R","Defend_R","Defend_R","Defend_R","Defend_R","Bash","Panacea+1","Disarm","Inflame","Feed+1","Clothesline","Twin Strike","Jack Of All Trades+1","Sword Boomerang","Thunderclap","Exhume","Body Slam+1"],"relics":["Burning Blood","Centennial Puzzle","Vajra","Turnip","Eternal Feather"],"potions_floor_usage":[16,16,18,21],"damage_taken":[{"damage":2,"enemies":"Jaw Worm","floor":1,"turns":3},{"damage":3,"enemies":"Cultist","floor":5,"turns":4},{"damage":32,"enemies":"Lagavulin","floor":7,"turns":9},{"damage":4,"enemies":"2 Louse","floor":11,"turns":2},{"damage":25,"enemies":"3 Sentries","floor":14,"turns":6},{"damage":66,"enemies":"Slime Boss","floor":16,"turns":10},{"damage":37,"enemies":"Shell Parasite","floor":18,"turns":6},{"damage":33,"enemies":"3 Byrds","floor":19,"turns":7},{"damage":21,"enemies":"Sentry and Sphere","floor":21,"turns":2}],"seed_played":"6861373326848910207","potions_obtained":[{"floor":5,"key":"Swift Potion"},{"floor":7,"key":"Regen Potion"},{"floor":16,"key":"Explosive Potion"},{"floor":18,"key":"Ancient Potion"},{"floor":19,"key":"FearPotion"}],"is_trial":false,"path_per_floor":["M","?","$","?","M","R","E","?","T","$","M","?","?","E","R","B",null,"M","M","?","M"],"character_chosen":"IRONCLAD","items_purchased":["Inflame","Jack Of All Trades"],"campfire_rested":1,"item_purchase_floors":[3,10],"current_hp_per_floor":[72,72,72,72,75,75,52,52,52,52,54,54,54,39,63,21,70,43,16,16,0],"gold":223,"neow_bonus":"RANDOM_COLORLESS","is_prod":false,"is_daily":false,"chose_seed":false,"campfire_upgraded":1,"win_rate":0,"timestamp":1551202307,"path_taken":["M","?","$","?","?","R","E","?","T","$","M","?","?","E","R","BOSS","M","?","?","?"],"build_version":"2019-02-06","purchased_purges":1,"victory":false,"max_hp_per_floor":[75,75,75,75,75,75,78,78,78,78,78,78,78,82,82,86,86,90,90,90,90],"card_choices":[{"not_picked":["Cleave","Rampage"],"picked":"Disarm","floor":1},{"not_picked":["Clash","Pummel"],"picked":"Clothesline","floor":5},{"not_picked":["Dark Embrace","Rupture"],"picked":"Twin Strike","floor":7},{"not_picked":["Rupture","Headbutt"],"picked":"Sword Boomerang","floor":11},{"not_picked":["Ghostly Armor","Shockwave"],"picked":"Thunderclap","floor":14},{"not_picked":["Immolate","Fiend Fire"],"picked":"Exhume","floor":16},{"not_picked":["Blood for Blood","Clash"],"picked":"Body Slam+1","floor":18},{"not_picked":["Clash","Twin Strike","Perfected Strike"],"picked":"SKIP","floor":19}],"player_experience":612775,"relics_obtained":[{"floor":7,"key":"Centennial Puzzle"},{"floor":9,"key":"Vajra"},{"floor":14,"key":"Turnip"}],"event_choices":[{"cards_removed":["Strike_R"],"damage_healed":0,"gold_gain":0,"player_choice":"Card Removal","damage_taken":0,"max_hp_gain":0,"max_hp_loss":0,"event_name":"The Cleric","floor":2,"gold_loss":75},{"damage_healed":0,"gold_gain":0,"cards_transformed":["Strike_R"],"player_choice":"Transformed","damage_taken":0,"max_hp_gain":0,"max_hp_loss":0,"event_name":"Transmorgrifier","floor":4,"gold_loss":0,"cards_obtained":["Feed"]},{"damage_healed":0,"gold_gain":150,"player_choice":"AGREE","damage_taken":0,"max_hp_gain":0,"max_hp_loss":0,"event_name":"Liars Game","floor":8,"gold_loss":0,"cards_obtained":["Doubt"]},{"damage_healed":0,"gold_gain":0,"player_choice":"Grow","damage_taken":0,"max_hp_gain":0,"max_hp_loss":0,"event_name":"Living Wall","floor":12,"gold_loss":0,"cards_upgraded":["Jack Of All Trades"]},{"damage_healed":0,"gold_gain":0,"player_choice":"Upgraded","damage_taken":0,"max_hp_gain":0,"max_hp_loss":0,"event_name":"Upgrade Shrine","floor":13,"gold_loss":0,"cards_upgraded":["Feed"]},{"cards_removed":["Strike_R"],"damage_healed":0,"gold_gain":0,"player_choice":"Card Removal","damage_taken":0,"max_hp_gain":0,"max_hp_loss":0,"event_name":"Wheel of Change","floor":20,"gold_loss":0}],"is_beta":true,"boss_relics":[{"not_picked":["Coffee Dripper","Black Star"],"picked":"Eternal Feather"}],"items_purged_floors":[10],"is_endless":false,"potions_floor_spawned":[5,7,16,18,19],"killed_by":"Sentry and Sphere","ascension_level":16}