{"gold_per_floor":[115,129,191,366,8,8,42,42,94,125,139,139,157,122,122,227,227,243,18,117,133,133],"floor_reached":22,"playtime":603,"items_purged":["Doubt"],"score":318,"play_id":"e6dddc56-09e2-493f-8dd0-ef8271afb4d8","local_time":"20190127232854","is_ascension_mode":true,"campfire_choices":[{"data":"Scrape","floor":6.0,"key":"SMITH"},{"data":"Chaos","floor":8.0,"key":"SMITH"},{"floor":15.0,"key":"REST"}],"neow_cost":"NONE","seed_source_timestamp":0,"circlet_count":0,"master_deck":["Strike_B","Strike_B","Strike_B","Strike_B","Defend_B","Defend_B","Defend_B","Defend_B","Zap","Dualcast","Streamline","Scrape+1","Gash+1","Chaos+1","Streamline+1","Storm+1","Streamline","Buffer+1","Streamline","Go for the Eyes","Conserve Battery"],"special_seed":0,"relics":["Cracked Core","Frozen Egg 2","Regal Pillow","PreservedInsect","Bronze Scales","Runic Dome","MealTicket"],"potions_floor_usage":[16,22],"damage_taken":[{"damage":1.0,"enemies":"2 Louse","floor":1.0,"turns":2.0},{"damage":5.0,"enemies":"Small Slimes","floor":2.0,"turns":3.0},{"damage":20.0,"enemies":"3 Sentries","floor":7.0,"turns":6.0},{"damage":0.0,"enemies":"Gremlin Nob","floor":10.0,"turns":2.0},{"damage":2.0,"enemies":"Jaw Worm","floor":11.0,"turns":3.0},{"damage":18.0,"enemies":"Large Slime","floor":13.0,"turns":4.0},{"damage":54,"enemies":"Hexaghost","floor":16,"turns":7},{"damage":11,"enemies":"Spheric Guardian","floor":18,"turns":3},{"damage":30,"enemies":"Shell Parasite","floor":21,"turns":4},{"damage":22,"enemies":"3 Cultists","floor":22,"turns":4}],"seed_played":"-3809783674279961598","potions_obtained":[{"floor":1.0,"key":"FearPotion"},{"floor":2.0,"key":"Swift Potion"},{"floor":7.0,"key":"Energy Potion"},{"floor":11.0,"key":"Ancient Potion"},{"floor":21,"key":"Ancient Potion"}],"is_trial":false,"path_per_floor":["M","M","?","?","$","R","E","R","T","E","M","?","M","?","R","B",null,"M","$","?","M","M"],"character_chosen":"DEFECT","items_purchased":["Gash","Frozen Egg 2","MealTicket","Go for the Eyes"],"campfire_rested":1,"item_purchase_floors":[5,5,19,19],"current_hp_per_floor":[67,62,62,62,62,62,42,42,42,42,40,25,7,25,62,8,58,47,47,47,17,0],"gold":133,"neow_bonus":"THREE_CARDS","is_prod":false,"is_daily":false,"chose_seed":false,"campfire_upgraded":2,"win_rate":0,"timestamp":1548667734,"path_taken":["M","M","?","?","$","R","E","R","T","E","M","?","M","?","R","BOSS","M","$","?","M","M"],"build_version":"2019-01-23","purchased_purges":1,"victory":false,"max_hp_per_floor":[75,75,75,75,75,75,75,75,75,75,75,75,75,75,75,75,75,75,75,75,75,75],"card_choices":[{"not_picked":["Compile Driver","Hello World"],"picked":"Streamline","floor":0.0},{"not_picked":["Recycle","Static Discharge"],"picked":"Scrape","floor":1.0},{"not_picked":["Redo","Consume","Defragment"],"picked":"SKIP","floor":2.0},{"not_picked":["Double Energy","Hello World+1"],"picked":"Chaos","floor":7.0},{"not_picked":["Stack","Leap"],"picked":"Streamline","floor":10.0},{"not_picked":["Rebound","Force Field"],"picked":"Storm+1","floor":11.0},{"not_picked":["Compile Driver","Turbo"],"picked":"Streamline","floor":13.0},{"not_picked":["Seek","Reboot"],"picked":"Buffer+1","floor":16},{"not_picked":["Reinforced Body","BootSequence+1"],"picked":"Streamline","floor":18},{"not_picked":["Barrage+1","Streamline"],"picked":"Conserve Battery","floor":21}],"player_experience":375787,"relics_obtained":[{"floor":7.0,"key":"Regal Pillow"},{"floor":9.0,"key":"PreservedInsect"},{"floor":10.0,"key":"Bronze Scales"}],"event_choices":[{"damage_healed":0.0,"max_hp_gain":0.0,"max_hp_loss":0.0,"gold_gain":62.0,"event_name":"Golden Wing","player_choice":"Gained Gold","floor":3.0,"gold_loss":0.0,"damage_taken":0.0},{"damage_healed":0.0,"max_hp_gain":0.0,"max_hp_loss":0.0,"gold_gain":175.0,"event_name":"Liars Game","player_choice":"AGREE","floor":4.0,"gold_loss":0.0,"damage_taken":0.0,"cards_obtained":["Doubt"]},{"damage_healed":0.0,"max_hp_gain":0.0,"max_hp_loss":0.0,"gold_gain":0.0,"event_name":"Shining Light","player_choice":"Entered Light","floor":12.0,"gold_loss":0.0,"damage_taken":15.0,"cards_upgraded":["Streamline","Gash"]},{"damage_healed":18.0,"max_hp_gain":0.0,"max_hp_loss":0.0,"gold_gain":0.0,"event_name":"The Cleric","player_choice":"Healed","floor":14.0,"gold_loss":35.0,"damage_taken":0.0},{"damage_healed":0,"gold_gain":99,"player_choice":"Stole From Cult","damage_taken":0,"max_hp_gain":0,"max_hp_loss":0,"event_name":"Nest","floor":20,"gold_loss":0}],"is_beta":false,"boss_relics":[{"not_picked":["Runic Pyramid","Tiny House"],"picked":"Runic Dome"}],"items_purged_floors":[5],"is_endless":false,"potions_floor_spawned":[1,2,7,11,21],"killed_by":"3 Cultists","ascension_level":7}