{"gold_per_floor":[364,384,395,415,38,38,96,96,96,110,110,143,189,189,189,289,289,306,221,221,237,9,9,22,22,322,322,322,339,13,13,13,114,114,126,81,100,100,200,200,220,239,239,269,23,23,37,49,49,49,49,49,0,34,34],"floor_reached":55,"playtime":3069,"items_purged":["Strike_B"],"score":813,"play_id":"e0e1b7c7-1150-40c1-9ac5-48a9cfc82ada","local_time":"20181130131411","is_ascension_mode":true,"campfire_choices":[{"data":"Zap","floor":6.0,"key":"SMITH"},{"data":"Fission","floor":8.0,"key":"SMITH"},{"floor":11.0,"key":"REST"},{"floor":15.0,"key":"REST"},{"data":"Buffer","floor":23.0,"key":"SMITH"},{"data":"Seek","floor":25.0,"key":"SMITH"},{"floor":28.0,"key":"RECALL"},{"data":"Secret Weapon","floor":32.0,"key":"SMITH"},{"floor":40.0,"key":"REST"},{"floor":46.0,"key":"REST"},{"floor":49.0,"key":"REST"},{"floor":52.0,"key":"REST"}],"neow_cost":"TEN_PERCENT_HP_LOSS","seed_source_timestamp":518592284096463,"circlet_count":0,"master_deck":["Strike_B","Strike_B","Strike_B","Defend_B+1","Defend_B","Defend_B","Defend_B","Zap+1","Dualcast+1","Sweeping Beam","Cold Snap+1","Capacitor","Fission+1","Buffer+1","Reboot","Ball Lightning","Beam Cell+1","Rip and Tear","Seek+1","Compile Driver+1","Secret Weapon+1","Echo Form","Go for the Eyes+1","Conserve Battery+1","Rip and Tear+1","Chill+1","Streamline+1","Echo Form","Parasite","Compile Driver+1","FTL","Streamline","Meteor Strike"],"special_seed":0,"relics":["Cracked Core","Vajra","Strawberry","Tiny Chest","Question Card","Nunchaku","Pen Nib","Sozu","Pantograph","Matryoshka","Oddly Smooth Stone","Smiling Mask","Old Coin","Anchor","Fusion Hammer","Mango","War Paint","Ancient Tea Set","DollysMirror","Pocketwatch"],"potions_floor_usage":[],"damage_taken":[{"damage":6.0,"enemies":"Cultist","floor":1.0,"turns":3.0},{"damage":0.0,"enemies":"2 Louse","floor":2.0,"turns":3.0},{"damage":2.0,"enemies":"Jaw Worm","floor":3.0,"turns":3.0},{"damage":7.0,"enemies":"Exordium Wildlife","floor":4.0,"turns":5.0},{"damage":27.0,"enemies":"Gremlin Nob","floor":7.0,"turns":5.0},{"damage":2.0,"enemies":"2 Fungi Beasts","floor":10.0,"turns":3.0},{"damage":28.0,"enemies":"3 Sentries","floor":12.0,"turns":5.0},{"damage":14.0,"enemies":"The Guardian","floor":16.0,"turns":13.0},{"damage":5.0,"enemies":"Chosen","floor":18.0,"turns":3.0},{"damage":4.0,"enemies":"Shell Parasite","floor":21.0,"turns":4.0},{"damage":4.0,"enemies":"Chosen and Byrds","floor":24.0,"turns":3.0},{"damage":12.0,"enemies":"Snake Plant","floor":29.0,"turns":3.0},{"damage":18.0,"enemies":"Champ","floor":33.0,"turns":8.0},{"damage":4.0,"enemies":"3 Shapes","floor":35.0,"turns":4.0},{"damage":0.0,"enemies":"Orb Walker","floor":37.0,"turns":2.0},{"damage":5.0,"enemies":"Mind Bloom Boss Battle","floor":39.0,"turns":5.0},{"damage":0.0,"enemies":"Transient","floor":41.0,"turns":5.0},{"damage":0.0,"enemies":"Spire Growth","floor":42.0,"turns":3.0},{"damage":1.0,"enemies":"Nemesis","floor":44.0,"turns":9.0},{"damage":0.0,"enemies":"Writhing Mass","floor":47.0,"turns":8.0},{"damage":0.0,"enemies":"Sphere and 2 Shapes","floor":48.0,"turns":4.0},{"damage":29.0,"enemies":"Donu and Deca","floor":50.0,"turns":10.0},{"damage":14.0,"enemies":"Shield and Spear","floor":54.0,"turns":6.0},{"damage":91,"enemies":"The Heart","floor":55,"turns":6}],"seed_played":"-6928066188948053779","potions_obtained":[{"floor":1.0,"key":"Weak Potion"},{"floor":4.0,"key":"SpeedPotion"},{"floor":16.0,"key":"SkillPotion"}],"is_trial":false,"path_per_floor":["M","M","M","M","$","R","E","R","T","M","R","E","T","?","R","B",null,"M","?","T","M","$","R","M","R","T","?","R","M","$","$","R","B",null,"M","$","M","?","?","R","M","M","T","E","$","R","M","M","R","B",null,"R","$","E","B"],"character_chosen":"DEFECT","items_purchased":["Capacitor","Vajra","Strawberry","Oddly Smooth Stone","Rip and Tear","Anchor","Secret Weapon","Conserve Battery","DollysMirror","Streamline"],"campfire_rested":6,"item_purchase_floors":[5,5,5,22,22,30,30,36,45,53],"current_hp_per_floor":[62,62,60,53,60,60,33,33,33,31,53,25,25,10,32,18,75,70,70,70,66,66,66,62,62,62,62,62,50,50,50,50,57,75,71,71,71,71,84,89,89,89,89,88,88,89,89,89,89,60,89,89,89,75,0],"gold":34,"neow_bonus":"TWO_FIFTY_GOLD","is_prod":false,"is_daily":false,"chose_seed":false,"campfire_upgraded":5,"win_rate":0,"timestamp":1543601651,"path_taken":["M","M","M","M","$","R","E","R","T","M","R","E","?","?","R","BOSS","M","?","?","M","$","R","M","R","T","?","R","M","?","$","R","BOSS","M","$","?","?","?","R","M","M","T","E","$","R","M","M","R","BOSS","R","$","E","BOSS"],"build_version":"2018-11-15","purchased_purges":1,"victory":false,"max_hp_per_floor":[68,68,68,68,75,75,75,75,75,75,75,75,75,75,75,75,75,75,75,75,75,75,75,75,75,75,75,75,75,75,75,75,75,75,75,75,75,75,89,89,89,89,89,89,89,89,89,89,89,89,89,89,89,89,89],"card_choices":[{"not_picked":["Turbo","Undo"],"picked":"Sweeping Beam","floor":1.0},{"not_picked":["Leap","Turbo","Stack"],"picked":"SKIP","floor":2.0},{"not_picked":["Redo","Melter"],"picked":"Cold Snap","floor":3.0},{"not_picked":["Stack","Loop","Beam Cell"],"picked":"SKIP","floor":4.0},{"not_picked":["Stack","Compile Driver"],"picked":"Fission","floor":7.0},{"not_picked":["Steam","Gash","Leap","Static Discharge"],"picked":"SKIP","floor":10.0},{"not_picked":["Compile Driver","Amplify","Stack"],"picked":"Buffer","floor":12.0},{"not_picked":["Meteor Strike","Buffer","Creative AI"],"picked":"Reboot","floor":16.0},{"not_picked":["Steam","Rebound","Hologram"],"picked":"Ball Lightning","floor":18.0},{"not_picked":["Gash","Rebound","Coolheaded"],"picked":"Beam Cell+1","floor":21.0},{"not_picked":["Ball Lightning","Hologram+1","Rebound+1"],"picked":"Seek","floor":24.0},{"not_picked":["Go for the Eyes","Steam","Barrage"],"picked":"Compile Driver+1","floor":29.0},{"not_picked":["Rainbow","Meteor Strike","Electrodynamics"],"picked":"Echo Form","floor":33.0},{"not_picked":["Turbo","Hologram","Gash+1"],"picked":"Go for the Eyes+1","floor":35.0},{"not_picked":["Hologram+1","Leap","Static Discharge"],"picked":"Rip and Tear+1","floor":37.0},{"not_picked":["Recycle+1","Self Repair","Stack+1"],"picked":"Chill+1","floor":39.0},{"not_picked":["Aggregate+1","Compile Driver","Reprogram","Genetic Algorithm+1"],"picked":"SKIP","floor":41.0},{"not_picked":["Rebound","Compile Driver","White Noise","Steam"],"picked":"SKIP","floor":42.0},{"not_picked":["Chaos","Coolheaded+1","Blizzard+1"],"picked":"Streamline+1","floor":44.0},{"not_picked":["Turbo+1","Thunder Strike","Darkness"],"picked":"Compile Driver+1","floor":47.0},{"not_picked":["Gash","Coolheaded+1","Barrage"],"picked":"FTL","floor":48.0},{"not_picked":["Leap","Ball Lightning+1","Hologram+1"],"picked":"Meteor Strike","floor":54.0}],"player_experience":120883,"relics_obtained":[{"floor":7.0,"key":"Tiny Chest"},{"floor":9.0,"key":"Question Card"},{"floor":12.0,"key":"Nunchaku"},{"floor":13.0,"key":"Pen Nib"},{"floor":20.0,"key":"Matryoshka"},{"floor":26.0,"key":"Smiling Mask"},{"floor":26.0,"key":"Old Coin"},{"floor":39.0,"key":"Mango"},{"floor":43.0,"key":"War Paint"},{"floor":44.0,"key":"Ancient Tea Set"},{"floor":54.0,"key":"Pocketwatch"}],"event_choices":[{"damage_healed":0.0,"max_hp_gain":0.0,"max_hp_loss":0.0,"gold_gain":0.0,"event_name":"Shining Light","player_choice":"Entered Light","floor":14.0,"gold_loss":0.0,"damage_taken":15.0,"cards_upgraded":["Cold Snap","Dualcast"]},{"damage_healed":0.0,"max_hp_gain":0.0,"max_hp_loss":0.0,"gold_gain":0.0,"event_name":"Addict","player_choice":"Obtained Relic","floor":19.0,"gold_loss":85.0,"damage_taken":0.0,"relics_obtained":["Pantograph"]},{"damage_healed":0.0,"max_hp_gain":0.0,"max_hp_loss":0.0,"gold_gain":0.0,"event_name":"Beggar","player_choice":"Ignored","floor":27.0,"gold_loss":0.0,"damage_taken":0.0},{"damage_healed":0.0,"max_hp_gain":0.0,"max_hp_loss":0.0,"gold_gain":0.0,"event_name":"Mysterious Sphere","player_choice":"Ignored","floor":38.0,"gold_loss":0.0,"damage_taken":0.0},{"damage_healed":0.0,"max_hp_gain":0.0,"max_hp_loss":0.0,"gold_gain":0.0,"event_name":"MindBloom","player_choice":"Fight","floor":39.0,"gold_loss":0.0,"damage_taken":0.0}],"is_beta":false,"boss_relics":[{"not_picked":["FrozenCore","Ectoplasm"],"picked":"Sozu"},{"not_picked":["Eternal Feather","Tiny House"],"picked":"Fusion Hammer"}],"items_purged_floors":[45],"is_endless":false,"potions_floor_spawned":[1,4,16,21,33,39,41,42,47],"killed_by":"The Heart","ascension_level":3}