{"gold_per_floor":[118,128,128,140,151,151,170,5,5,32,70,82,108,137,149,235,247,274,49,59,74,86,86,96,96],"floor_reached":25,"playtime":1167,"items_purged":["Strike_G","Strike_G"],"score":386,"play_id":"37630f10-e44f-4e26-8bf3-b64674055350","local_time":"20190301200057","is_ascension_mode":true,"campfire_choices":[{"data":"Sucker Punch","floor":6.0,"key":"SMITH"},{"data":"Catalyst","floor":12.0,"key":"SMITH"},{"data":"Deadly Poison","floor":15.0,"key":"SMITH"},{"floor":23.0,"key":"REST"}],"neow_cost":"NONE","seed_source_timestamp":1262062784704859,"circlet_count":0,"master_deck":["AscendersBane","Defend_G","Defend_G","Defend_G","Defend_G","Defend_G","Strike_G","Strike_G","Strike_G","Survivor","Neutralize+1","Sucker Punch+1","Dash","Deadly Poison+1","Cloak And Dagger","Envenom","Infinite Blades","Catalyst+1","Corpse Explosion","Night Terror"],"special_seed":0,"relics":["Ring of the Snake","Darkstone Periapt","MawBank","Dream Catcher","Snecko Eye"],"potions_floor_usage":[25],"damage_taken":[{"damage":0.0,"enemies":"Small Slimes","floor":1.0,"turns":4.0},{"damage":5.0,"enemies":"Jaw Worm","floor":2.0,"turns":6.0},{"damage":0.0,"enemies":"Cultist","floor":4.0,"turns":4.0},{"damage":0.0,"enemies":"Red Slaver","floor":5.0,"turns":4.0},{"damage":0.0,"enemies":"3 Louse","floor":7.0,"turns":4.0},{"damage":12.0,"enemies":"Lagavulin","floor":10.0,"turns":7.0},{"damage":8.0,"enemies":"Large Slime","floor":13.0,"turns":6.0},{"damage":0.0,"enemies":"Blue Slaver","floor":14.0,"turns":5.0},{"damage":16.0,"enemies":"The Guardian","floor":16.0,"turns":10.0},{"damage":4.0,"enemies":"Chosen","floor":18.0,"turns":6.0},{"damage":6.0,"enemies":"2 Thieves","floor":20.0,"turns":3.0},{"damage":22.0,"enemies":"Snake Plant","floor":21.0,"turns":4.0},{"damage":8.0,"enemies":"Chosen and Byrds","floor":22.0,"turns":2.0},{"damage":23,"enemies":"Centurion and Healer","floor":24,"turns":6},{"damage":19,"enemies":"Snake Plant","floor":25,"turns":3}],"seed_played":"-4328078298849787447","potions_obtained":[{"floor":5.0,"key":"PowerPotion"},{"floor":10.0,"key":"Strength Potion"},{"floor":16.0,"key":"Ancient Potion"},{"floor":22.0,"key":"Explosive Potion"}],"is_trial":false,"path_per_floor":["M","M","?","M","M","R","M","$","T","E","T","R","M","M","R","B",null,"M","$","M","M","M","R","M","M"],"character_chosen":"THE_SILENT","items_purchased":["Infinite Blades","Dexterity Potion","Night Terror"],"campfire_rested":1,"item_purchase_floors":[8,8,19],"current_hp_per_floor":[63,58,70,70,70,70,70,70,70,58,58,58,50,50,50,34,61,57,57,51,29,21,42,19,0],"gold":96,"neow_bonus":"UPGRADE_CARD","is_prod":false,"is_daily":false,"chose_seed":false,"campfire_upgraded":3,"win_rate":0,"timestamp":1551466857,"path_taken":["M","M","?","M","M","R","M","$","T","E","?","R","M","M","R","BOSS","M","$","M","M","M","R","M","M"],"build_version":"2019-01-23","purchased_purges":2,"victory":false,"max_hp_per_floor":[70,70,70,70,70,70,70,70,70,70,70,70,70,70,70,70,70,70,70,70,70,70,70,70,70],"card_choices":[{"not_picked":["Outmaneuver","Backflip"],"picked":"Sucker Punch","floor":1.0},{"not_picked":["Backflip","Bane"],"picked":"Dash","floor":2.0},{"not_picked":["Dagger Throw","Setup"],"picked":"Deadly Poison","floor":4.0},{"not_picked":["Choke","Deadly Poison"],"picked":"Cloak And Dagger","floor":5.0},{"not_picked":["Bane","Blade Dance"],"picked":"Envenom","floor":7.0},{"not_picked":["Acrobatics","Quick Slash"],"picked":"Catalyst","floor":10.0},{"not_picked":["Distraction","Quick Slash","Acrobatics"],"picked":"SKIP","floor":13.0},{"not_picked":["Eviscerate","Quick Slash","Blur"],"picked":"SKIP","floor":14.0},{"not_picked":["Venomology","Envenom"],"picked":"Corpse Explosion","floor":16.0},{"not_picked":["Predator","Choke","Bane"],"picked":"SKIP","floor":18.0},{"not_picked":["Eviscerate","Quick Slash","Acrobatics"],"picked":"SKIP","floor":20.0},{"not_picked":["Acrobatics","Distraction","Sucker Punch"],"picked":"SKIP","floor":21.0},{"not_picked":["Dagger Spray","Heel Hook","Prepared+1"],"picked":"SKIP","floor":22.0},{"not_picked":["Quick Slash","Bane","Dodge and Roll"],"picked":"SKIP","floor":24}],"player_experience":683633,"relics_obtained":[{"floor":9.0,"key":"Darkstone Periapt"},{"floor":10.0,"key":"MawBank"},{"floor":11.0,"key":"Dream Catcher"}],"event_choices":[{"damage_healed":23.0,"max_hp_gain":0.0,"max_hp_loss":0.0,"gold_gain":0.0,"event_name":"Big Fish","player_choice":"Banana","floor":3.0,"gold_loss":0.0,"damage_taken":0.0}],"is_beta":false,"boss_relics":[{"not_picked":["Coffee Dripper","Calling Bell"],"picked":"Snecko Eye"}],"items_purged_floors":[8,19],"is_endless":false,"potions_floor_spawned":[5,10,16,22],"killed_by":"Snake Plant","ascension_level":13}