{"gold_per_floor":[114,114,189,189,28,28,28,61,61,92,92,127,1,1,1,100,100,100,100,100,100,14,14,14,14,14,14,14,14,14,14,14,14],"floor_reached":33,"playtime":1031,"items_purged":["Regret","Strike_G"],"score":618,"play_id":"74e184bd-a478-4fad-80d0-20ca6c4dfbc3","local_time":"20190305175245","is_ascension_mode":true,"campfire_choices":[{"data":"Noxious Fumes","floor":6,"key":"SMITH"},{"data":"Sucker Punch","floor":11,"key":"SMITH"},{"data":"Neutralize","floor":15,"key":"SMITH"},{"data":"Discovery","floor":23,"key":"SMITH"},{"floor":25,"key":"REST"},{"data":"Burst","floor":30,"key":"SMITH"},{"floor":32,"key":"REST"}],"neow_cost":"NONE","seed_source_timestamp":315124894754283,"circlet_count":0,"master_deck":["AscendersBane","Defend_G","Defend_G","Defend_G","Defend_G","Defend_G","Strike_G","Strike_G","Strike_G","Survivor","Neutralize+1","Sucker Punch+1","Noxious Fumes+1","Backstab","Leg Sweep","Deadly Poison+1","Tools of the Trade","Cloak And Dagger","Necronomicurse","Discovery+1","Burst+1","PiercingWail"],"relics":["Ring of the Snake","NeowsBlessing","Mango","Golden Idol","Thread and Needle","The Courier","Ginger","Anchor","Ectoplasm","Necronomicon","Strawberry","Boot"],"potions_floor_usage":[12,21],"damage_taken":[{"damage":0,"enemies":"Cultist","floor":1,"turns":1},{"damage":0,"enemies":"Gremlin Nob","floor":8,"turns":1},{"damage":0,"enemies":"Lagavulin","floor":10,"turns":1},{"damage":10,"enemies":"3 Sentries","floor":12,"turns":8},{"damage":10,"enemies":"The Guardian","floor":16,"turns":9},{"damage":0,"enemies":"Shell Parasite","floor":18,"turns":6},{"damage":2,"enemies":"3 Byrds","floor":21,"turns":4},{"damage":0,"enemies":"Cultist and Chosen","floor":24,"turns":8},{"damage":34,"enemies":"Book of Stabbing","floor":29,"turns":7},{"damage":5,"enemies":"Snake Plant","floor":31,"turns":5},{"damage":58,"enemies":"Collector","floor":33,"turns":8}],"seed_played":"-963516325580204049","potions_obtained":[{"floor":8,"key":"Strength Potion"},{"floor":12,"key":"Explosive Potion"}],"is_trial":false,"path_per_floor":["M","?","?","?","$","R","?","E","T","E","R","E","$","?","R","B",null,"M","?","?","M","$","R","M","R","T","?","$","E","R","M","R","B"],"character_chosen":"THE_SILENT","items_purchased":["Noxious Fumes","Deadly Poison","Discovery"],"campfire_rested":2,"item_purchase_floors":[5,13,22],"current_hp_per_floor":[59,52,41,55,55,55,55,55,55,55,55,45,45,45,45,35,63,63,42,37,35,35,35,35,56,63,63,63,29,29,24,47,0],"gold":14,"neow_bonus":"THREE_ENEMY_KILL","is_prod":false,"is_daily":false,"chose_seed":false,"campfire_upgraded":5,"win_rate":0,"timestamp":1551804765,"path_taken":["M","?","?","?","$","R","?","E","T","E","R","E","$","?","R","BOSS","M","?","?","M","$","R","?","R","T","?","?","E","R","M","R","BOSS"],"build_version":"2019-01-23","purchased_purges":2,"victory":false,"max_hp_per_floor":[66,66,66,80,80,80,72,72,72,72,72,72,72,72,72,72,72,72,72,72,72,72,72,72,72,79,79,79,79,79,79,79,79],"card_choices":[{"not_picked":["Dodge and Roll","Concentrate"],"picked":"Sucker Punch","floor":1},{"not_picked":["Flying Knee","Bouncing Flask"],"picked":"Backstab","floor":8},{"not_picked":["Slice","Prepared","Deflect"],"picked":"SKIP","floor":10},{"not_picked":["Caltrops","Cloak And Dagger"],"picked":"Leg Sweep","floor":12},{"not_picked":["Wraith Form v2","Doppelganger"],"picked":"Tools of the Trade","floor":16},{"not_picked":["Deflect","Acrobatics"],"picked":"Cloak And Dagger","floor":18},{"not_picked":["Acrobatics","Dodge and Roll","Tactician"],"picked":"SKIP","floor":21},{"not_picked":["Sucker Punch","Deadly Poison","Flying Knee"],"picked":"SKIP","floor":24},{"not_picked":["Poisoned Stab","PiercingWail"],"picked":"Burst","floor":29},{"not_picked":["All Out Attack","Dodge and Roll"],"picked":"PiercingWail","floor":31}],"player_experience":896325,"relics_obtained":[{"floor":8,"key":"Thread and Needle"},{"floor":9,"key":"The Courier"},{"floor":10,"key":"Ginger"},{"floor":12,"key":"Anchor"},{"floor":19,"key":"Necronomicon"},{"floor":26,"key":"Strawberry"},{"floor":29,"key":"Boot"}],"event_choices":[{"cards_removed":["Strike_G"],"damage_healed":0,"gold_gain":0,"player_choice":"Card Removal","damage_taken":7,"max_hp_gain":0,"max_hp_loss":0,"event_name":"Golden Wing","floor":2,"gold_loss":0},{"damage_healed":0,"gold_gain":75,"player_choice":"Gather Gold","damage_taken":11,"max_hp_gain":0,"max_hp_loss":0,"event_name":"World of Goop","floor":3,"gold_loss":0},{"damage_healed":0,"gold_gain":0,"player_choice":"Box","damage_taken":0,"relics_obtained":["Mango"],"max_hp_gain":0,"max_hp_loss":0,"event_name":"Big Fish","floor":4,"gold_loss":0,"cards_obtained":["Regret"]},{"damage_healed":0,"gold_gain":0,"player_choice":"Lose Max HP","damage_taken":0,"relics_obtained":["Golden Idol"],"max_hp_gain":0,"max_hp_loss":8,"event_name":"Golden Idol","floor":7,"gold_loss":0},{"damage_healed":0,"gold_gain":0,"player_choice":"Grow","damage_taken":0,"max_hp_gain":0,"max_hp_loss":0,"event_name":"Living Wall","floor":14,"gold_loss":0,"cards_upgraded":["Deadly Poison"]},{"damage_healed":0,"gold_gain":0,"player_choice":"Obtained Book","damage_taken":21,"max_hp_gain":0,"max_hp_loss":0,"event_name":"Cursed Tome","floor":19,"gold_loss":0},{"damage_healed":0,"gold_gain":0,"player_choice":"Punched","damage_taken":5,"max_hp_gain":0,"max_hp_loss":0,"event_name":"Designer","floor":20,"gold_loss":0}],"is_beta":false,"boss_relics":[{"not_picked":["Busted Crown","Tiny House"],"picked":"Ectoplasm"}],"items_purged_floors":[5,13],"is_endless":false,"potions_floor_spawned":[8,12],"killed_by":"Collector","ascension_level":18}