{"gold_per_floor":[114,114,25,40,55,55,70,87,87,87,117,117,147,162,162,262,262,277,292,172,97,112,142,142,157,157,257,272,287,287,317,317,317],"floor_reached":33,"playtime":1826,"items_purged":[],"score":297,"play_id":"d79854a7-ab31-4d47-8125-8e8dbc8cecf5","local_time":"20190308155708","daily_mods":["SealedDeck","Time Dilation","Binary"],"is_ascension_mode":false,"campfire_choices":[{"data":"Armaments","floor":6,"key":"SMITH"},{"data":"Metallicize","floor":10,"key":"SMITH"},{"data":"Shrug It Off","floor":15,"key":"SMITH"},{"data":"Double Tap","floor":24,"key":"SMITH"},{"data":"Shrug It Off","floor":30,"key":"SMITH"},{"floor":32,"key":"REST"}],"neow_cost":"","seed_source_timestamp":0,"circlet_count":0,"master_deck":["Rampage","Seeing Red","Twin Strike","Wild Strike","Whirlwind","Shrug It Off+1","Metallicize+1","Cleave","Perfected Strike","Armaments+1","Thunderclap","Double Tap+1","Juggernaut+1","Shrug It Off+1","Swift Strike"],"special_seed":17963,"relics":["Burning Blood","Odd Mushroom","Frozen Egg 2","Bronze Scales","Potion Belt","Busted Crown","PreservedInsect","Peace Pipe","Lantern"],"potions_floor_usage":[31,33],"damage_taken":[{"damage":3,"enemies":"Cultist","floor":1,"turns":3},{"damage":5,"enemies":"Small Slimes","floor":4,"turns":2},{"damage":1,"enemies":"2 Louse","floor":5,"turns":2},{"damage":4,"enemies":"Exordium Thugs","floor":7,"turns":4},{"damage":7,"enemies":"The Mushroom Lair","floor":8,"turns":2},{"damage":2,"enemies":"Gremlin Nob","floor":11,"turns":3},{"damage":24,"enemies":"3 Sentries","floor":13,"turns":5},{"damage":2,"enemies":"Blue Slaver","floor":14,"turns":2},{"damage":51,"enemies":"The Guardian","floor":16,"turns":11},{"damage":24,"enemies":"Shell Parasite","floor":18,"turns":4},{"damage":6,"enemies":"3 Byrds","floor":19,"turns":3},{"damage":0,"enemies":"Cultist and Chosen","floor":22,"turns":4},{"damage":9,"enemies":"Gremlin Leader","floor":23,"turns":6},{"damage":17,"enemies":"Shelled Parasite and Fungi","floor":25,"turns":4},{"damage":22,"enemies":"Centurion and Healer","floor":28,"turns":5},{"damage":10,"enemies":"Sentry and Sphere","floor":29,"turns":4},{"damage":17,"enemies":"Book of Stabbing","floor":31,"turns":3},{"damage":57,"enemies":"Champ","floor":33,"turns":7}],"seed_played":"-4512309854435901200","potions_obtained":[{"floor":1,"key":"EssenceOfSteel"},{"floor":5,"key":"Ancient Potion"},{"floor":7,"key":"SpeedPotion"},{"floor":18,"key":"SpeedPotion"},{"floor":23,"key":"Explosive Potion"},{"floor":31,"key":"Strength Potion"}],"is_trial":false,"path_per_floor":["M","$","$","M","M","R","M","?","T","R","E","?","E","M","R","B",null,"M","M","$","?","M","E","R","M","T","?","M","M","R","E","R","B"],"character_chosen":"IRONCLAD","items_purchased":["Swift Strike","Shrug It Off","Swift Strike"],"campfire_rested":1,"item_purchase_floors":[3,20,20],"current_hp_per_floor":[80,80,80,80,80,80,80,79,79,79,80,80,62,66,66,21,80,62,62,62,62,68,65,65,54,54,54,38,34,34,23,47,0],"gold":317,"neow_bonus":"","is_prod":false,"is_daily":true,"chose_seed":false,"campfire_upgraded":5,"win_rate":0,"timestamp":1552057028,"path_taken":["M","?","$","?","M","R","M","?","T","R","E","?","E","M","R","BOSS","M","?","$","?","M","E","R","M","T","?","?","?","R","E","R","BOSS"],"build_version":"2019-01-23","purchased_purges":0,"victory":false,"max_hp_per_floor":[80,80,80,80,80,80,80,80,80,80,80,80,80,80,80,80,80,80,80,80,80,80,80,80,80,80,80,80,80,80,80,80,80],"card_choices":[{"not_picked":["Heavy Blade","Evolve"],"picked":"SKIP","floor":1},{"not_picked":["Evolve"],"picked":"Thunderclap","floor":4},{"not_picked":["Iron Wave","Twin Strike"],"picked":"SKIP","floor":5},{"not_picked":["Wild Strike","Iron Wave"],"picked":"SKIP","floor":7},{"not_picked":["Thunderclap","Seeing Red"],"picked":"SKIP","floor":11},{"not_picked":["Entrench"],"picked":"Double Tap","floor":13},{"not_picked":["Thunderclap","Sword Boomerang"],"picked":"SKIP","floor":14},{"not_picked":["Brutality+1"],"picked":"Juggernaut+1","floor":16}],"player_experience":118181,"relics_obtained":[{"floor":8,"key":"Odd Mushroom"},{"floor":9,"key":"Frozen Egg 2"},{"floor":11,"key":"Bronze Scales"},{"floor":13,"key":"Potion Belt"},{"floor":23,"key":"PreservedInsect"},{"floor":26,"key":"Peace Pipe"},{"floor":31,"key":"Lantern"}],"event_choices":[{"damage_healed":0,"gold_gain":0,"player_choice":"Fought Mushrooms","damage_taken":0,"max_hp_gain":0,"max_hp_loss":0,"event_name":"Mushrooms","floor":8,"gold_loss":0},{"damage_healed":0,"gold_gain":0,"cards_transformed":["Swift Strike"],"player_choice":"Transformed","damage_taken":0,"max_hp_gain":0,"max_hp_loss":0,"event_name":"Transmorgrifier","floor":12,"gold_loss":0,"cards_obtained":["The Bomb"]},{"cards_removed":["The Bomb"],"damage_healed":0,"gold_gain":0,"player_choice":"Gave Gold","damage_taken":0,"max_hp_gain":0,"max_hp_loss":0,"event_name":"Beggar","floor":21,"gold_loss":75},{"damage_healed":0,"gold_gain":100,"player_choice":"Pray","damage_taken":0,"max_hp_gain":0,"max_hp_loss":0,"event_name":"Golden Shrine","floor":27,"gold_loss":0}],"is_beta":false,"boss_relics":[{"not_picked":["White Beast Statue","Runic Dome"],"picked":"Busted Crown"}],"items_purged_floors":[],"is_endless":false,"potions_floor_spawned":[1,5,7,11,18,23,28,31],"killed_by":"Champ","ascension_level":0}