{"gold_per_floor":[114,114,129,144,69,69,84,84,84,84,99,99,99,114,114,214,214,229,61,61,76,76,76,76,76,76,91,116,116,116],"floor_reached":30,"playtime":1349,"items_purged":["Strike_G","Mind Blast"],"score":218,"play_id":"6234f58f-c58e-488d-9245-a169c0bad82b","local_time":"20190309182340","daily_mods":["Allstar","Flight","Night Terrors"],"is_ascension_mode":false,"campfire_choices":[{"data":"Noxious Fumes","floor":6,"key":"SMITH"},{"data":"Strike_G","floor":8,"key":"SMITH"},{"data":"Neutralize","floor":13,"key":"SMITH"},{"data":"Finesse","floor":15,"key":"SMITH"},{"data":"Bouncing Flask","floor":23,"key":"SMITH"},{"data":"Corpse Explosion","floor":25,"key":"SMITH"}],"neow_cost":"","seed_source_timestamp":0,"circlet_count":0,"master_deck":["Defend_G","Defend_G","Defend_G","Defend_G","Defend_G","Strike_G","Strike_G","Survivor","Neutralize+1","Metamorphosis","Finesse+1","Dark Shackles","Mayhem","Noxious Fumes+1","Deadly Poison","Tactician","Slice","Corpse Explosion+1","Dagger Spray","Bouncing Flask+1","Dagger Throw","Phantasmal Killer","Pain","Deflect+1"],"special_seed":17964,"relics":["Ring of the Snake","CultistMask","Pen Nib","Black Star","Enchiridion","WarpedTongs","Gremlin Horn","Bronze Scales"],"potions_floor_usage":[16,16,16,27],"damage_taken":[{"damage":5,"enemies":"Small Slimes","floor":1,"turns":3},{"damage":0,"enemies":"Cultist","floor":3,"turns":3},{"damage":1,"enemies":"2 Louse","floor":4,"turns":4},{"damage":0,"enemies":"Looter","floor":7,"turns":4},{"damage":8,"enemies":"3 Louse","floor":11,"turns":4},{"damage":1,"enemies":"Exordium Thugs","floor":14,"turns":4},{"damage":26,"enemies":"The Guardian","floor":16,"turns":10},{"damage":16,"enemies":"Spheric Guardian","floor":18,"turns":5},{"damage":15,"enemies":"2 Thieves","floor":21,"turns":4},{"damage":4,"enemies":"Snecko","floor":27,"turns":4},{"damage":24,"enemies":"Colosseum Slavers","floor":30,"turns":2}],"seed_played":"-1382854420231312037","potions_obtained":[{"floor":1,"key":"SteroidPotion"},{"floor":4,"key":"AttackPotion"},{"floor":7,"key":"SteroidPotion"},{"floor":18,"key":"AttackPotion"}],"is_trial":false,"path_per_floor":["M","?","M","M","$","R","M","R","T","?","M","$","R","M","R","B",null,"M","$","?","M","?","R","?","R","T","M","T","$","?"],"character_chosen":"THE_SILENT","items_purchased":["Bouncing Flask"],"campfire_rested":0,"item_purchase_floors":[19],"current_hp_per_floor":[65,65,65,64,64,64,64,64,64,64,56,56,56,55,55,29,70,54,54,38,23,23,23,23,23,23,19,19,19,0],"gold":116,"neow_bonus":"","is_prod":false,"is_daily":true,"chose_seed":false,"campfire_upgraded":6,"win_rate":0,"timestamp":1552152220,"path_taken":["M","?","?","?","$","R","?","R","T","?","M","$","R","M","R","BOSS","M","$","?","M","?","R","?","R","T","?","?","$","?"],"build_version":"2019-01-23","purchased_purges":2,"victory":false,"max_hp_per_floor":[70,70,70,70,70,70,70,70,70,70,70,70,70,70,70,70,70,70,70,70,70,70,70,70,70,70,70,70,70,70],"card_choices":[{"not_picked":["Infinite Blades","Skewer"],"picked":"Noxious Fumes","floor":1},{"not_picked":["Endless Agony","Noxious Fumes"],"picked":"Deadly Poison","floor":3},{"not_picked":["Dodge and Roll","All Out Attack"],"picked":"Tactician","floor":4},{"not_picked":["Quick Slash","Glass Knife","Terror"],"picked":"SKIP","floor":7},{"not_picked":["Choke","Deadly Poison"],"picked":"Slice","floor":11},{"not_picked":["Terror","Acrobatics","Underhanded Strike"],"picked":"SKIP","floor":14},{"not_picked":["Wraith Form v2","Doppelganger"],"picked":"Corpse Explosion","floor":16},{"not_picked":["Setup+1","Escape Plan+1"],"picked":"Dagger Spray","floor":18},{"not_picked":["Acrobatics","Tactician","Underhanded Strike+1"],"picked":"SKIP","floor":21},{"not_picked":["Outmaneuver","Flechettes"],"picked":"Deflect+1","floor":27}],"player_experience":123769,"relics_obtained":[{"floor":9,"key":"Pen Nib"},{"floor":20,"key":"Enchiridion"},{"floor":26,"key":"Gremlin Horn"},{"floor":28,"key":"Bronze Scales"}],"event_choices":[{"damage_healed":0,"gold_gain":0,"player_choice":"Trade","damage_taken":0,"relics_obtained":["CultistMask"],"max_hp_gain":0,"max_hp_loss":0,"event_name":"FaceTrader","floor":2,"gold_loss":0},{"damage_healed":0,"gold_gain":0,"player_choice":"Ignored","damage_taken":0,"max_hp_gain":0,"max_hp_loss":0,"event_name":"Golden Idol","floor":10,"gold_loss":0},{"damage_healed":0,"gold_gain":0,"player_choice":"Obtained Book","damage_taken":16,"max_hp_gain":0,"max_hp_loss":0,"event_name":"Cursed Tome","floor":20,"gold_loss":0},{"damage_healed":0,"gold_gain":0,"cards_transformed":["Strike_G","Strike_G"],"player_choice":"Became Test Subject","damage_taken":0,"max_hp_gain":0,"max_hp_loss":0,"event_name":"Drug Dealer","floor":22,"gold_loss":0,"cards_obtained":["Dagger Throw","Phantasmal Killer"]},{"damage_healed":0,"gold_gain":0,"player_choice":"Rummage","damage_taken":0,"relics_obtained":["WarpedTongs"],"max_hp_gain":0,"max_hp_loss":0,"event_name":"Accursed Blacksmith","floor":24,"gold_loss":0,"cards_obtained":["Pain"]},{"damage_healed":0,"gold_gain":0,"player_choice":"Fight","damage_taken":0,"max_hp_gain":0,"max_hp_loss":0,"event_name":"Colosseum","floor":30,"gold_loss":0}],"is_beta":false,"boss_relics":[{"not_picked":["Orrery","Runic Dome"],"picked":"Black Star"}],"items_purged_floors":[5,19],"is_endless":false,"potions_floor_spawned":[1,4,7,18],"killed_by":"Colosseum Slavers","ascension_level":0}