{"gold_per_floor":[116,17,92,110,110,110,139,139,139,139,162,21,55,69,69,194,194,209,209,109,122,147,147,147],"floor_reached":24,"playtime":2171,"items_purged":["Strike_B","Strike_B"],"score":235,"play_id":"a1f5149b-664b-4484-9a0d-7aec6ee489b4","local_time":"20190307041219","is_ascension_mode":true,"campfire_choices":[{"floor":6,"key":"RECALL"},{"data":"Seek","floor":10,"key":"SMITH"},{"floor":15,"key":"REST"},{"floor":23,"key":"REST"}],"neow_cost":"NONE","seed_source_timestamp":219003683244508,"circlet_count":0,"master_deck":["Strike_B","Strike_B","Defend_B","Defend_B","Defend_B","Defend_B","Zap","Dualcast","Seek+1","Ball Lightning","Ball Lightning","Beam Cell","Ball Lightning","Glacier","Thunder Strike","Defragment","Capacitor","Echo Form","Defragment"],"relics":["Cracked Core","Art of War","Golden Idol","Blue Candle","Mango","Runic Pyramid"],"potions_floor_usage":[7,16,16,18],"damage_taken":[{"damage":1,"enemies":"Cultist","floor":1,"turns":4},{"damage":2,"enemies":"Jaw Worm","floor":4,"turns":3},{"damage":30,"enemies":"3 Sentries","floor":7,"turns":6},{"damage":0,"enemies":"Small Slimes","floor":11,"turns":2},{"damage":13,"enemies":"Lagavulin","floor":13,"turns":5},{"damage":0,"enemies":"Red Slaver","floor":14,"turns":4},{"damage":6,"enemies":"Slime Boss","floor":16,"turns":7},{"damage":8,"enemies":"Chosen","floor":18,"turns":4},{"damage":21,"enemies":"3 Byrds","floor":21,"turns":5},{"damage":48,"enemies":"3 Cultists","floor":22,"turns":6},{"damage":32,"enemies":"Slavers","floor":24,"turns":3}],"seed_played":"-5444991627047538820","potions_obtained":[{"floor":4,"key":"Poison Potion"},{"floor":11,"key":"Energy Potion"},{"floor":14,"key":"GamblersBrew"},{"floor":16,"key":"Weak Potion"}],"is_trial":false,"path_per_floor":["M","$","?","M","T","R","E","?","T","R","M","$","E","M","R","B",null,"M","?","$","M","M","R","E"],"character_chosen":"DEFECT","items_purchased":["Ball Lightning","Thunder Strike"],"campfire_rested":2,"item_purchase_floors":[2,12],"current_hp_per_floor":[74,74,63,61,61,61,31,31,31,31,31,31,32,32,56,50,83,75,75,75,54,6,30,0],"gold":147,"neow_bonus":"ONE_RANDOM_RARE_CARD","is_prod":false,"is_daily":false,"chose_seed":false,"campfire_upgraded":1,"win_rate":0,"timestamp":1551953539,"path_taken":["M","?","?","M","?","R","E","?","T","R","M","$","E","M","R","BOSS","M","?","$","?","M","R","E"],"build_version":"2019-01-23","purchased_purges":2,"victory":false,"max_hp_per_floor":[75,75,75,75,75,75,75,69,69,69,69,69,83,83,83,83,83,83,83,83,83,83,83,83],"card_choices":[{"not_picked":["Rebound","Hologram"],"picked":"Ball Lightning","floor":1},{"not_picked":["Hologram","Multi-Cast"],"picked":"Beam Cell","floor":4},{"not_picked":["Genetic Algorithm","Rebound"],"picked":"Ball Lightning","floor":7},{"not_picked":["Static Discharge","Compile Driver"],"picked":"Glacier","floor":11},{"not_picked":["Seek","Thunder Strike"],"picked":"Defragment","floor":13},{"not_picked":["Steam","Hologram"],"picked":"Capacitor","floor":14},{"not_picked":["Buffer","Biased Cognition"],"picked":"Echo Form","floor":16},{"not_picked":["Reinforced Body+1","Stack"],"picked":"Defragment","floor":18},{"not_picked":["Ball Lightning","Sweeping Beam+1","Redo"],"picked":"SKIP","floor":21},{"not_picked":["Steam+1","Tempest","Self Repair"],"picked":"SKIP","floor":22}],"player_experience":197173,"relics_obtained":[{"floor":7,"key":"Art of War"},{"floor":9,"key":"Blue Candle"},{"floor":13,"key":"Mango"}],"event_choices":[{"damage_healed":0,"gold_gain":75,"player_choice":"Gather Gold","damage_taken":11,"max_hp_gain":0,"max_hp_loss":0,"event_name":"World of Goop","floor":3,"gold_loss":0},{"damage_healed":0,"gold_gain":0,"player_choice":"Lose Max HP","damage_taken":0,"relics_obtained":["Golden Idol"],"max_hp_gain":0,"max_hp_loss":6,"event_name":"Golden Idol","floor":8,"gold_loss":0},{"damage_healed":0,"gold_gain":0,"player_choice":"Bought 0 Potions","damage_taken":0,"max_hp_gain":0,"max_hp_loss":0,"event_name":"The Woman in Blue","floor":19,"gold_loss":0}],"is_beta":false,"boss_relics":[{"not_picked":["Eternal Feather","Pandora\u0027s Box"],"picked":"Runic Pyramid"}],"items_purged_floors":[2,20],"is_endless":false,"potions_floor_spawned":[4,11,14,16],"killed_by":"Slavers","ascension_level":3}