{"gold_per_floor":[113,131,131,55,71,106,106,117,117,142,153,169,169,169,169,271,271,290,290],"floor_reached":19,"playtime":781,"items_purged":[],"score":188,"play_id":"b2c97a79-99f7-4d7d-8de0-c45b0c02f606","local_time":"20190309235546","is_ascension_mode":true,"campfire_choices":[{"floor":13,"key":"REST"},{"floor":15,"key":"REST"}],"neow_cost":"NONE","seed_source_timestamp":20852648551422,"circlet_count":0,"master_deck":["Defend_G","Defend_G","Defend_G","Defend_G","Defend_G","Strike_G","Strike_G","Strike_G","Strike_G","Survivor","Neutralize","Predator","Deadly Poison","Pain","Prepared","Flying Knee","Slice","Blur","Dagger Spray","Poisoned Stab","Deflect","Adrenaline"],"relics":["Ring of the Snake","NeowsBlessing","WarpedTongs","Paper Crane","Kunai","Eternal Feather"],"potions_floor_usage":[10,10,16],"damage_taken":[{"damage":0,"enemies":"Small Slimes","floor":1,"turns":1},{"damage":0,"enemies":"Cultist","floor":2,"turns":1},{"damage":0,"enemies":"Jaw Worm","floor":5,"turns":1},{"damage":59,"enemies":"3 Sentries","floor":6,"turns":11},{"damage":9,"enemies":"Blue Slaver","floor":8,"turns":4},{"damage":21,"enemies":"Gremlin Nob","floor":10,"turns":4},{"damage":1,"enemies":"Looter","floor":11,"turns":4},{"damage":2,"enemies":"2 Fungi Beasts","floor":12,"turns":4},{"damage":11,"enemies":"Hexaghost","floor":16,"turns":12},{"damage":35,"enemies":"Shell Parasite","floor":18,"turns":7},{"damage":35,"enemies":"Spheric Guardian","floor":19,"turns":5}],"seed_played":"3404127496617915543","potions_obtained":[{"floor":1,"key":"FearPotion"},{"floor":2,"key":"Block Potion"},{"floor":5,"key":"Energy Potion"},{"floor":11,"key":"Dexterity Potion"},{"floor":16,"key":"SkillPotion"}],"is_trial":false,"path_per_floor":["M","M","?","$","M","E","?","M","T","E","M","M","R","?","R","B",null,"M","M"],"character_chosen":"THE_SILENT","items_purchased":["Prepared","Flying Knee"],"campfire_rested":2,"item_purchase_floors":[4,4],"current_hp_per_floor":[70,70,70,70,70,11,34,25,25,4,3,1,22,15,36,25,70,35,0],"gold":290,"neow_bonus":"THREE_ENEMY_KILL","is_prod":false,"is_daily":false,"chose_seed":false,"campfire_upgraded":0,"win_rate":0,"timestamp":1552172146,"path_taken":["M","M","?","?","?","E","?","M","T","E","M","M","R","?","R","BOSS","M","M"],"build_version":"2019-01-23","purchased_purges":0,"victory":false,"max_hp_per_floor":[70,70,70,70,70,70,70,70,70,70,70,70,70,70,70,70,70,70,70],"card_choices":[{"not_picked":["Distraction","Crippling Poison"],"picked":"Predator","floor":1},{"not_picked":["Quick Slash","Tactician"],"picked":"Deadly Poison","floor":2},{"not_picked":["Deflect","Quick Slash"],"picked":"Slice","floor":5},{"not_picked":["Doppelganger","Sucker Punch"],"picked":"Blur","floor":6},{"not_picked":["Underhanded Strike","Eviscerate"],"picked":"Dagger Spray","floor":8},{"not_picked":["Flying Knee","Storm of Steel"],"picked":"Poisoned Stab","floor":10},{"not_picked":["Riddle With Holes","Infinite Blades","Flechettes"],"picked":"SKIP","floor":11},{"not_picked":["Sucker Punch","Choke"],"picked":"Deflect","floor":12},{"not_picked":["Storm of Steel","Tools of the Trade"],"picked":"Adrenaline","floor":16},{"not_picked":["Flying Knee","Bane","Concentrate"],"picked":"SKIP","floor":18}],"player_experience":139092,"relics_obtained":[{"floor":6,"key":"Paper Crane"},{"floor":10,"key":"Kunai"}],"event_choices":[{"damage_healed":0,"gold_gain":0,"player_choice":"Rummage","damage_taken":0,"relics_obtained":["WarpedTongs"],"max_hp_gain":0,"max_hp_loss":0,"event_name":"Accursed Blacksmith","floor":3,"gold_loss":0,"cards_obtained":["Pain"]},{"damage_healed":23,"gold_gain":0,"player_choice":"Banana","damage_taken":0,"max_hp_gain":0,"max_hp_loss":0,"event_name":"Big Fish","floor":7,"gold_loss":0},{"cards_removed":["Strike_G"],"damage_healed":0,"gold_gain":0,"player_choice":"Card Removal","damage_taken":7,"max_hp_gain":0,"max_hp_loss":0,"event_name":"Golden Wing","floor":14,"gold_loss":0}],"is_beta":false,"boss_relics":[{"not_picked":["Sozu","Ring of the Serpent"],"picked":"Eternal Feather"}],"items_purged_floors":[],"is_endless":false,"potions_floor_spawned":[1,2,5,11,16],"killed_by":"Spheric Guardian","ascension_level":1}