{"gold_per_floor":[119,69,69,34,52,86,86,86,86,111,111,144,162,177,177,302,302,322,322,322,72,66,66,79,99,99,24,24,24],"floor_reached":29,"playtime":1645,"items_purged":["Caltrops"],"score":412,"play_id":"a6ec2224-d5a0-4edb-b8f7-132be2b5388e","local_time":"20181222233308","is_ascension_mode":true,"campfire_choices":[{"floor":7.0,"key":"REST"},{"data":"Skewer","floor":11.0,"key":"SMITH"},{"data":"Neutralize","floor":15.0,"key":"SMITH"},{"data":"Leg Sweep","floor":23,"key":"SMITH"},{"floor":28,"key":"REST"}],"neow_cost":"PERCENT_DAMAGE","seed_source_timestamp":0,"circlet_count":0,"master_deck":["AscendersBane","Defend_G","Defend_G","Defend_G","Defend_G","Defend_G","Survivor","Neutralize+1","Sucker Punch","Skewer+1","PiercingWail","Finisher","Tools of the Trade","Backflip","Burst","Leg Sweep+1","Bite","Bite","Bite","Bite","Bite","Flying Knee","Backflip","Skewer+1"],"special_seed":0,"relics":["Ring of the Snake","Ice Cream","Golden Idol","Pear","Dodecahedron","Runic Dome","OrangePellets","Sundial"],"potions_floor_usage":[24,25],"damage_taken":[{"damage":0.0,"enemies":"Cultist","floor":1.0,"turns":4.0},{"damage":4.0,"enemies":"Small Slimes","floor":5.0,"turns":4.0},{"damage":31.0,"enemies":"3 Sentries","floor":6.0,"turns":10.0},{"damage":0.0,"enemies":"Jaw Worm","floor":10.0,"turns":5.0},{"damage":0.0,"enemies":"Lagavulin","floor":12.0,"turns":4.0},{"damage":0.0,"enemies":"Large Slime","floor":13.0,"turns":8.0},{"damage":1.0,"enemies":"2 Fungi Beasts","floor":14.0,"turns":4.0},{"damage":24.0,"enemies":"Slime Boss","floor":16.0,"turns":9.0},{"damage":10.0,"enemies":"Shell Parasite","floor":18.0,"turns":5.0},{"damage":19.0,"enemies":"Colosseum Slavers","floor":20.0,"turns":6.0},{"damage":12,"enemies":"2 Thieves","floor":22,"turns":4},{"damage":32,"enemies":"Centurion and Healer","floor":24,"turns":8},{"damage":8,"enemies":"Snake Plant","floor":25,"turns":4},{"damage":25,"enemies":"Gremlin Leader","floor":29,"turns":8}],"seed_played":"-6512526383081555942","potions_obtained":[{"floor":1.0,"key":"Fire Potion"},{"floor":10.0,"key":"SkillPotion"},{"floor":12.0,"key":"SteroidPotion"},{"floor":14.0,"key":"LiquidBronze"},{"floor":18.0,"key":"Swift Potion"},{"floor":22,"key":"SkillPotion"},{"floor":24,"key":"SteroidPotion"}],"is_trial":false,"path_per_floor":["M","?","?","$","M","E","R","?","T","M","R","E","M","M","R","B",null,"M","?","?","$","M","R","M","M","T","$","R","E"],"character_chosen":"THE_SILENT","items_purchased":["Skewer","Flying Knee","OrangePellets"],"campfire_rested":2,"item_purchase_floors":[4,21,21],"current_hp_per_floor":[45,45,45,45,41,20,42,42,42,42,42,42,44,45,45,23,62,54,54,51,51,51,51,35,35,35,35,57,48],"gold":24,"neow_bonus":"ONE_RARE_RELIC","is_prod":false,"is_daily":false,"chose_seed":false,"campfire_upgraded":3,"win_rate":0,"timestamp":1545528788,"path_taken":["M","?","?","$","M","E","R","?","T","M","R","E","M","?","R","BOSS","M","?","?","$","M","R","M","M","T","$","R","E"],"build_version":"2018-12-20","purchased_purges":1,"victory":false,"max_hp_per_floor":[70,70,65,65,65,75,75,75,75,75,75,75,75,75,75,75,75,75,75,75,75,75,75,75,75,75,75,75,75],"card_choices":[{"not_picked":["Expertise","Bane"],"picked":"Sucker Punch","floor":1.0},{"not_picked":["Quick Slash","Acrobatics"],"picked":"PiercingWail","floor":5.0},{"not_picked":["Caltrops","Slice"],"picked":"Finisher","floor":6.0},{"not_picked":["PiercingWail","Cloak And Dagger"],"picked":"Tools of the Trade","floor":10.0},{"not_picked":["Acrobatics","Blade Dance"],"picked":"Backflip","floor":12.0},{"not_picked":["Expertise","Dagger Throw"],"picked":"Caltrops","floor":13.0},{"not_picked":["Bane","Deadly Poison","Outmaneuver"],"picked":"SKIP","floor":14.0},{"not_picked":["Night Terror","Tools of the Trade"],"picked":"Burst","floor":16.0},{"not_picked":["Deflect+1","Terror"],"picked":"Leg Sweep","floor":18.0},{"not_picked":["Calculated Gamble","Underhanded Strike"],"picked":"Backflip","floor":22},{"not_picked":["Caltrops","Dagger Throw","Dodge and Roll"],"picked":"SKIP","floor":24},{"not_picked":["Finisher","Bane"],"picked":"Skewer+1","floor":25}],"player_experience":622516,"relics_obtained":[{"floor":6.0,"key":"Pear"},{"floor":9.0,"key":"Dodecahedron"},{"floor":12.0,"key":"Blood Vial"},{"floor":26,"key":"Sundial"}],"event_choices":[{"cards_removed":["Strike_G"],"damage_healed":0.0,"max_hp_gain":0.0,"max_hp_loss":0.0,"gold_gain":0.0,"event_name":"The Cleric","player_choice":"Card Removal","floor":2.0,"gold_loss":50.0,"damage_taken":0.0},{"damage_healed":0.0,"max_hp_gain":0.0,"max_hp_loss":5.0,"gold_gain":0.0,"event_name":"Golden Idol","player_choice":"Lose Max HP","floor":3.0,"gold_loss":0.0,"damage_taken":0.0,"relics_obtained":["Golden Idol"]},{"cards_removed":["Strike_G"],"damage_healed":0.0,"max_hp_gain":0.0,"max_hp_loss":0.0,"gold_gain":0.0,"event_name":"Bonfire Elementals","player_choice":"Offered Basic","floor":8.0,"gold_loss":0.0,"damage_taken":0.0},{"damage_healed":0.0,"max_hp_gain":0.0,"max_hp_loss":0.0,"gold_gain":0.0,"event_name":"Vampires","player_choice":"Became a vampire (Vial)","floor":19.0,"relics_lost":["Blood Vial"],"gold_loss":0.0,"damage_taken":0.0,"cards_obtained":["Bite","Bite","Bite","Bite","Bite"]},{"damage_healed":0.0,"max_hp_gain":0.0,"max_hp_loss":0.0,"gold_gain":0.0,"event_name":"Colosseum","player_choice":"Fight","floor":20.0,"gold_loss":0.0,"damage_taken":0.0},{"damage_healed":0.0,"max_hp_gain":0.0,"max_hp_loss":0.0,"gold_gain":0.0,"event_name":"Colosseum","player_choice":"Fled From Nobs","floor":20.0,"gold_loss":0.0,"damage_taken":0.0}],"is_beta":false,"boss_relics":[{"not_picked":["Black Star","Empty Cage"],"picked":"Runic Dome"}],"items_purged_floors":[27],"is_endless":false,"potions_floor_spawned":[1,10,12,14,18,22,24],"killed_by":"Gremlin Leader","ascension_level":10}