{"gold_per_floor":[13,24,24,24,37,70,70,90,90,90,5,5,38,58,58,158,158,172,122,133,150,160,194,194,214,214,129,129,145,145,162,162,263,263,278,297,297,314,314,314,334,41,41,41,55,55,73,3,3,3,3,3,3,3],"floor_reached":54,"playtime":2150,"items_purged":[],"score":671,"play_id":"5a4aae5c-2b5f-489f-8d8f-bfced37e7691","local_time":"20181203081436","is_ascension_mode":false,"campfire_choices":[{"data":"Barricade","floor":7.0,"key":"SMITH"},{"floor":10.0,"key":"REST"},{"data":"1","floor":12.0,"key":"LIFT"},{"data":"2","floor":15.0,"key":"LIFT"},{"data":"Armaments","floor":24.0,"key":"SMITH"},{"data":"Juggernaut","floor":28.0,"key":"SMITH"},{"floor":32.0,"key":"REST"},{"floor":40.0,"key":"RECALL"},{"floor":44.0,"key":"REST"},{"floor":49,"key":"REST"},{"data":"3","floor":52,"key":"LIFT"}],"neow_cost":"NO_GOLD","seed_source_timestamp":0,"circlet_count":0,"master_deck":["Strike_R","Strike_R","Strike_R+1","Strike_R","Defend_R+1","Defend_R","Defend_R","Defend_R+1","Bash+1","Barricade+1","Iron Wave","Bludgeon","Inflame","Dark Shackles","Juggernaut+1","Armaments+1","Entrench+1","Whirlwind","Body Slam","Decay","Body Slam","Clothesline+1","Uppercut+1","Flame Barrier+1","Shrug It Off","Iron Wave+1","Parasite","Shrug It Off","Metallicize"],"special_seed":0,"relics":["Burning Blood","Torii","Girya","Kunai","Philosopher\u0027s Stone","War Paint","Happy Flower","Bag of Marbles","Sozu","Pear"],"potions_floor_usage":[54],"damage_taken":[{"damage":6.0,"enemies":"Cultist","floor":1.0,"turns":3.0},{"damage":0.0,"enemies":"2 Louse","floor":2.0,"turns":2.0},{"damage":6.0,"enemies":"Jaw Worm","floor":5.0,"turns":3.0},{"damage":36.0,"enemies":"Lagavulin","floor":6.0,"turns":8.0},{"damage":7.0,"enemies":"Blue Slaver","floor":8.0,"turns":3.0},{"damage":6.0,"enemies":"Gremlin Nob","floor":13.0,"turns":4.0},{"damage":0.0,"enemies":"3 Louse","floor":14.0,"turns":4.0},{"damage":33.0,"enemies":"Hexaghost","floor":16.0,"turns":9.0},{"damage":25.0,"enemies":"3 Byrds","floor":18.0,"turns":6.0},{"damage":0.0,"enemies":"Spheric Guardian","floor":20.0,"turns":3.0},{"damage":0.0,"enemies":"Snake Plant","floor":21.0,"turns":3.0},{"damage":10.0,"enemies":"3 Cultists","floor":22.0,"turns":5.0},{"damage":20.0,"enemies":"Book of Stabbing","floor":23.0,"turns":4.0},{"damage":0.0,"enemies":"Chosen and Byrds","floor":25.0,"turns":6.0},{"damage":22.0,"enemies":"Sentry and Sphere","floor":29.0,"turns":4.0},{"damage":15.0,"enemies":"Centurion and Healer","floor":31.0,"turns":4.0},{"damage":36.0,"enemies":"Collector","floor":33.0,"turns":10.0},{"damage":14.0,"enemies":"Orb Walker","floor":35.0,"turns":3.0},{"damage":8.0,"enemies":"3 Shapes","floor":36.0,"turns":6.0},{"damage":24.0,"enemies":"Spire Growth","floor":38.0,"turns":4.0},{"damage":27.0,"enemies":"Sphere and 2 Shapes","floor":41.0,"turns":6.0},{"damage":2.0,"enemies":"Transient","floor":45.0,"turns":5.0},{"damage":17,"enemies":"Writhing Mass","floor":47,"turns":6},{"damage":35,"enemies":"Time Eater","floor":50,"turns":12},{"damage":90,"enemies":"Shield and Spear","floor":54,"turns":7}],"seed_played":"-7150067859101883619","potions_obtained":[{"floor":2.0,"key":"BloodPotion"},{"floor":13.0,"key":"SteroidPotion"},{"floor":14.0,"key":"SkillPotion"},{"floor":20.0,"key":"SkillPotion"},{"floor":21.0,"key":"Explosive Potion"},{"floor":22.0,"key":"FearPotion"},{"floor":23.0,"key":"FearPotion"},{"floor":33.0,"key":"Fire Potion"}],"is_trial":false,"path_per_floor":["M","M","?","?","M","E","R","M","T","R","$","R","E","M","R","B",null,"M","?","M","M","M","E","R","M","T","?","R","M","?","M","R","B",null,"M","M","?","M","?","R","M","$","T","R","M","$","M","$","R","B",null,"R","$","E"],"character_chosen":"IRONCLAD","items_purchased":["Dark Shackles","Pear","Shrug It Off","Metallicize"],"campfire_rested":4,"item_purchase_floors":[11,42,42,48],"current_hp_per_floor":[80,80,64,64,64,42,42,41,41,65,65,65,65,71,71,44,80,61,61,67,73,69,55,55,61,61,61,61,45,45,36,60,30,80,72,70,70,52,52,52,31,41,41,68,72,72,61,61,88,59,90,90,90,0],"gold":3,"neow_bonus":"THREE_RARE_CARDS","is_prod":false,"is_daily":false,"chose_seed":false,"campfire_upgraded":3,"win_rate":0,"timestamp":1543846476,"path_taken":["M","?","?","?","M","E","R","?","T","R","?","R","E","M","R","BOSS","M","?","?","M","?","E","R","M","T","?","R","M","?","M","R","BOSS","M","M","?","M","?","R","M","$","T","R","?","?","?","?","R","BOSS","R","$","E"],"build_version":"2018-11-15","purchased_purges":0,"victory":false,"max_hp_per_floor":[80,80,80,80,80,80,80,80,80,80,80,80,80,80,80,80,80,80,80,80,80,80,80,80,80,80,80,80,80,80,80,80,80,80,80,80,80,80,80,80,80,90,90,90,90,90,90,90,90,90,90,90,90,90],"card_choices":[{"not_picked":["Bludgeon","Double Tap"],"picked":"Barricade","floor":0.0},{"not_picked":["Headbutt","Wild Strike","Warcry"],"picked":"SKIP","floor":1.0},{"not_picked":["Thunderclap","Dark Embrace","Clothesline"],"picked":"SKIP","floor":2.0},{"not_picked":["Rage","Metallicize"],"picked":"Iron Wave","floor":5.0},{"not_picked":["Offering","Anger"],"picked":"Bludgeon","floor":6.0},{"not_picked":["Twin Strike","Rage"],"picked":"Inflame","floor":8.0},{"not_picked":["Seeing Red","Dropkick","Headbutt"],"picked":"SKIP","floor":13.0},{"not_picked":["Clothesline","Infernal Blade","Warcry"],"picked":"SKIP","floor":14.0},{"not_picked":["Immolate","Dark Embrace"],"picked":"Juggernaut","floor":16.0},{"not_picked":["Wild Strike","Sentinel+1","Blood for Blood+1"],"picked":"SKIP","floor":18.0},{"not_picked":["Wild Strike","Carnage"],"picked":"Armaments","floor":20.0},{"not_picked":["Wild Strike","Flex","Anger"],"picked":"SKIP","floor":21.0},{"not_picked":["Evolve+1","Seeing Red","Flex"],"picked":"SKIP","floor":22.0},{"not_picked":["Flame Barrier","Sever Soul"],"picked":"Entrench","floor":23.0},{"not_picked":["Hemokinesis","Evolve","Whirlwind"],"picked":"SKIP","floor":25.0},{"not_picked":["Hemokinesis","Evolve"],"picked":"Whirlwind","floor":25.0},{"not_picked":["True Grit","Flex"],"picked":"Body Slam","floor":29.0},{"not_picked":["Whirlwind","Armaments"],"picked":"Body Slam","floor":31.0},{"not_picked":["Feel No Pain","Burning Pact+1","Wild Strike"],"picked":"SKIP","floor":35.0},{"not_picked":["Clothesline+1","Heavy Blade","Warcry+1"],"picked":"SKIP","floor":36.0},{"not_picked":["Heavy Blade","Warcry+1"],"picked":"Clothesline+1","floor":36.0},{"not_picked":["Infernal Blade+1","Rampage+1"],"picked":"Uppercut+1","floor":38.0},{"not_picked":["Intimidate","Pommel Strike+1"],"picked":"Flame Barrier+1","floor":41.0},{"not_picked":["Headbutt+1","Twin Strike+1"],"picked":"Iron Wave+1","floor":45.0},{"not_picked":["Carnage","Headbutt"],"picked":"Shrug It Off","floor":47}],"player_experience":129413,"relics_obtained":[{"floor":6.0,"key":"Torii"},{"floor":9.0,"key":"Girya"},{"floor":13.0,"key":"Kunai"},{"floor":23.0,"key":"War Paint"},{"floor":26.0,"key":"Happy Flower"}],"event_choices":[{"damage_healed":0.0,"max_hp_gain":0.0,"max_hp_loss":0.0,"gold_gain":0.0,"event_name":"Shining Light","player_choice":"Entered Light","floor":3.0,"gold_loss":0.0,"damage_taken":16.0,"cards_upgraded":["Strike_R","Bash"]},{"cards_removed":["Strike_R"],"damage_healed":0.0,"max_hp_gain":0.0,"max_hp_loss":0.0,"gold_gain":0.0,"event_name":"Purifier","player_choice":"Purged","floor":4.0,"gold_loss":0.0,"damage_taken":0.0},{"damage_healed":0.0,"max_hp_gain":0.0,"max_hp_loss":0.0,"gold_gain":0.0,"event_name":"The Joust","player_choice":"Bet on Owner","floor":19.0,"gold_loss":50.0,"damage_taken":0.0},{"damage_healed":0.0,"max_hp_gain":0.0,"max_hp_loss":0.0,"gold_gain":0.0,"event_name":"Addict","player_choice":"Obtained Relic","floor":27.0,"gold_loss":85.0,"damage_taken":0.0,"relics_obtained":["Bag of Marbles"]},{"damage_healed":0.0,"max_hp_gain":0.0,"max_hp_loss":0.0,"gold_gain":0.0,"event_name":"Forgotten Altar","player_choice":"Smashed Altar","floor":30.0,"gold_loss":0.0,"damage_taken":0.0,"cards_obtained":["Decay"]},{"damage_healed":0.0,"max_hp_gain":0.0,"max_hp_loss":0.0,"gold_gain":0.0,"event_name":"Mysterious Sphere","player_choice":"Ignored","floor":37.0,"gold_loss":0.0,"damage_taken":0.0},{"damage_healed":0.0,"max_hp_gain":0.0,"max_hp_loss":0.0,"gold_gain":0.0,"event_name":"Upgrade Shrine","player_choice":"Upgraded","floor":39.0,"gold_loss":0.0,"damage_taken":0.0,"cards_upgraded":["Entrench"]}],"is_beta":false,"boss_relics":[{"not_picked":["Runic Dome","Tiny House"],"picked":"Philosopher\u0027s Stone"},{"not_picked":["Orrery","Lizard Tail"],"picked":"Sozu"}],"items_purged_floors":[],"is_endless":false,"potions_floor_spawned":[2,13,14,20,21,22,23,33,38,41,45,47],"killed_by":"Shield and Spear","ascension_level":0}