{"gold_per_floor":[112,0,17,17,35,68,68,79,155,155,169,169,181,181,181,281,281,291,291,123,123,83,83,114,126,126,126,141,18,18,34,34,136,136,147,47,0,20,31,31],"floor_reached":40,"playtime":3543,"items_purged":["Darkness","Strike_B"],"score":406,"play_id":"0e27177d-1192-4592-90a8-42025d74ad7e","local_time":"20190307163847","is_ascension_mode":false,"campfire_choices":[{"floor":7,"key":"REST"},{"data":"1","floor":10,"key":"LIFT"},{"data":"2","floor":12,"key":"LIFT"},{"data":"3","floor":15,"key":"LIFT"},{"floor":23,"key":"REST"},{"data":"Blizzard","floor":27,"key":"SMITH"},{"floor":30,"key":"REST"},{"data":"Defragment","floor":32,"key":"SMITH"}],"neow_cost":"NONE","seed_source_timestamp":913718610770223,"circlet_count":0,"master_deck":["Strike_B","Strike_B","Strike_B","Defend_B","Defend_B","Defend_B","Defend_B","Zap","Dualcast","All For One","Chill","Blizzard+1","Turbo","Self Repair","Hologram+1","Conserve Battery","Leap","Conserve Battery","Creative AI","Leap+1","Self Repair","Conserve Battery+1","Buffer","Melter","Redo","Defragment+1","Capacitor","Turbo","Leap","Fission","Lockon+1","Hello World","Loop"],"relics":["Cracked Core","Girya","Bottled Flame","Velvet Choker","Centennial Puzzle","Happy Flower","Pantograph","Inserter","Red Mask"],"potions_floor_usage":[6,16,28,33,39],"damage_taken":[{"damage":1,"enemies":"Jaw Worm","floor":1,"turns":3},{"damage":0,"enemies":"Small Slimes","floor":3,"turns":4},{"damage":9,"enemies":"2 Louse","floor":5,"turns":3},{"damage":28,"enemies":"Gremlin Nob","floor":6,"turns":4},{"damage":3,"enemies":"2 Fungi Beasts","floor":8,"turns":3},{"damage":6,"enemies":"Red Slaver","floor":11,"turns":5},{"damage":10,"enemies":"Looter","floor":13,"turns":3},{"damage":46,"enemies":"Hexaghost","floor":16,"turns":14},{"damage":30,"enemies":"Chosen","floor":18,"turns":8},{"damage":26,"enemies":"Slavers","floor":24,"turns":8},{"damage":16,"enemies":"2 Thieves","floor":25,"turns":5},{"damage":25,"enemies":"Snake Plant","floor":28,"turns":5},{"damage":30,"enemies":"3 Cultists","floor":31,"turns":8},{"damage":48,"enemies":"Automaton","floor":33,"turns":12},{"damage":21,"enemies":"Orb Walker","floor":35,"turns":5},{"damage":13,"enemies":"3 Shapes","floor":38,"turns":8},{"damage":34,"enemies":"Transient","floor":39,"turns":5},{"damage":45,"enemies":"Reptomancer","floor":40,"turns":2}],"seed_played":"-8079763926461590369","potions_obtained":[{"floor":5,"key":"EssenceOfSteel"},{"floor":6,"key":"AttackPotion"},{"floor":16,"key":"LiquidBronze"},{"floor":24,"key":"GamblersBrew"},{"floor":33,"key":"Dexterity Potion"},{"floor":39,"key":"SkillPotion"}],"is_trial":false,"path_per_floor":["M","$","M","?","M","E","R","M","T","R","M","R","M","?","R","B",null,"M","?","$","?","?","R","E","M","T","R","M","$","R","M","R","B",null,"M","$","?","M","M","E"],"character_chosen":"DEFECT","items_purchased":["Blizzard","Darkness","Self Repair","Conserve Battery","Capacitor","Turbo"],"campfire_rested":3,"item_purchase_floors":[2,2,20,20,29,29],"current_hp_per_floor":[74,74,74,67,58,37,59,63,63,63,64,64,61,66,66,27,80,57,57,57,57,57,80,68,59,59,59,48,48,72,56,56,39,80,73,73,73,74,40,0],"gold":31,"neow_bonus":"ONE_RANDOM_RARE_CARD","is_prod":false,"is_daily":false,"chose_seed":false,"campfire_upgraded":2,"win_rate":0,"timestamp":1551987527,"path_taken":["M","$","M","?","M","E","R","M","T","R","M","R","M","?","R","BOSS","M","?","$","?","?","R","E","M","T","R","M","$","R","M","R","BOSS","M","$","?","M","M","E"],"build_version":"2019-01-23","purchased_purges":2,"victory":false,"max_hp_per_floor":[75,75,75,75,75,75,75,75,75,75,75,75,75,80,80,80,80,80,80,80,80,80,80,80,80,80,80,80,80,80,80,80,80,80,80,80,80,80,80,80],"card_choices":[{"not_picked":["Sweeping Beam","Go for the Eyes"],"picked":"Chill","floor":1},{"not_picked":["Machine Learning","Storm"],"picked":"Turbo","floor":3},{"not_picked":["Coolheaded","Hello World"],"picked":"Self Repair","floor":5},{"not_picked":["Sweeping Beam","Beam Cell"],"picked":"Hologram","floor":6},{"not_picked":["Storm","Skim"],"picked":"Conserve Battery","floor":8},{"not_picked":["Fusion","Static Discharge"],"picked":"Leap","floor":11},{"not_picked":["FTL","Go for the Eyes"],"picked":"Conserve Battery","floor":13},{"not_picked":["Thunder Strike","Seek"],"picked":"Creative AI","floor":16},{"not_picked":["Go for the Eyes","Sweeping Beam"],"picked":"Leap+1","floor":18},{"not_picked":["Barrage","Conserve Battery+1"],"picked":"Melter","floor":24},{"not_picked":["Ball Lightning","Streamline"],"picked":"Redo","floor":25},{"not_picked":["Sweeping Beam+1","Skim+1"],"picked":"Defragment","floor":28},{"not_picked":["Compile Driver","Streamline"],"picked":"Leap","floor":31},{"not_picked":["Seek","Machine Learning"],"picked":"Fission","floor":33},{"not_picked":["Steam","Compile Driver"],"picked":"Lockon+1","floor":35},{"not_picked":["Genetic Algorithm","Go for the Eyes"],"picked":"Hello World","floor":38},{"not_picked":["Fusion","Turbo+1"],"picked":"Loop","floor":39}],"player_experience":12207,"relics_obtained":[{"floor":6,"key":"Girya"},{"floor":9,"key":"Bottled Flame"},{"floor":24,"key":"Happy Flower"},{"floor":26,"key":"Pantograph"}],"event_choices":[{"damage_healed":0,"gold_gain":0,"player_choice":"Fled","damage_taken":7,"max_hp_gain":0,"max_hp_loss":0,"event_name":"Scrap Ooze","floor":4,"gold_loss":0},{"damage_healed":0,"gold_gain":0,"player_choice":"Donut","damage_taken":0,"max_hp_gain":5,"max_hp_loss":0,"event_name":"Big Fish","floor":14,"gold_loss":0},{"damage_healed":0,"gold_gain":0,"player_choice":"Opened","damage_taken":0,"relics_obtained":["Centennial Puzzle"],"max_hp_gain":0,"max_hp_loss":0,"event_name":"The Mausoleum","floor":19,"gold_loss":0},{"damage_healed":0,"gold_gain":0,"player_choice":"Read","damage_taken":0,"max_hp_gain":0,"max_hp_loss":0,"event_name":"The Library","floor":21,"gold_loss":0,"cards_obtained":["Buffer"]},{"damage_healed":0,"gold_gain":0,"player_choice":"Upgraded Two","damage_taken":0,"max_hp_gain":0,"max_hp_loss":0,"event_name":"Designer","floor":22,"gold_loss":40,"cards_upgraded":["Hologram","Conserve Battery"]},{"damage_healed":0,"gold_gain":0,"player_choice":"Paid","damage_taken":0,"relics_obtained":["Red Mask"],"max_hp_gain":0,"max_hp_loss":0,"event_name":"Tomb of Lord Red Mask","floor":37,"gold_loss":47}],"is_beta":false,"boss_relics":[{"not_picked":["Snecko Eye","Cursed Key"],"picked":"Velvet Choker"},{"not_picked":["Empty Cage","Astrolabe"],"picked":"Inserter"}],"items_purged_floors":[20,36],"is_endless":false,"potions_floor_spawned":[5,6,8,16,24,33,39],"killed_by":"Reptomancer","ascension_level":0}