{"gold_per_floor":[113,124,11,11,30,30,30,30,30,30,52,52,33,52,52,148,148,165,175,194,207,226,226,326,326,326,342,59,59,59,59,59,156,156,167,167,167,4,14,14,14,28,28,45,64,64,79,79,79,79],"floor_reached":51,"playtime":1522,"items_purged":["Strike_B","Strike_B"],"score":637,"play_id":"63c27c1d-986d-4ddf-83ac-d9e799b2ddac","local_time":"20190310202909","is_ascension_mode":false,"campfire_choices":[{"data":"Zap","floor":6,"key":"SMITH"},{"data":"Dualcast","floor":8,"key":"SMITH"},{"data":"Reinforced Body","floor":12,"key":"SMITH"},{"data":"Self Repair","floor":15,"key":"SMITH"},{"data":"Fusion","floor":23,"key":"SMITH"},{"data":"Lockon","floor":25,"key":"SMITH"},{"floor":30,"key":"REST"},{"floor":32,"key":"REST"},{"data":"Hologram","floor":40,"key":"SMITH"},{"data":"Biased Cognition","floor":46,"key":"SMITH"},{"data":"Darkness","floor":49,"key":"SMITH"}],"neow_cost":"NONE","seed_source_timestamp":6627041799020,"circlet_count":0,"master_deck":["Strike_B","Strike_B","Defend_B","Defend_B","Defend_B","Zap+1","Dualcast+1","Reinforced Body+1","Ball Lightning","Self Repair+1","Conserve Battery","Cold Snap","Compile Driver","Biased Cognition+1","Conserve Battery","Lockon+1","Darkness+1","Fusion+1","Ball Lightning","Reinforced Body","Writhe","Echo Form","Leap+1","Hologram+1","Jack Of All Trades","Good Instincts","Panacea","Lockon+1","Coolheaded+1"],"relics":["Cracked Core","NeowsBlessing","Vajra","The Courier","Odd Mushroom","Sozu","Thread and Needle","Bottled Lightning","Bottled Flame","Meat on the Bone","Enchiridion","Happy Flower","Busted Crown","OrangePellets","Cables"],"potions_floor_usage":[16,24,50],"damage_taken":[{"damage":0,"enemies":"Small Slimes","floor":1,"turns":1},{"damage":0,"enemies":"2 Louse","floor":2,"turns":1},{"damage":0,"enemies":"Cultist","floor":5,"turns":1},{"damage":14,"enemies":"The Mushroom Lair","floor":11,"turns":4},{"damage":5,"enemies":"Blue Slaver","floor":14,"turns":3},{"damage":45,"enemies":"Slime Boss","floor":16,"turns":11},{"damage":0,"enemies":"Spheric Guardian","floor":18,"turns":3},{"damage":4,"enemies":"Chosen","floor":19,"turns":4},{"damage":9,"enemies":"Snecko","floor":20,"turns":4},{"damage":9,"enemies":"Centurion and Healer","floor":21,"turns":7},{"damage":0,"enemies":"Cultist and Chosen","floor":22,"turns":5},{"damage":14,"enemies":"Colosseum Slavers","floor":24,"turns":5},{"damage":46,"enemies":"Colosseum Nobs","floor":24,"turns":5},{"damage":12,"enemies":"Snake Plant","floor":27,"turns":3},{"damage":24,"enemies":"Automaton","floor":33,"turns":12},{"damage":0,"enemies":"Orb Walker","floor":35,"turns":3},{"damage":0,"enemies":"3 Darklings","floor":39,"turns":6},{"damage":6,"enemies":"Sphere and 2 Shapes","floor":42,"turns":6},{"damage":7,"enemies":"4 Shapes","floor":44,"turns":4},{"damage":0,"enemies":"Transient","floor":45,"turns":5},{"damage":6,"enemies":"Jaw Worm Horde","floor":47,"turns":3},{"damage":16,"enemies":"Donu and Deca","floor":50,"turns":11}],"seed_played":"744894425717069276","potions_obtained":[{"floor":1,"key":"FocusPotion"},{"floor":2,"key":"Regen Potion"},{"floor":16,"key":"Swift Potion"}],"is_trial":false,"path_per_floor":["M","M","$","?","M","R","?","R","T","?","?","R","$","M","R","B",null,"M","M","M","M","M","R","?","R","T","M","$","?","R","?","R","B",null,"M","?","?","$","M","R","?","M","T","M","M","R","M","?","R","B",null],"character_chosen":"DEFECT","items_purchased":["Self Repair","Cold Snap","Meat on the Bone","OrangePellets"],"campfire_rested":2,"item_purchase_floors":[3,13,28,38],"current_hp_per_floor":[75,75,75,80,80,80,68,68,68,61,54,54,54,56,56,35,80,80,80,80,80,80,80,40,40,40,38,38,22,46,46,70,56,80,80,80,76,76,76,76,66,70,70,63,76,76,76,76,76,70],"gold":79,"neow_bonus":"THREE_ENEMY_KILL","is_prod":false,"is_daily":false,"chose_seed":false,"campfire_upgraded":9,"win_rate":0,"timestamp":1552271349,"path_taken":["M","M","$","?","M","R","?","R","T","?","?","R","?","M","R","BOSS","M","M","M","?","M","R","?","R","T","M","$","?","R","?","R","BOSS","M","?","?","$","M","R","?","M","T","M","M","R","M","?","R","BOSS"],"build_version":"2019-01-23","purchased_purges":2,"victory":true,"max_hp_per_floor":[75,75,75,80,80,80,80,80,80,80,80,80,80,80,80,80,80,80,80,80,80,80,80,80,80,80,80,80,80,80,80,80,80,80,80,80,76,76,76,76,76,76,76,76,76,76,76,76,76,76],"card_choices":[{"not_picked":["Force Field","Beam Cell"],"picked":"Reinforced Body","floor":1},{"not_picked":["Hologram","Barrage"],"picked":"Ball Lightning","floor":2},{"not_picked":["Rebound","Scrape","Stack"],"picked":"SKIP","floor":5},{"not_picked":["Streamline","Compile Driver"],"picked":"Conserve Battery","floor":11},{"not_picked":["Scrape","Redo"],"picked":"Compile Driver","floor":14},{"not_picked":["Seek","Core Surge"],"picked":"Biased Cognition","floor":16},{"not_picked":["Steam Power","Steam"],"picked":"Conserve Battery","floor":18},{"not_picked":["Blizzard","Lockon","Rebound"],"picked":"SKIP","floor":19},{"not_picked":["Blizzard","Rebound"],"picked":"Lockon","floor":19},{"not_picked":["Steam","Reprogram","Stack"],"picked":"SKIP","floor":20},{"not_picked":["Chill","Rebound"],"picked":"Darkness","floor":21},{"not_picked":["Turbo","Amplify"],"picked":"Fusion","floor":22},{"not_picked":["Conserve Battery","Reinforced Body"],"picked":"Ball Lightning","floor":24},{"not_picked":["Chill","Rebound"],"picked":"Reinforced Body","floor":27},{"not_picked":["Core Surge","Seek"],"picked":"Echo Form","floor":33},{"not_picked":[],"picked":"Leap+1","floor":35},{"not_picked":[],"picked":"Hologram","floor":39},{"not_picked":[],"picked":"Jack Of All Trades","floor":41},{"not_picked":[],"picked":"Good Instincts","floor":41},{"not_picked":[],"picked":"Panacea","floor":41},{"not_picked":["Turbo+1"],"picked":"SKIP","floor":42},{"not_picked":["Streamline"],"picked":"SKIP","floor":44},{"not_picked":[],"picked":"Lockon+1","floor":45},{"not_picked":[],"picked":"Coolheaded+1","floor":47}],"player_experience":1017832,"relics_obtained":[{"floor":9,"key":"The Courier"},{"floor":11,"key":"Odd Mushroom"},{"floor":24,"key":"Thread and Needle"},{"floor":24,"key":"Bottled Lightning"},{"floor":26,"key":"Bottled Flame"},{"floor":29,"key":"Enchiridion"},{"floor":43,"key":"Cables"}],"event_choices":[{"damage_healed":0,"gold_gain":0,"player_choice":"Donut","damage_taken":0,"max_hp_gain":5,"max_hp_loss":0,"event_name":"Big Fish","floor":4,"gold_loss":0},{"damage_healed":0,"gold_gain":0,"player_choice":"Success","damage_taken":12,"relics_obtained":["Vajra"],"max_hp_gain":0,"max_hp_loss":0,"event_name":"Scrap Ooze","floor":7,"gold_loss":0},{"cards_removed":["Defend_B"],"damage_healed":0,"gold_gain":0,"player_choice":"Card Removal","damage_taken":7,"max_hp_gain":0,"max_hp_loss":0,"event_name":"Golden Wing","floor":10,"gold_loss":0},{"damage_healed":0,"gold_gain":0,"player_choice":"Fought Mushrooms","damage_taken":0,"max_hp_gain":0,"max_hp_loss":0,"event_name":"Mushrooms","floor":11,"gold_loss":0},{"damage_healed":0,"gold_gain":0,"player_choice":"Fight","damage_taken":0,"max_hp_gain":0,"max_hp_loss":0,"event_name":"Colosseum","floor":24,"gold_loss":0},{"damage_healed":0,"gold_gain":0,"player_choice":"Fought Nobs","damage_taken":0,"max_hp_gain":0,"max_hp_loss":0,"event_name":"Colosseum","floor":24,"gold_loss":0},{"damage_healed":0,"gold_gain":0,"player_choice":"Obtained Book","damage_taken":16,"max_hp_gain":0,"max_hp_loss":0,"event_name":"Cursed Tome","floor":29,"gold_loss":0},{"damage_healed":0,"gold_gain":0,"player_choice":"Opened","damage_taken":0,"relics_obtained":["Happy Flower"],"max_hp_gain":0,"max_hp_loss":0,"event_name":"The Mausoleum","floor":31,"gold_loss":0,"cards_obtained":["Writhe"]},{"damage_healed":0,"gold_gain":0,"player_choice":"Ignored","damage_taken":0,"max_hp_gain":0,"max_hp_loss":0,"event_name":"Tomb of Lord Red Mask","floor":36,"gold_loss":0},{"damage_healed":0,"gold_gain":0,"player_choice":"Max HP","damage_taken":0,"max_hp_gain":0,"max_hp_loss":4,"event_name":"Winding Halls","floor":37,"gold_loss":0},{"damage_healed":0,"gold_gain":0,"player_choice":"Memory 3","damage_taken":10,"max_hp_gain":0,"max_hp_loss":0,"event_name":"SensoryStone","floor":41,"gold_loss":0},{"damage_healed":0,"gold_gain":0,"player_choice":"Ignored","damage_taken":0,"max_hp_gain":0,"max_hp_loss":0,"event_name":"Mysterious Sphere","floor":48,"gold_loss":0}],"is_beta":false,"boss_relics":[{"not_picked":["Astrolabe","Cursed Key"],"picked":"Sozu"},{"not_picked":["Runic Pyramid","Black Star"],"picked":"Busted Crown"}],"items_purged_floors":[3,28],"is_endless":false,"potions_floor_spawned":[1,2,16,18,20,24,24,27,39,42,47],"ascension_level":0}