{"gold_per_floor":[111,111,122,122,122,155,155,166,166,166,166,182,49,60,60,164,164,180,191,116,126,126,126],"floor_reached":23,"playtime":3231,"items_purged":[],"score":191,"play_id":"5d2d1f47-74f0-43fb-a553-4be1647335a9","local_time":"20190209192652","is_ascension_mode":false,"campfire_choices":[{"floor":7,"key":"REST"},{"floor":11,"key":"REST"},{"floor":15,"key":"REST"}],"neow_cost":"NONE","seed_source_timestamp":293461735683883,"circlet_count":0,"master_deck":["Strike_B","Strike_B","Strike_B","Strike_B","Defend_B","Defend_B","Defend_B","Defend_B+1","Zap+1","Dualcast","Ball Lightning","Auto Shields+1","Chaos","Chill","Ball Lightning","Loop","Discovery","Redo","Creative AI","Cold Snap+1","Genetic Algorithm","Chill+1","Necronomicurse"],"relics":["Cracked Core","Matryoshka","Orichalcum","Strawberry","Bottled Flame","Black Star","Necronomicon"],"potions_floor_usage":[21,23,23],"damage_taken":[{"damage":0,"enemies":"Jaw Worm","floor":1,"turns":3},{"damage":16,"enemies":"2 Louse","floor":3,"turns":3},{"damage":27,"enemies":"Lagavulin","floor":6,"turns":6},{"damage":0,"enemies":"Small Slimes","floor":8,"turns":3},{"damage":5,"enemies":"Looter","floor":12,"turns":3},{"damage":1,"enemies":"Large Slime","floor":14,"turns":4},{"damage":38,"enemies":"Hexaghost","floor":16,"turns":10},{"damage":14,"enemies":"Spheric Guardian","floor":18,"turns":4},{"damage":4,"enemies":"3 Byrds","floor":19,"turns":5},{"damage":12,"enemies":"Centurion and Healer","floor":21,"turns":7},{"damage":39,"enemies":"Slavers","floor":23,"turns":3}],"seed_played":"-5573680967953878585","potions_obtained":[{"floor":1,"key":"LiquidBronze"},{"floor":3,"key":"Energy Potion"},{"floor":6,"key":"Poison Potion"},{"floor":16,"key":"EssenceOfSteel"}],"is_trial":false,"path_per_floor":["M","?","M","?","?","E","R","M","T","?","R","M","$","M","R","B",null,"M","M","?","M","?","E"],"character_chosen":"DEFECT","items_purchased":["Loop","Discovery"],"campfire_rested":3,"item_purchase_floors":[13,13],"current_hp_per_floor":[75,75,59,56,41,14,36,36,43,43,67,62,62,61,82,44,82,68,64,64,52,36,0],"gold":126,"neow_bonus":"ONE_RANDOM_RARE_CARD","is_prod":false,"is_daily":false,"chose_seed":false,"campfire_upgraded":0,"win_rate":0,"timestamp":1549776412,"path_taken":["M","?","M","?","?","E","R","M","T","?","R","M","$","M","R","BOSS","M","M","?","M","?","E"],"build_version":"2019-01-23","purchased_purges":0,"victory":false,"max_hp_per_floor":[75,75,75,75,75,75,75,75,82,82,82,82,82,82,82,82,82,82,82,82,82,82,82],"card_choices":[{"not_picked":["Auto Shields","Streamline"],"picked":"Ball Lightning","floor":1},{"not_picked":["Sunder","Skim"],"picked":"Auto Shields","floor":3},{"not_picked":["Hello World","Gash"],"picked":"Chaos","floor":6},{"not_picked":["Compile Driver","Steam"],"picked":"Chill","floor":8},{"not_picked":["Self Repair","Cold Snap"],"picked":"Ball Lightning","floor":12},{"not_picked":["Turbo","Scrape"],"picked":"Redo","floor":14},{"not_picked":["Machine Learning","Core Surge"],"picked":"Creative AI","floor":16},{"not_picked":["Coolheaded","Blizzard"],"picked":"Cold Snap+1","floor":18},{"not_picked":["Static Discharge","Coolheaded"],"picked":"Genetic Algorithm","floor":19},{"not_picked":["Redo+1","Defragment"],"picked":"Chill+1","floor":21}],"player_experience":406390,"relics_obtained":[{"floor":6,"key":"Orichalcum"},{"floor":9,"key":"Strawberry"},{"floor":9,"key":"Bottled Flame"},{"floor":22,"key":"Necronomicon"}],"event_choices":[{"damage_healed":0,"gold_gain":0,"player_choice":"Grow","damage_taken":0,"max_hp_gain":0,"max_hp_loss":0,"event_name":"Living Wall","floor":2,"gold_loss":0,"cards_upgraded":["Zap"]},{"damage_healed":0,"gold_gain":0,"player_choice":"Success","damage_taken":3,"relics_obtained":["Matryoshka"],"max_hp_gain":0,"max_hp_loss":0,"event_name":"Scrap Ooze","floor":4,"gold_loss":0},{"damage_healed":0,"gold_gain":0,"player_choice":"Entered Light","damage_taken":15,"max_hp_gain":0,"max_hp_loss":0,"event_name":"Shining Light","floor":5,"gold_loss":0,"cards_upgraded":["Auto Shields","Defend_B"]},{"damage_healed":0,"gold_gain":0,"player_choice":"Ignored","damage_taken":0,"max_hp_gain":0,"max_hp_loss":0,"event_name":"Liars Game","floor":10,"gold_loss":0},{"cards_removed":["Meteor Strike"],"damage_healed":0,"gold_gain":0,"player_choice":"Gave Gold","damage_taken":0,"max_hp_gain":0,"max_hp_loss":0,"event_name":"Beggar","floor":20,"gold_loss":75},{"damage_healed":0,"gold_gain":0,"player_choice":"Obtained Book","damage_taken":16,"max_hp_gain":0,"max_hp_loss":0,"event_name":"Cursed Tome","floor":22,"gold_loss":0}],"is_beta":false,"boss_relics":[{"not_picked":["Coffee Dripper","Cursed Key"],"picked":"Black Star"}],"items_purged_floors":[],"is_endless":false,"potions_floor_spawned":[1,3,6,16,19],"killed_by":"Slavers","ascension_level":0}