{"gold_per_floor":[116,71,84,7,7,37,1,32,32,32,32,32,57,82,82,82],"floor_reached":16,"playtime":469,"items_purged":[],"score":144,"play_id":"47c59689-8411-403c-b983-ed47c7409589","local_time":"20190306012449","is_ascension_mode":true,"campfire_choices":[{"data":"Heavy Blade","floor":10,"key":"SMITH"},{"data":"Inflame","floor":12,"key":"SMITH"},{"floor":15,"key":"REST"}],"neow_cost":"NONE","seed_source_timestamp":421492937492480,"circlet_count":0,"master_deck":["Strike_R","Strike_R","Strike_R","Strike_R","Strike_R","Defend_R","Defend_R","Defend_R","Defend_R","Bash","Flex+1","Heavy Blade","Heavy Blade+1","Inflame+1","Cleave","Burning Pact","Double Tap","Armaments","Shrug It Off"],"relics":["Burning Blood","NeowsBlessing","Happy Flower","Omamori","Sundial","Golden Idol","Odd Mushroom"],"potions_floor_usage":[16,16],"damage_taken":[{"damage":0,"enemies":"Cultist","floor":1,"turns":1},{"damage":0,"enemies":"Small Slimes","floor":3,"turns":1},{"damage":0,"enemies":"Lagavulin","floor":6,"turns":1},{"damage":21,"enemies":"3 Sentries","floor":8,"turns":6},{"damage":31,"enemies":"The Mushroom Lair","floor":13,"turns":4},{"damage":2,"enemies":"2 Louse","floor":14,"turns":2},{"damage":59,"enemies":"The Guardian","floor":16,"turns":9}],"seed_played":"5529252704535493843","potions_obtained":[{"floor":8,"key":"Swift Potion"},{"floor":13,"key":"BloodPotion"}],"is_trial":false,"path_per_floor":["M","$","M","$","?","E","$","E","T","R","?","R","?","M","R","B"],"character_chosen":"IRONCLAD","items_purchased":["Heavy Blade","Inflame","Burning Pact"],"campfire_rested":1,"item_purchase_floors":[2,4,7],"current_hp_per_floor":[80,80,80,80,80,80,80,65,65,65,45,45,20,24,48,0],"gold":82,"neow_bonus":"THREE_ENEMY_KILL","is_prod":false,"is_daily":false,"chose_seed":false,"campfire_upgraded":2,"win_rate":0,"timestamp":1551853489,"path_taken":["M","$","?","$","?","E","$","E","T","R","?","R","?","M","R","BOSS"],"build_version":"2019-01-23","purchased_purges":0,"victory":false,"max_hp_per_floor":[80,80,80,80,80,80,80,80,80,80,80,80,80,80,80,80],"card_choices":[{"not_picked":["Clash","Iron Wave"],"picked":"Flex","floor":1},{"not_picked":["Twin Strike","Thunderclap"],"picked":"Heavy Blade","floor":3},{"not_picked":["Havoc","Evolve"],"picked":"Cleave","floor":6},{"not_picked":["Thunderclap","Wild Strike"],"picked":"Double Tap","floor":8},{"not_picked":["Intimidate","Thunderclap"],"picked":"Armaments","floor":13},{"not_picked":["Body Slam","Battle Trance"],"picked":"Shrug It Off","floor":14}],"player_experience":1139358,"relics_obtained":[{"floor":6,"key":"Happy Flower"},{"floor":8,"key":"Omamori"},{"floor":9,"key":"Sundial"},{"floor":13,"key":"Odd Mushroom"}],"event_choices":[{"damage_healed":0,"gold_gain":0,"player_choice":"Grow","damage_taken":0,"max_hp_gain":0,"max_hp_loss":0,"event_name":"Living Wall","floor":5,"gold_loss":0,"cards_upgraded":["Flex"]},{"damage_healed":0,"gold_gain":0,"player_choice":"Take Damage","damage_taken":20,"relics_obtained":["Golden Idol"],"max_hp_gain":0,"max_hp_loss":0,"event_name":"Golden Idol","floor":11,"gold_loss":0},{"damage_healed":0,"gold_gain":0,"player_choice":"Fought Mushrooms","damage_taken":0,"max_hp_gain":0,"max_hp_loss":0,"event_name":"Mushrooms","floor":13,"gold_loss":0}],"is_beta":false,"boss_relics":[],"items_purged_floors":[],"is_endless":false,"potions_floor_spawned":[8,13],"killed_by":"The Guardian","ascension_level":2}