{"gold_per_floor":[117,117,133,208,220,248,19,19,19,19,46,46,46,61,61,61],"floor_reached":16,"playtime":425,"items_purged":["Defend_R"],"score":113,"play_id":"2b7978c6-6464-49dc-8209-02abc7c1e6ad","local_time":"20190311145251","is_ascension_mode":true,"campfire_choices":[{"data":"Perfected Strike","floor":8,"key":"SMITH"},{"data":"Spot Weakness","floor":10,"key":"SMITH"},{"data":"Reaper","floor":13,"key":"SMITH"},{"floor":15,"key":"REST"}],"neow_cost":"NONE","seed_source_timestamp":161434551515555,"circlet_count":0,"master_deck":["Strike_R","Strike_R","Strike_R","Strike_R","Strike_R","Defend_R","Defend_R","Bash","Perfected Strike+1","Shrug It Off","Spot Weakness+1","Reaper+1","Power Through","Metallicize","Feel No Pain"],"relics":["Burning Blood","NeowsBlessing","Omamori","Membership Card","Letter Opener","Dream Catcher"],"potions_floor_usage":[11,11,16],"damage_taken":[{"damage":0,"enemies":"Jaw Worm","floor":1,"turns":1},{"damage":0,"enemies":"Cultist","floor":3,"turns":1},{"damage":0,"enemies":"2 Louse","floor":5,"turns":2},{"damage":50,"enemies":"3 Sentries","floor":6,"turns":9},{"damage":29,"enemies":"Lagavulin","floor":11,"turns":5},{"damage":0,"enemies":"2 Fungi Beasts","floor":14,"turns":3},{"damage":40,"enemies":"The Guardian","floor":16,"turns":9}],"seed_played":"7132025183537277617","potions_obtained":[{"floor":1,"key":"SkillPotion"},{"floor":3,"key":"EssenceOfSteel"},{"floor":14,"key":"LiquidBronze"}],"is_trial":false,"path_per_floor":["M","?","M","?","M","E","$","R","T","R","E","?","R","M","R","B"],"character_chosen":"IRONCLAD","items_purchased":["Membership Card"],"campfire_rested":1,"item_purchase_floors":[7],"current_hp_per_floor":[80,80,80,69,75,31,31,31,31,31,8,8,8,14,38,0],"gold":61,"neow_bonus":"THREE_ENEMY_KILL","is_prod":false,"is_daily":false,"chose_seed":false,"campfire_upgraded":3,"win_rate":0,"timestamp":1552312371,"path_taken":["M","?","?","?","M","E","?","R","T","R","E","?","R","?","R","BOSS"],"build_version":"2019-01-23","purchased_purges":1,"victory":false,"max_hp_per_floor":[80,80,80,80,80,80,80,80,80,80,80,80,80,80,80,80],"card_choices":[{"not_picked":["Second Wind","Flex"],"picked":"Perfected Strike","floor":1},{"not_picked":["Burning Pact","Havoc","Sentinel"],"picked":"SKIP","floor":3},{"not_picked":["Iron Wave","Sword Boomerang"],"picked":"Shrug It Off","floor":5},{"not_picked":["Bloodletting","Burning Pact"],"picked":"Spot Weakness","floor":6},{"not_picked":["Flame Barrier","Cleave"],"picked":"Reaper","floor":11},{"not_picked":["Wild Strike","Clash"],"picked":"Metallicize","floor":14},{"not_picked":["Thunderclap","Clash"],"picked":"Feel No Pain","floor":15}],"player_experience":172555,"relics_obtained":[{"floor":6,"key":"Omamori"},{"floor":9,"key":"Letter Opener"},{"floor":11,"key":"Dream Catcher"}],"event_choices":[{"damage_healed":0,"gold_gain":0,"player_choice":"Bought 0 Potions","damage_taken":0,"max_hp_gain":0,"max_hp_loss":0,"event_name":"The Woman in Blue","floor":2,"gold_loss":0},{"damage_healed":0,"gold_gain":75,"player_choice":"Gather Gold","damage_taken":11,"max_hp_gain":0,"max_hp_loss":0,"event_name":"World of Goop","floor":4,"gold_loss":0},{"damage_healed":0,"gold_gain":0,"cards_transformed":["Defend_R"],"player_choice":"Transformed","damage_taken":0,"max_hp_gain":0,"max_hp_loss":0,"event_name":"Transmorgrifier","floor":12,"gold_loss":0,"cards_obtained":["Power Through"]}],"is_beta":false,"boss_relics":[],"items_purged_floors":[7],"is_endless":false,"potions_floor_spawned":[1,3,14],"killed_by":"The Guardian","ascension_level":1}