{"gold_per_floor":[115,128,303,314,327,327,391,391,391,391,401,401,412,440,440,519,519,538,538,938,853,598,598,184,184,184,184,219,236,273,273,273,347,347,365,365,384,365,365,365,380,414,439,439,2,60,60,42,42,42],"floor_reached":51,"playtime":2266,"items_purged":["Doubt","Doubt"],"score":1312,"play_id":"2b6c504e-d9a0-4942-9451-8e84b12071df","local_time":"20190219212035","is_ascension_mode":true,"campfire_choices":[{"data":"Searing Blow","floor":6,"key":"SMITH"},{"floor":12,"key":"REST"},{"floor":15,"key":"REST"},{"floor":23,"key":"REST"},{"data":"Armaments","floor":25,"key":"SMITH"},{"floor":32,"key":"REST"},{"data":"Demon Form","floor":40,"key":"SMITH"},{"data":"Magnetism","floor":47,"key":"SMITH"},{"data":"Shockwave","floor":49,"key":"SMITH"}],"neow_cost":"NONE","seed_source_timestamp":42500014263549,"circlet_count":0,"master_deck":["AscendersBane","Strike_R","Strike_R","Strike_R","Strike_R","Strike_R","Defend_R","Defend_R","Defend_R","Defend_R+1","Bash","Searing Blow+2","Spot Weakness","Rage","Shrug It Off","Shrug It Off","Cleave","Offering","Armaments+1","Magnetism+1","Shockwave+1","Panacea","True Grit+1","Demon Form+1","Headbutt","Shrug It Off","Sword Boomerang+1","Jack Of All Trades+1","Transmutation+1","Shrug It Off+1","Armaments+1"],"relics":["Burning Blood","Matryoshka","Regal Pillow","Dodecahedron","Bag of Marbles","Pear","Du-Vu Doll","Busted Crown","Old Coin","Mummified Hand","Red Skull","Pantograph","Ornamental Fan","The Courier","Smiling Mask","Sozu","NlothsMask","Toxic Egg 2","ClockworkSouvenir","Blue Candle"],"potions_floor_usage":[7,7,20,27,28,28,28,30,33],"damage_taken":[{"damage":2,"enemies":"Small Slimes","floor":1,"turns":4},{"damage":3,"enemies":"2 Louse","floor":2,"turns":4},{"damage":14,"enemies":"Jaw Worm","floor":4,"turns":4},{"damage":24,"enemies":"2 Fungi Beasts","floor":5,"turns":6},{"damage":30,"enemies":"3 Sentries","floor":7,"turns":6},{"damage":0,"enemies":"Large Slime","floor":11,"turns":6},{"damage":7,"enemies":"Looter","floor":13,"turns":5},{"damage":36,"enemies":"Lagavulin","floor":14,"turns":10},{"damage":90,"enemies":"The Guardian","floor":16,"turns":11},{"damage":10,"enemies":"Chosen","floor":18,"turns":4},{"damage":10,"enemies":"Colosseum Slavers","floor":20,"turns":4},{"damage":20,"enemies":"Colosseum Nobs","floor":20,"turns":4},{"damage":33,"enemies":"Slavers","floor":28,"turns":5},{"damage":23,"enemies":"3 Byrds","floor":29,"turns":5},{"damage":24,"enemies":"Sentry and Sphere","floor":30,"turns":6},{"damage":68,"enemies":"Collector","floor":33,"turns":12},{"damage":12,"enemies":"3 Shapes","floor":35,"turns":5},{"damage":33,"enemies":"3 Darklings","floor":37,"turns":5},{"damage":48,"enemies":"4 Shapes","floor":41,"turns":6},{"damage":52,"enemies":"Reptomancer","floor":42,"turns":7},{"damage":9,"enemies":"Giant Head","floor":46,"turns":5},{"damage":89,"enemies":"Awakened One","floor":50,"turns":9}],"seed_played":"521392506645520839","potions_obtained":[{"floor":2,"key":"PowerPotion"},{"floor":5,"key":"Regen Potion"},{"floor":13,"key":"Explosive Potion"},{"floor":16,"key":"SpeedPotion"},{"floor":18,"key":"GamblersBrew"},{"floor":27,"key":"Fruit Juice"},{"floor":27,"key":"EntropicBrew"},{"floor":33,"key":"Fruit Juice"}],"is_trial":false,"path_per_floor":["M","M","?","M","M","R","?","T","T","?","M","R","M","E","R","B",null,"M","$","?","?","$","R","$","R","T","?","E","M","M","?","R","B",null,"M","?","M","$","?","R","M","E","T","?","$","E","R","$","R","B",null],"character_chosen":"IRONCLAD","items_purchased":["Magnetism","Pantograph","Shockwave","Panacea","Shrug It Off","Jack Of All Trades+1","Transmutation+1","ClockworkSouvenir","Armaments+1"],"campfire_rested":4,"item_purchase_floors":[22,24,24,24,38,45,45,45,48],"current_hp_per_floor":[79,82,82,74,56,56,47,47,57,39,45,87,86,56,92,8,71,67,67,49,49,49,91,91,91,91,96,69,52,34,34,78,40,87,81,81,54,54,112,112,70,24,24,112,112,109,109,109,109,29],"gold":42,"neow_bonus":"TEN_PERCENT_HP_BONUS","is_prod":false,"is_daily":false,"chose_seed":false,"campfire_upgraded":5,"win_rate":0,"timestamp":1550647235,"path_taken":["M","M","?","M","M","R","?","?","T","?","M","R","M","E","R","BOSS","M","$","?","?","?","R","$","R","T","?","E","M","?","?","R","BOSS","M","?","?","$","?","R","?","E","T","?","$","E","R","?","R","BOSS"],"build_version":"2019-01-23","purchased_purges":2,"victory":true,"max_hp_per_floor":[82,82,82,82,82,82,82,82,92,92,92,92,92,92,92,92,92,92,92,92,92,92,92,92,92,92,97,97,97,97,97,97,102,102,102,102,102,102,112,112,112,112,112,112,112,112,112,112,112,112],"card_choices":[{"not_picked":["Shrug It Off","Warcry"],"picked":"Searing Blow","floor":1},{"not_picked":["Iron Wave","True Grit"],"picked":"Spot Weakness","floor":2},{"not_picked":["Fire Breathing","Thunderclap"],"picked":"Rage","floor":4},{"not_picked":["Dropkick","Thunderclap","Evolve"],"picked":"SKIP","floor":5},{"not_picked":["Body Slam","Clash"],"picked":"Shrug It Off","floor":7},{"not_picked":["Sword Boomerang","Battle Trance","Sever Soul"],"picked":"SKIP","floor":11},{"not_picked":["Bludgeon","Reckless Charge"],"picked":"Shrug It Off","floor":13},{"not_picked":["Thunderclap","Feel No Pain"],"picked":"Cleave","floor":14},{"not_picked":["Bludgeon","Exhume"],"picked":"Offering","floor":16},{"not_picked":["Body Slam"],"picked":"SKIP","floor":18},{"not_picked":[],"picked":"Armaments","floor":20},{"not_picked":[],"picked":"Bludgeon","floor":28},{"not_picked":[],"picked":"True Grit+1","floor":29},{"not_picked":["True Grit"],"picked":"SKIP","floor":30},{"not_picked":[],"picked":"Demon Form","floor":33},{"not_picked":[],"picked":"Headbutt","floor":35},{"not_picked":["Havoc"],"picked":"SKIP","floor":37},{"not_picked":[],"picked":"Sword Boomerang+1","floor":41},{"not_picked":["Clothesline"],"picked":"SKIP","floor":42},{"not_picked":[],"picked":"Shrug It Off+1","floor":46}],"player_experience":455827,"relics_obtained":[{"floor":7,"key":"Matryoshka"},{"floor":8,"key":"Regal Pillow"},{"floor":8,"key":"Dodecahedron"},{"floor":9,"key":"Bag of Marbles"},{"floor":9,"key":"Pear"},{"floor":14,"key":"Du-Vu Doll"},{"floor":20,"key":"Old Coin"},{"floor":20,"key":"Mummified Hand"},{"floor":26,"key":"Ornamental Fan"},{"floor":28,"key":"The Courier"},{"floor":42,"key":"Toxic Egg 2"},{"floor":46,"key":"Blue Candle"}],"event_choices":[{"damage_healed":0,"gold_gain":175,"player_choice":"AGREE","damage_taken":0,"max_hp_gain":0,"max_hp_loss":0,"event_name":"Liars Game","floor":3,"gold_loss":0,"cards_obtained":["Doubt"]},{"damage_healed":0,"gold_gain":30,"player_choice":"Searched \u00273\u0027 times","damage_taken":0,"max_hp_gain":0,"max_hp_loss":0,"event_name":"Dead Adventurer","floor":7,"gold_loss":0},{"damage_healed":0,"gold_gain":0,"player_choice":"Entered Light","damage_taken":18,"max_hp_gain":0,"max_hp_loss":0,"event_name":"Shining Light","floor":10,"gold_loss":0,"cards_upgraded":["Defend_R","Searing Blow"]},{"damage_healed":0,"gold_gain":0,"player_choice":"Fight","damage_taken":0,"max_hp_gain":0,"max_hp_loss":0,"event_name":"Colosseum","floor":20,"gold_loss":0},{"damage_healed":0,"gold_gain":0,"player_choice":"Fought Nobs","damage_taken":0,"max_hp_gain":0,"max_hp_loss":0,"event_name":"Colosseum","floor":20,"gold_loss":0},{"damage_healed":0,"gold_gain":0,"player_choice":"Obtained Relic","damage_taken":0,"relics_obtained":["Red Skull"],"max_hp_gain":0,"max_hp_loss":0,"event_name":"Addict","floor":21,"gold_loss":85},{"damage_healed":0,"gold_gain":0,"player_choice":"Got Potions","damage_taken":0,"max_hp_gain":0,"max_hp_loss":0,"event_name":"Lab","floor":27,"gold_loss":0},{"damage_healed":0,"gold_gain":0,"player_choice":"Opened","damage_taken":0,"relics_obtained":["Smiling Mask"],"max_hp_gain":0,"max_hp_loss":0,"event_name":"The Mausoleum","floor":31,"gold_loss":0},{"damage_healed":0,"gold_gain":0,"player_choice":"Trade","damage_taken":0,"relics_obtained":["NlothsMask"],"max_hp_gain":0,"max_hp_loss":0,"event_name":"FaceTrader","floor":36,"gold_loss":0},{"cards_removed":["Bludgeon"],"damage_healed":48,"gold_gain":0,"player_choice":"Offered Rare","damage_taken":0,"max_hp_gain":10,"max_hp_loss":0,"event_name":"Bonfire Elementals","floor":39,"gold_loss":0},{"damage_healed":88,"gold_gain":0,"player_choice":"Heal","damage_taken":0,"max_hp_gain":0,"max_hp_loss":0,"event_name":"MindBloom","floor":44,"gold_loss":0,"cards_obtained":["Doubt"]}],"is_beta":false,"boss_relics":[{"not_picked":["Runic Cube","Runic Dome"],"picked":"Busted Crown"},{"not_picked":["Philosopher\u0027s Stone","Black Star"],"picked":"Sozu"}],"items_purged_floors":[22,45],"is_endless":false,"potions_floor_spawned":[2,5,13,16,18,33,35,37,42,46],"ascension_level":14}