{"gold_per_floor":[112,112,129,129,129,191,210,210,210,239,28,47,12,26,26,26],"floor_reached":16,"playtime":440,"items_purged":["Regret"],"score":182,"play_id":"1bd0972e-e1fd-4429-a3ce-12fc527d185d","local_time":"20190123171551","is_ascension_mode":true,"campfire_choices":[{"data":"Storm","floor":8,"key":"SMITH"},{"floor":15,"key":"REST"}],"neow_cost":"NONE","seed_source_timestamp":379489726579933,"circlet_count":0,"master_deck":["Strike_B","Strike_B","Strike_B","Defend_B","Defend_B","Defend_B","Defend_B","Zap","Dualcast","Streamline","Storm+1","Hologram","Steam","Cold Snap","Genetic Algorithm","Creative AI","Streamline","Loop","White Noise"],"relics":["Cracked Core","NeowsBlessing","Letter Opener","Ginger","Tiny Chest","Shuriken","Dodecahedron"],"potions_floor_usage":[14],"damage_taken":[{"damage":0,"enemies":"Cultist","floor":1,"turns":1},{"damage":0,"enemies":"Small Slimes","floor":3,"turns":1},{"damage":0,"enemies":"Lagavulin","floor":6,"turns":1},{"damage":2,"enemies":"2 Louse","floor":7,"turns":2},{"damage":47,"enemies":"Gremlin Nob","floor":10,"turns":5},{"damage":11,"enemies":"2 Fungi Beasts","floor":12,"turns":4},{"damage":0,"enemies":"Red Slaver","floor":14,"turns":4},{"damage":33,"enemies":"Hexaghost","floor":16,"turns":9}],"seed_played":"7849762454529573323","potions_obtained":[{"floor":12,"key":"SkillPotion"}],"is_trial":false,"path_per_floor":["M","T","M","?","?","E","M","R","T","E","$","M","$","M","R","B"],"character_chosen":"DEFECT","items_purchased":["Creative AI","Loop"],"campfire_rested":1,"item_purchase_floors":[11,13],"current_hp_per_floor":[68,68,68,68,68,68,66,66,66,19,19,8,8,8,30,0],"gold":26,"neow_bonus":"THREE_ENEMY_KILL","is_prod":false,"is_daily":false,"chose_seed":false,"campfire_upgraded":1,"win_rate":0,"timestamp":1548299751,"path_taken":["M","?","?","?","?","E","?","R","T","E","$","M","?","?","R","BOSS"],"build_version":"2019-01-23","purchased_purges":1,"victory":false,"max_hp_per_floor":[75,75,75,75,75,75,75,75,75,75,75,75,75,75,75,75],"card_choices":[{"not_picked":["Go for the Eyes","Barrage"],"picked":"Streamline","floor":1},{"not_picked":["Chill","Gash"],"picked":"Storm","floor":3},{"not_picked":["Reboot","Meteor Strike"],"picked":"Steam","floor":6},{"not_picked":["Barrage","Turbo"],"picked":"Cold Snap","floor":7},{"not_picked":["Go for the Eyes","Rebound"],"picked":"Genetic Algorithm","floor":10},{"not_picked":["Auto Shields","Doom and Gloom"],"picked":"Streamline","floor":12},{"not_picked":["Streamline","Double Energy"],"picked":"White Noise","floor":14}],"player_experience":344307,"relics_obtained":[{"floor":2,"key":"Letter Opener"},{"floor":6,"key":"Tiny Chest"},{"floor":9,"key":"Shuriken"},{"floor":10,"key":"Dodecahedron"}],"event_choices":[{"damage_healed":0,"gold_gain":0,"player_choice":"Box","damage_taken":0,"relics_obtained":["Ginger"],"max_hp_gain":0,"max_hp_loss":0,"event_name":"Big Fish","floor":4,"gold_loss":0,"cards_obtained":["Regret"]},{"damage_healed":0,"gold_gain":0,"cards_transformed":["Strike_B"],"player_choice":"Transformed","damage_taken":0,"max_hp_gain":0,"max_hp_loss":0,"event_name":"Transmorgrifier","floor":5,"gold_loss":0,"cards_obtained":["Hologram"]}],"is_beta":false,"boss_relics":[],"items_purged_floors":[11],"is_endless":false,"potions_floor_spawned":[12],"killed_by":"Hexaghost","ascension_level":7}