{"gold_per_floor":[118,118,46,64,81,99,99,118,118,137,137,22,22,41,41,118,118,128,128],"floor_reached":19,"playtime":727,"items_purged":[],"score":322,"play_id":"cf1c55df-fc5c-453f-8781-f9dbc4e9d582","local_time":"20190131171009","is_ascension_mode":true,"campfire_choices":[{"data":"Sunder","floor":7.0,"key":"SMITH"},{"data":"Genetic Algorithm","floor":11.0,"key":"SMITH"},{"data":"Dualcast","floor":15.0,"key":"SMITH"}],"neow_cost":"NONE","seed_source_timestamp":96643848733147,"circlet_count":0,"master_deck":["AscendersBane","Strike_B","Strike_B","Strike_B","Strike_B","Defend_B","Defend_B","Defend_B","Defend_B","Zap+1","Dualcast+1","Sunder+1","Conserve Battery","Genetic Algorithm+1","Core Surge","Conserve Battery","Cold Snap","Steam","Rip and Tear","Biased Cognition","Steam+1"],"special_seed":0,"relics":["Cracked Core","Ancient Tea Set","Bag of Marbles","Smiling Mask","Fusion Hammer"],"potions_floor_usage":[],"damage_taken":[{"damage":9.0,"enemies":"2 Louse","floor":1.0,"turns":3.0},{"damage":4.0,"enemies":"Jaw Worm","floor":4.0,"turns":3.0},{"damage":0.0,"enemies":"Small Slimes","floor":5.0,"turns":2.0},{"damage":1.0,"enemies":"Blue Slaver","floor":6.0,"turns":5.0},{"damage":7.0,"enemies":"Gremlin Gang","floor":8.0,"turns":3.0},{"damage":0.0,"enemies":"Looter","floor":10.0,"turns":2.0},{"damage":0.0,"enemies":"2 Fungi Beasts","floor":14.0,"turns":2.0},{"damage":41.0,"enemies":"Slime Boss","floor":16.0,"turns":10.0},{"damage":14,"enemies":"Shell Parasite","floor":18,"turns":3}],"seed_played":"2457527184097384686","potions_obtained":[{"floor":1.0,"key":"Energy Potion"},{"floor":6.0,"key":"FearPotion"},{"floor":10.0,"key":"AttackPotion"},{"floor":16.0,"key":"Strength Potion"}],"is_trial":false,"path_per_floor":["M","?","?","M","M","M","R","M","T","M","R","$","?","M","R","B",null,"M","$"],"character_chosen":"DEFECT","items_purchased":["Cold Snap","Steam"],"campfire_rested":0,"item_purchase_floors":[12,12],"current_hp_per_floor":[55,55,55,51,51,50,50,43,43,43,43,43,43,43,43,2,54,40,40],"gold":128,"neow_bonus":"RANDOM_COMMON_RELIC","is_prod":false,"is_daily":false,"chose_seed":false,"campfire_upgraded":3,"win_rate":0,"timestamp":1548976209,"path_taken":["M","?","?","M","M","M","R","M","T","M","R","$","?","M","R","BOSS","M","$"],"build_version":"2019-01-23","purchased_purges":0,"victory":false,"max_hp_per_floor":[71,71,71,71,71,71,71,71,71,71,71,71,71,71,71,71,71,71,71],"card_choices":[{"not_picked":["Hello World","Double Energy","Beam Cell"],"picked":"SKIP","floor":1.0},{"not_picked":["Stack","Sweeping Beam"],"picked":"Sunder","floor":4.0},{"not_picked":["Beam Cell","Force Field"],"picked":"Conserve Battery","floor":5.0},{"not_picked":["Hologram","Turbo"],"picked":"Genetic Algorithm","floor":6.0},{"not_picked":["Leap","White Noise"],"picked":"Core Surge","floor":8.0},{"not_picked":["Streamline","Leap"],"picked":"Conserve Battery","floor":10.0},{"not_picked":["Chill","Leap"],"picked":"Rip and Tear","floor":14.0},{"not_picked":["Creative AI","Multi-Cast"],"picked":"Biased Cognition","floor":16.0},{"not_picked":["Rebound+1","Capacitor"],"picked":"Steam+1","floor":18}],"player_experience":278630,"relics_obtained":[{"floor":9.0,"key":"Bag of Marbles"}],"event_choices":[{"damage_healed":0.0,"max_hp_gain":0.0,"max_hp_loss":0.0,"gold_gain":0.0,"event_name":"Living Wall","player_choice":"Grow","floor":2.0,"gold_loss":0.0,"damage_taken":0.0,"cards_upgraded":["Zap"]},{"damage_healed":0.0,"max_hp_gain":0.0,"max_hp_loss":0.0,"gold_gain":0.0,"event_name":"World of Goop","player_choice":"Left Gold","floor":3.0,"gold_loss":72.0,"damage_taken":0.0},{"damage_healed":0.0,"max_hp_gain":0.0,"max_hp_loss":0.0,"gold_gain":0.0,"event_name":"Dead Adventurer","player_choice":"Searched \u00271\u0027 times","floor":13.0,"gold_loss":0.0,"damage_taken":0.0,"relics_obtained":["Smiling Mask"]}],"is_beta":false,"boss_relics":[{"not_picked":["Philosopher\u0027s Stone","Coffee Dripper"],"picked":"Fusion Hammer"}],"items_purged_floors":[],"is_endless":false,"potions_floor_spawned":[1,6,10,16],"ascension_level":20}