{"gold_per_floor":[119,119,119,137,87,87,113,133,133,133,308,328,358,65,65,165,165,183,183,3,3,3,3,38,56,56,56,73,73,73,0,0,101,101,120,120,120,136,148,148,173,173,173,206,206,81,81,95,95,95],"floor_reached":51,"playtime":4194,"items_purged":["Doubt","Strike_B","Strike_B"],"score":804,"play_id":"a76d7686-1bff-421d-8344-13042a54ed69","local_time":"20190309032907","is_ascension_mode":true,"campfire_choices":[{"data":"Machine Learning","floor":6.0,"key":"SMITH"},{"floor":15.0,"key":"REST"},{"data":"Storm","floor":23.0,"key":"SMITH"},{"data":"Dualcast","floor":27.0,"key":"SMITH"},{"data":"Self Repair","floor":29.0,"key":"SMITH"},{"data":"Force Field","floor":32.0,"key":"SMITH"},{"floor":40.0,"key":"RECALL"},{"data":"White Noise","floor":42.0,"key":"SMITH"},{"data":"Multi-Cast","floor":45.0,"key":"SMITH"},{"data":"Conserve Battery","floor":49,"key":"SMITH"}],"neow_cost":"NONE","seed_source_timestamp":0,"circlet_count":0,"master_deck":["Defend_B","Defend_B+1","Defend_B","Defend_B","Zap+1","Dualcast+1","Heatsinks","Machine Learning+1","Force Field+1","Reinforced Body","Conserve Battery+1","Capacitor","Echo Form","Conserve Battery","Storm+1","Zap","BootSequence","Self Repair+1","Echo Form","White Noise+1","Recycle+1","Defragment+1","Multi-Cast+1","Magnetism"],"special_seed":0,"relics":["Velvet Choker","Unceasing Top","Oddly Smooth Stone","Symbiotic Virus","War Paint","DataDisk","Coffee Dripper","Blood Vial","Dead Branch","Orrery","Strawberry","Bottled Tornado","Happy Flower"],"potions_floor_usage":[48],"damage_taken":[{"damage":0.0,"enemies":"Small Slimes","floor":1.0,"turns":3.0},{"damage":10.0,"enemies":"2 Louse","floor":4.0,"turns":3.0},{"damage":37.0,"enemies":"Lagavulin","floor":7.0,"turns":11.0},{"damage":1.0,"enemies":"Cultist","floor":8.0,"turns":5.0},{"damage":6.0,"enemies":"Large Slime","floor":12.0,"turns":5.0},{"damage":14.0,"enemies":"3 Sentries","floor":13.0,"turns":8.0},{"damage":4.0,"enemies":"Hexaghost","floor":16.0,"turns":9.0},{"damage":22.0,"enemies":"Spheric Guardian","floor":18.0,"turns":5.0},{"damage":52.0,"enemies":"Slavers","floor":24.0,"turns":5.0},{"damage":0.0,"enemies":"3 Byrds","floor":25.0,"turns":3.0},{"damage":5.0,"enemies":"Cultist and Chosen","floor":28.0,"turns":4.0},{"damage":10.0,"enemies":"Champ","floor":33.0,"turns":12.0},{"damage":17.0,"enemies":"3 Shapes","floor":35.0,"turns":4.0},{"damage":31.0,"enemies":"3 Darklings","floor":38.0,"turns":3.0},{"damage":10.0,"enemies":"Spire Growth","floor":39.0,"turns":4.0},{"damage":37.0,"enemies":"Reptomancer","floor":41.0,"turns":6.0},{"damage":27.0,"enemies":"Nemesis","floor":44.0,"turns":7.0},{"damage":9,"enemies":"4 Shapes","floor":48,"turns":4},{"damage":9,"enemies":"Donu and Deca","floor":50,"turns":8}],"seed_played":"-4040405422658539763","potions_obtained":[{"floor":7.0,"key":"Energy Potion"},{"floor":12.0,"key":"SteroidPotion"},{"floor":16.0,"key":"FocusPotion"},{"floor":24.0,"key":"Poison Potion"},{"floor":38.0,"key":"Fire Potion"},{"floor":41.0,"key":"Regen Potion"},{"floor":44.0,"key":"Block Potion"}],"is_trial":false,"path_per_floor":["M","?","?","M","?","R","E","M","T","?","?","M","E","$","R","B",null,"M","?","$","?","?","R","E","M","T","R","M","R","$","?","R","B",null,"M","?","?","M","M","R","E","R","T","E","R","$","?","M","R","B",null],"character_chosen":"DEFECT","items_purchased":["DataDisk","Capacitor","Storm"],"campfire_rested":1,"item_purchase_floors":[14,14,20],"current_hp_per_floor":[75,63,63,53,53,53,16,15,15,40,40,34,20,20,42,38,75,53,75,75,75,75,75,23,25,25,25,22,22,22,22,22,24,75,68,68,75,54,56,56,38,38,38,32,32,32,32,45,45,58],"gold":95,"neow_bonus":"BOSS_RELIC","is_prod":false,"is_daily":false,"chose_seed":false,"campfire_upgraded":8,"win_rate":0,"timestamp":1552123747,"path_taken":["M","?","?","?","?","R","E","M","T","?","?","M","E","$","R","BOSS","M","?","$","?","?","R","E","?","T","R","?","R","$","?","R","BOSS","M","?","?","M","?","R","E","R","T","E","R","$","?","M","R","BOSS"],"build_version":"2019-01-23","purchased_purges":3,"victory":true,"max_hp_per_floor":[75,75,75,75,75,75,75,75,75,75,75,75,75,75,75,75,75,75,75,75,75,75,75,75,75,75,75,75,75,75,75,75,75,75,75,75,75,75,75,75,82,82,82,82,82,82,82,82,82,82],"card_choices":[{"not_picked":["Stack","Steam Power"],"picked":"Heatsinks","floor":1.0},{"not_picked":["Auto Shields","Redo"],"picked":"Force Field","floor":4.0},{"not_picked":["Compile Driver","Aggregate"],"picked":"Reinforced Body","floor":7.0},{"not_picked":["Ball Lightning","Loop"],"picked":"Conserve Battery","floor":8.0},{"not_picked":["Beam Cell","Turbo"],"picked":"Hello World","floor":12.0},{"not_picked":["Sweeping Beam","Streamline","Melter"],"picked":"SKIP","floor":13.0},{"not_picked":["Amplify","Seek"],"picked":"Echo Form","floor":16.0},{"not_picked":["Gash","Hologram"],"picked":"Conserve Battery","floor":18.0},{"not_picked":["Turbo+1","Coolheaded+1","Reinforced Body"],"picked":"SKIP","floor":24.0},{"not_picked":["Conserve Battery","Scrape+1","Reprogram+1"],"picked":"SKIP","floor":25.0},{"not_picked":["Leap","Sweeping Beam"],"picked":"Self Repair","floor":28.0},{"not_picked":["Machine Learning","Core Surge"],"picked":"Echo Form","floor":33.0},{"not_picked":["Lockon","Genetic Algorithm"],"picked":"White Noise","floor":34.0},{"not_picked":["Fusion","Melter"],"picked":"Recycle+1","floor":34.0},{"not_picked":["Darkness","Doom and Gloom","Streamline"],"picked":"SKIP","floor":35.0},{"not_picked":["Loop","Beam Cell+1","Skim"],"picked":"SKIP","floor":38.0},{"not_picked":["Rainbow","Streamline"],"picked":"Defragment+1","floor":39.0},{"not_picked":["Double Energy+1","Rip and Tear","Lockon"],"picked":"SKIP","floor":41.0},{"not_picked":["Compile Driver+1","Melter"],"picked":"Multi-Cast","floor":44.0},{"not_picked":["Impatience","Trip"],"picked":"Magnetism","floor":47.0},{"not_picked":["Skim","Tempest+1","Hello World+1"],"picked":"SKIP","floor":48}],"player_experience":241304,"relics_obtained":[{"floor":7.0,"key":"Oddly Smooth Stone"},{"floor":9.0,"key":"Symbiotic Virus"},{"floor":13.0,"key":"War Paint"},{"floor":24.0,"key":"Blood Vial"},{"floor":26.0,"key":"Dead Branch"},{"floor":41.0,"key":"Strawberry"},{"floor":43.0,"key":"Bottled Tornado"},{"floor":44.0,"key":"Happy Flower"}],"event_choices":[{"damage_healed":0.0,"max_hp_gain":0.0,"max_hp_loss":0.0,"gold_gain":0.0,"event_name":"Scrap Ooze","player_choice":"Success","floor":2.0,"gold_loss":0.0,"damage_taken":12.0,"relics_obtained":["Unceasing Top"]},{"damage_healed":0.0,"max_hp_gain":0.0,"max_hp_loss":0.0,"gold_gain":0.0,"cards_transformed":["Strike_B"],"event_name":"Transmorgrifier","player_choice":"Transformed","floor":3.0,"gold_loss":0.0,"damage_taken":0.0,"cards_obtained":["Machine Learning"]},{"cards_removed":["Strike_B"],"damage_healed":0.0,"max_hp_gain":0.0,"max_hp_loss":0.0,"gold_gain":0.0,"event_name":"The Cleric","player_choice":"Card Removal","floor":5.0,"gold_loss":50.0,"damage_taken":0.0},{"damage_healed":25.0,"max_hp_gain":0.0,"max_hp_loss":0.0,"gold_gain":0.0,"event_name":"Big Fish","player_choice":"Banana","floor":10.0,"gold_loss":0.0,"damage_taken":0.0},{"damage_healed":0.0,"max_hp_gain":0.0,"max_hp_loss":0.0,"gold_gain":175.0,"event_name":"Liars Game","player_choice":"AGREE","floor":11.0,"gold_loss":0.0,"damage_taken":0.0,"cards_obtained":["Doubt"]},{"damage_healed":25.0,"max_hp_gain":0.0,"max_hp_loss":0.0,"gold_gain":0.0,"event_name":"The Library","player_choice":"Heal","floor":19.0,"gold_loss":0.0,"damage_taken":0.0},{"damage_healed":0.0,"max_hp_gain":0.0,"max_hp_loss":0.0,"gold_gain":0.0,"event_name":"Beggar","player_choice":"Ignored","floor":21.0,"gold_loss":0.0,"damage_taken":0.0},{"damage_healed":0.0,"max_hp_gain":0.0,"max_hp_loss":0.0,"gold_gain":0.0,"event_name":"Match and Keep!","player_choice":"2 cards matched","floor":22.0,"gold_loss":0.0,"damage_taken":0.0,"cards_obtained":["Zap","BootSequence"]},{"damage_healed":0.0,"max_hp_gain":0.0,"max_hp_loss":0.0,"gold_gain":0.0,"event_name":"Masked Bandits","player_choice":"Paid Fearfully","floor":31.0,"gold_loss":73.0,"damage_taken":0.0},{"damage_healed":0.0,"max_hp_gain":0.0,"max_hp_loss":0.0,"gold_gain":0.0,"event_name":"Mysterious Sphere","player_choice":"Ignored","floor":36.0,"gold_loss":0.0,"damage_taken":0.0},{"cards_removed":["Hello World"],"damage_healed":7.0,"max_hp_gain":0.0,"max_hp_loss":0.0,"gold_gain":0.0,"event_name":"Bonfire Elementals","player_choice":"Offered Uncommon","floor":37.0,"gold_loss":0.0,"damage_taken":0.0},{"damage_healed":0.0,"max_hp_gain":0.0,"max_hp_loss":0.0,"gold_gain":0.0,"event_name":"SensoryStone","player_choice":"Memory 1","floor":47.0,"gold_loss":0.0,"damage_taken":0.0}],"is_beta":false,"boss_relics":[{"not_picked":["Runic Dome","Pandora\u0027s Box"],"picked":"Coffee Dripper"},{"not_picked":["Runic Pyramid","Cursed Key"],"picked":"Orrery"}],"items_purged_floors":[14,20,46],"is_endless":false,"potions_floor_spawned":[7,12,16,24,25,38,41,44],"ascension_level":3}