{"gold_per_floor":[110,35,35,35,50,79,98,98,98,98,123,141,159,186,186,186],"floor_reached":16,"playtime":1334,"items_purged":["Defend_B"],"score":145,"play_id":"b12a8e44-f5b4-4153-b2a0-2b70ff8ce92a","local_time":"20181219112512","is_ascension_mode":false,"campfire_choices":[{"data":"Dualcast","floor":8,"key":"SMITH"},{"data":"FTL","floor":10,"key":"SMITH"},{"floor":15,"key":"REST"}],"neow_cost":"NONE","seed_source_timestamp":487360054450427,"circlet_count":0,"master_deck":["Strike_B","Strike_B","Strike_B","Strike_B","Defend_B","Defend_B","Zap","Dualcast+1","Streamline","Streamline","FTL+1","Stack","Creative AI","Force Field","Gash","Leap"],"relics":["Cracked Core","NeowsBlessing","Sundial","Bottled Flame","Matryoshka","Smiling Mask"],"potions_floor_usage":[14,14],"damage_taken":[{"damage":0,"enemies":"Jaw Worm","floor":1,"turns":1},{"damage":0,"enemies":"Small Slimes","floor":5,"turns":1},{"damage":0,"enemies":"Lagavulin","floor":6,"turns":1},{"damage":0,"enemies":"Cultist","floor":7,"turns":2},{"damage":30,"enemies":"3 Sentries","floor":11,"turns":6},{"damage":11,"enemies":"Lots of Slimes","floor":12,"turns":3},{"damage":0,"enemies":"3 Louse","floor":13,"turns":1},{"damage":27,"enemies":"Lagavulin","floor":14,"turns":4},{"damage":29,"enemies":"Hexaghost","floor":16,"turns":9}],"seed_played":"8142632693533436582","potions_obtained":[{"floor":1,"key":"Ancient Potion"},{"floor":5,"key":"Explosive Potion"},{"floor":11,"key":"Fire Potion"}],"is_trial":false,"path_per_floor":["M","$","?","?","M","E","M","R","T","R","E","M","M","E","R","B"],"character_chosen":"DEFECT","items_purchased":[],"campfire_rested":1,"item_purchase_floors":[],"current_hp_per_floor":[75,75,75,75,75,75,75,75,75,75,45,34,34,7,29,0],"gold":186,"neow_bonus":"THREE_ENEMY_KILL","is_prod":false,"is_daily":false,"chose_seed":false,"campfire_upgraded":2,"win_rate":0,"timestamp":1545240312,"path_taken":["M","$","?","?","M","E","M","R","T","R","E","M","?","E","R","BOSS"],"build_version":"2018-12-13","purchased_purges":1,"victory":false,"max_hp_per_floor":[75,75,75,75,75,75,75,75,75,75,75,75,75,75,75,75],"card_choices":[{"not_picked":["Blizzard","Hologram"],"picked":"Streamline","floor":1},{"not_picked":["Hologram","Recycle"],"picked":"Streamline","floor":5},{"not_picked":["Reinforced Body","Streamline"],"picked":"FTL","floor":6},{"not_picked":["Hologram","Steam"],"picked":"Stack","floor":7},{"not_picked":["Heatsinks","Core Surge"],"picked":"Creative AI","floor":11},{"not_picked":["Go for the Eyes","Stack"],"picked":"Force Field","floor":12},{"not_picked":["Rebound","Cold Snap"],"picked":"Gash","floor":13},{"not_picked":["Compile Driver","Reinforced Body"],"picked":"Leap","floor":14}],"player_experience":102984,"relics_obtained":[{"floor":6,"key":"Sundial"},{"floor":9,"key":"Bottled Flame"},{"floor":11,"key":"Matryoshka"},{"floor":14,"key":"Smiling Mask"}],"event_choices":[{"damage_healed":0,"gold_gain":0,"player_choice":"Leave","damage_taken":0,"max_hp_gain":0,"max_hp_loss":0,"event_name":"The Cleric","floor":3,"gold_loss":0},{"cards_removed":["Defend_B"],"damage_healed":0,"gold_gain":0,"player_choice":"Offered Basic","damage_taken":0,"max_hp_gain":0,"max_hp_loss":0,"event_name":"Bonfire Elementals","floor":4,"gold_loss":0}],"is_beta":false,"boss_relics":[],"items_purged_floors":[2],"is_endless":false,"potions_floor_spawned":[1,5,11,12],"killed_by":"Hexaghost","ascension_level":0}