{"gold_per_floor":[114,114,134,151,199,232,232,232,232,100,65,65,91,107,107,107],"floor_reached":16,"playtime":495,"items_purged":[],"score":194,"play_id":"fd7bea1b-2934-4600-80dc-aeca346de448","local_time":"20190305215323","is_ascension_mode":true,"campfire_choices":[{"data":"Uppercut","floor":8,"key":"SMITH"},{"data":"Infernal Blade","floor":12,"key":"SMITH"},{"floor":15,"key":"REST"}],"neow_cost":"NONE","seed_source_timestamp":678159253474600,"circlet_count":0,"master_deck":["AscendersBane","Strike_R","Strike_R","Strike_R","Strike_R","Defend_R","Defend_R","Defend_R","Defend_R","Bash+1","Infernal Blade+1","Clothesline","Dropkick+1","Uppercut+1","Reckless Charge","Cleave","Limit Break","Thunderclap"],"relics":["Burning Blood","NeowsBlessing","Strawberry","Mummified Hand","Shuriken","Whetstone"],"potions_floor_usage":[],"damage_taken":[{"damage":0,"enemies":"Jaw Worm","floor":1,"turns":1},{"damage":0,"enemies":"2 Louse","floor":3,"turns":1},{"damage":0,"enemies":"Small Slimes","floor":4,"turns":1},{"damage":52,"enemies":"Lagavulin","floor":6,"turns":8},{"damage":57,"enemies":"3 Sentries","floor":13,"turns":7},{"damage":22,"enemies":"Exordium Wildlife","floor":14,"turns":4},{"damage":40,"enemies":"Hexaghost","floor":16,"turns":9}],"seed_played":"8166354861684634638","potions_obtained":[{"floor":1,"key":"Dexterity Potion"},{"floor":4,"key":"Poison Potion"},{"floor":13,"key":"Weak Potion"}],"is_trial":false,"path_per_floor":["M","?","M","M","T","E","?","R","T","$","?","R","E","M","R","B"],"character_chosen":"IRONCLAD","items_purchased":["Reckless Charge","Cleave"],"campfire_rested":1,"item_purchase_floors":[10,10],"current_hp_per_floor":[74,67,73,75,82,36,63,63,63,63,82,82,31,15,39,0],"gold":107,"neow_bonus":"THREE_ENEMY_KILL","is_prod":false,"is_daily":false,"chose_seed":false,"campfire_upgraded":2,"win_rate":0,"timestamp":1551840803,"path_taken":["M","?","M","M","?","E","?","R","T","$","?","R","E","M","R","BOSS"],"build_version":"2019-02-06","purchased_purges":0,"victory":false,"max_hp_per_floor":[75,75,75,75,82,82,82,82,82,82,82,82,82,82,82,82],"card_choices":[{"not_picked":["Power Through","Seeing Red"],"picked":"Infernal Blade","floor":1},{"not_picked":["Shockwave","True Grit"],"picked":"Clothesline","floor":3},{"not_picked":["Anger","Heavy Blade"],"picked":"Dropkick","floor":4},{"not_picked":["Clothesline","Sword Boomerang"],"picked":"Uppercut","floor":6},{"not_picked":["Combust","Warcry"],"picked":"Limit Break","floor":13},{"not_picked":["Body Slam","Searing Blow"],"picked":"Thunderclap","floor":14}],"player_experience":625794,"relics_obtained":[{"floor":5,"key":"Strawberry"},{"floor":6,"key":"Mummified Hand"},{"floor":9,"key":"Shuriken"},{"floor":13,"key":"Whetstone"}],"event_choices":[{"cards_removed":["Strike_R"],"damage_healed":0,"gold_gain":0,"player_choice":"Card Removal","damage_taken":7,"max_hp_gain":0,"max_hp_loss":0,"event_name":"Golden Wing","floor":2,"gold_loss":0},{"damage_healed":27,"gold_gain":0,"player_choice":"Banana","damage_taken":0,"max_hp_gain":0,"max_hp_loss":0,"event_name":"Big Fish","floor":7,"gold_loss":0},{"damage_healed":20,"gold_gain":0,"player_choice":"Healed","damage_taken":0,"max_hp_gain":0,"max_hp_loss":0,"event_name":"The Cleric","floor":11,"gold_loss":35}],"is_beta":true,"boss_relics":[],"items_purged_floors":[],"is_endless":false,"potions_floor_spawned":[1,4,13,14],"killed_by":"Hexaghost","ascension_level":16}