{"gold_per_floor":[118,118,131,131,142,142,175,187,255,265,286,286,321,341,341,439,439,453,273,273,289,55,88,108,123,192,192,212,212,226,226,226,322,322,342,357,16,16,30,30,30,30,79,0,0,17,17,30,30,30],"floor_reached":51,"playtime":2820,"items_purged":["Strike_B","Decay"],"score":774,"play_id":"0b1f4c25-157e-4284-ae02-fef3955f4bf4","local_time":"20181119122036","is_ascension_mode":true,"campfire_choices":[{"data":"Zap","floor":6.0,"key":"SMITH"},{"data":"Beam Cell","floor":12.0,"key":"SMITH"},{"floor":15.0,"key":"REST"},{"floor":27.0,"key":"REST"},{"data":"Defragment","floor":32,"key":"SMITH"},{"data":"Buffer","floor":40,"key":"SMITH"},{"floor":42,"key":"REST"},{"data":"Go for the Eyes","floor":47,"key":"SMITH"},{"floor":49,"key":"REST"}],"neow_cost":"NONE","seed_source_timestamp":334031844744419,"circlet_count":0,"master_deck":["Strike_B","Defend_B+1","Defend_B","Defend_B+1","Zap+1","Dualcast+1","Cold Snap","Compile Driver","Gash","Beam Cell+1","All For One","Electrodynamics","All For One","Go for the Eyes+1","Buffer+1","Gash+1","Defragment+1","Panache","Gash+1"],"special_seed":0,"relics":["Cracked Core","Prayer Wheel","The Courier","Odd Mushroom","DataDisk","Philosopher\u0027s Stone","Regal Pillow","War Paint","Symbiotic Virus","Empty Cage","Cables","Art of War","Red Mask"],"potions_floor_usage":[31,33,33,50],"damage_taken":[{"damage":1.0,"enemies":"Cultist","floor":1.0,"turns":3.0},{"damage":5.0,"enemies":"Jaw Worm","floor":3.0,"turns":3.0},{"damage":0.0,"enemies":"2 Louse","floor":5.0,"turns":1.0},{"damage":10.0,"enemies":"3 Sentries","floor":7.0,"turns":7.0},{"damage":0.0,"enemies":"2 Fungi Beasts","floor":8.0,"turns":2.0},{"damage":0.0,"enemies":"Large Slime","floor":10.0,"turns":3.0},{"damage":8.0,"enemies":"The Mushroom Lair","floor":11.0,"turns":3.0},{"damage":6.0,"enemies":"Gremlin Nob","floor":13.0,"turns":3.0},{"damage":16.0,"enemies":"Exordium Thugs","floor":14.0,"turns":3.0},{"damage":0.0,"enemies":"Slime Boss","floor":16.0,"turns":6.0},{"damage":0.0,"enemies":"Spheric Guardian","floor":18.0,"turns":2.0},{"damage":18.0,"enemies":"Shell Parasite","floor":21.0,"turns":3.0},{"damage":20.0,"enemies":"Slavers","floor":23.0,"turns":2.0},{"damage":4.0,"enemies":"Sentry and Sphere","floor":24.0,"turns":3.0},{"damage":14.0,"enemies":"Snecko","floor":25.0,"turns":5.0},{"damage":18.0,"enemies":"Snake Plant","floor":28.0,"turns":3.0},{"damage":12.0,"enemies":"Shelled Parasite and Fungi","floor":30.0,"turns":3.0},{"damage":0,"enemies":"Sentry and Sphere","floor":31,"turns":1},{"damage":37,"enemies":"Automaton","floor":33,"turns":7},{"damage":0,"enemies":"3 Shapes","floor":35,"turns":2},{"damage":7,"enemies":"Orb Walker","floor":36,"turns":3},{"damage":16,"enemies":"4 Shapes","floor":39,"turns":3},{"damage":0,"enemies":"Maw","floor":46,"turns":5},{"damage":55,"enemies":"Spire Growth","floor":48,"turns":4},{"damage":52,"enemies":"Awakened One","floor":50,"turns":7}],"seed_played":"-5074478778436932961","potions_obtained":[{"floor":1.0,"key":"EssenceOfSteel"},{"floor":5.0,"key":"EssenceOfSteel"},{"floor":8.0,"key":"AttackPotion"},{"floor":11.0,"key":"SmokeBomb"},{"floor":23.0,"key":"EssenceOfSteel"},{"floor":25.0,"key":"AttackPotion"},{"floor":30.0,"key":"EssenceOfSteel"},{"floor":39,"key":"Dexterity Potion"}],"is_trial":false,"path_per_floor":["M","$","M","?","M","R","E","M","T","M","?","R","E","M","R","B",null,"M","$","?","M","$","E","M","M","T","R","M","?","M","M","R","B",null,"M","M","$","?","M","R","$","R","T","?","$","M","R","M","R","B",null],"character_chosen":"DEFECT","items_purchased":["All For One","Go for the Eyes","Regal Pillow","Panache","Cables"],"campfire_rested":4,"item_purchase_floors":[19,22,22,37,37],"current_hp_per_floor":[81,81,76,76,76,76,66,66,66,66,58,58,52,36,60,60,82,82,82,82,64,64,44,40,26,26,65,47,74,62,62,62,25,82,82,75,75,75,59,59,59,82,82,82,82,82,82,27,66,14],"gold":30,"neow_bonus":"TEN_PERCENT_HP_BONUS","is_prod":false,"is_daily":false,"chose_seed":false,"campfire_upgraded":5,"win_rate":0,"timestamp":1542651636,"path_taken":["M","?","M","?","M","R","E","?","T","M","?","R","E","M","R","BOSS","M","$","?","M","$","E","M","M","T","R","M","?","?","?","R","BOSS","M","?","$","?","M","R","$","R","T","?","?","?","R","M","R","BOSS"],"build_version":"2018-11-15","purchased_purges":2,"victory":true,"max_hp_per_floor":[82,82,82,82,82,82,82,82,82,82,82,82,82,82,82,82,82,82,82,82,82,82,82,82,82,82,82,82,82,82,82,82,82,82,82,82,82,82,82,82,82,82,82,82,82,82,82,82,82,82],"card_choices":[{"not_picked":["Steam Power","Streamline"],"picked":"Cold Snap","floor":1.0},{"not_picked":["Chill","Hologram"],"picked":"Compile Driver","floor":3.0},{"not_picked":["Consume","Self Repair","Barrage"],"picked":"SKIP","floor":5.0},{"not_picked":["Beam Cell","Recycle"],"picked":"Gash","floor":7.0},{"not_picked":["Barrage","Sweeping Beam"],"picked":"Beam Cell","floor":8.0},{"not_picked":["Consume","Redo","Fusion"],"picked":"SKIP","floor":8.0},{"not_picked":["Lockon","Streamline","Fusion"],"picked":"SKIP","floor":10.0},{"not_picked":["Stack","Leap","Ball Lightning"],"picked":"SKIP","floor":10.0},{"not_picked":["Compile Driver","Steam"],"picked":"All For One","floor":11.0},{"not_picked":["Conserve Battery","Streamline","Reinforced Body"],"picked":"SKIP","floor":13.0},{"not_picked":["Leap","Storm","Compile Driver"],"picked":"SKIP","floor":14.0},{"not_picked":["Self Repair","Conserve Battery","Ball Lightning"],"picked":"SKIP","floor":14.0},{"not_picked":["Fission","Thunder Strike"],"picked":"Electrodynamics","floor":16.0},{"not_picked":["White Noise+1","Skim+1","Redo"],"picked":"SKIP","floor":18.0},{"not_picked":["Stack","Conserve Battery","Steam"],"picked":"SKIP","floor":18.0},{"not_picked":["Skim+1","Sweeping Beam","Turbo"],"picked":"SKIP","floor":21.0},{"not_picked":["Hologram+1","Rebound","Genetic Algorithm"],"picked":"SKIP","floor":21.0},{"not_picked":["Streamline","Reprogram","Barrage+1"],"picked":"SKIP","floor":23.0},{"not_picked":["Genetic Algorithm+1","Compile Driver"],"picked":"Buffer","floor":24.0},{"not_picked":["Steam Power","Redo","Sweeping Beam+1"],"picked":"SKIP","floor":24.0},{"not_picked":["Coolheaded","Lockon"],"picked":"Gash+1","floor":25.0},{"not_picked":["Undo","Stack+1","Leap"],"picked":"SKIP","floor":25.0},{"not_picked":["Ball Lightning","Conserve Battery"],"picked":"Defragment","floor":28.0},{"not_picked":["Conserve Battery","Hologram","Undo"],"picked":"SKIP","floor":28.0},{"not_picked":["Recycle","Conserve Battery","Chaos"],"picked":"SKIP","floor":30.0},{"not_picked":["Leap","Chill","Heatsinks"],"picked":"SKIP","floor":30.0},{"not_picked":["Darkness+1","Turbo+1","Melter"],"picked":"SKIP","floor":35},{"not_picked":["Storm+1","Lockon+1","Blizzard"],"picked":"SKIP","floor":35},{"not_picked":["Barrage","Reinforced Body","Turbo"],"picked":"SKIP","floor":36},{"not_picked":["Streamline+1","Compile Driver","Loop"],"picked":"SKIP","floor":36},{"not_picked":["Sunder+1","Consume","Capacitor"],"picked":"SKIP","floor":39},{"not_picked":["Sweeping Beam","Cold Snap","Tempest+1"],"picked":"SKIP","floor":39},{"not_picked":["Hologram+1","Hello World+1"],"picked":"Gash+1","floor":46},{"not_picked":["Consume","Coolheaded+1","Rip and Tear+1"],"picked":"SKIP","floor":46},{"not_picked":["Consume","Coolheaded+1","Rip and Tear+1"],"picked":"SKIP","floor":46},{"not_picked":["Static Discharge","Doom and Gloom+1","Streamline+1"],"picked":"SKIP","floor":48},{"not_picked":["Go for the Eyes","Self Repair+1","Cold Snap"],"picked":"SKIP","floor":48}],"player_experience":91573,"relics_obtained":[{"floor":7.0,"key":"Prayer Wheel"},{"floor":9.0,"key":"The Courier"},{"floor":11.0,"key":"Odd Mushroom"},{"floor":13.0,"key":"DataDisk"},{"floor":23.0,"key":"War Paint"},{"floor":26.0,"key":"Symbiotic Virus"},{"floor":43,"key":"Art of War"}],"event_choices":[{"damage_healed":0.0,"max_hp_gain":0.0,"max_hp_loss":0.0,"gold_gain":0.0,"event_name":"Upgrade Shrine","player_choice":"Upgraded","floor":4.0,"gold_loss":0.0,"damage_taken":0.0,"cards_upgraded":["Dualcast"]},{"damage_healed":0.0,"max_hp_gain":0.0,"max_hp_loss":0.0,"gold_gain":0.0,"event_name":"Mushrooms","player_choice":"Fought Mushrooms","floor":11.0,"gold_loss":0.0,"damage_taken":0.0},{"damage_healed":0.0,"max_hp_gain":0.0,"max_hp_loss":0.0,"gold_gain":0.0,"event_name":"Forgotten Altar","player_choice":"Smashed Altar","floor":20.0,"gold_loss":0.0,"damage_taken":0.0,"cards_obtained":["Decay"]},{"damage_healed":27.0,"max_hp_gain":0.0,"max_hp_loss":0.0,"gold_gain":0.0,"event_name":"The Library","player_choice":"Heal","floor":29.0,"gold_loss":0.0,"damage_taken":0.0},{"cards_removed":["Defend_B"],"damage_healed":0,"gold_gain":0,"player_choice":"Removed Skill","damage_taken":0,"max_hp_gain":0,"max_hp_loss":0,"event_name":"Falling","floor":38,"gold_loss":0},{"damage_healed":0,"gold_gain":0,"player_choice":"Paid","damage_taken":0,"relics_obtained":["Red Mask"],"max_hp_gain":0,"max_hp_loss":0,"event_name":"Tomb of Lord Red Mask","floor":44,"gold_loss":79}],"is_beta":false,"boss_relics":[{"not_picked":["Runic Dome","Astrolabe"],"picked":"Philosopher\u0027s Stone"},{"not_picked":["Tiny House","Nuclear Battery"],"picked":"Empty Cage"}],"items_purged_floors":[19,22],"is_endless":false,"potions_floor_spawned":[1,5,8,11,18,23,25,30,39],"ascension_level":2}