{"gold_per_floor":[113,123,123,133,133,133,133,133,159,159,159,172,215,65,65,185,185,185,185,4,4,4,4,4,4,4,4,4,4,4,4,4,4,4,4,0,0,0,0,0,0],"floor_reached":41,"playtime":4006,"items_purged":["Regret","Defend_B"],"score":594,"play_id":"82a50024-616d-4bde-bd85-ae81f31020e6","local_time":"20180919145228","is_ascension_mode":true,"campfire_choices":[{"data":"Leap","floor":6.0,"key":"SMITH"},{"data":"Turbo","floor":8.0,"key":"SMITH"},{"data":"Reinforced Body","floor":10.0,"key":"SMITH"},{"data":"Conserve Battery","floor":15.0,"key":"SMITH"},{"data":"Machine Learning","floor":24.0,"key":"SMITH"},{"floor":28,"key":"REST"},{"floor":32,"key":"REST"},{"data":"Auto Shields","floor":40,"key":"SMITH"}],"neow_cost":"","seed_source_timestamp":59261331266087,"circlet_count":0,"master_deck":["Strike_B+1","Strike_B+1","Defend_B+1","Zap","Dualcast","Leap+1","Ball Lightning","Turbo+1","Reinforced Body+1","Conserve Battery+1","Undo","Auto Shields+1","Machine Learning+1","Ball Lightning","Reprogram+1","Auto Shields+1","Sunder","Conserve Battery","Streamline","RitualDagger","Tempest","Creative AI+1","Hyperbeam+1","Beam Cell+1","Conserve Battery+1","Madness","Madness","Chaos+1"],"special_seed":0,"relics":["Cracked Core","Strawberry","Bloody Idol","Whetstone","Gambling Chip","FossilizedHelix","Ectoplasm","Dead Branch","Ornamental Fan","War Paint","Regal Pillow","Astrolabe","Red Mask"],"potions_floor_usage":[27,27,30,41],"damage_taken":[{"damage":7.0,"enemies":"Small Slimes","floor":1.0,"turns":4.0},{"damage":0.0,"enemies":"2 Louse","floor":2.0,"turns":2.0},{"damage":5.0,"enemies":"Cultist","floor":4.0,"turns":4.0},{"damage":2.0,"enemies":"Large Slime","floor":12.0,"turns":5.0},{"damage":25.0,"enemies":"Lagavulin","floor":13.0,"turns":6.0},{"damage":0.0,"enemies":"The Guardian","floor":16.0,"turns":13.0},{"damage":11.0,"enemies":"Spheric Guardian","floor":18.0,"turns":5.0},{"damage":0.0,"enemies":"Chosen","floor":22.0,"turns":5.0},{"damage":33.0,"enemies":"Slavers","floor":23.0,"turns":9.0},{"damage":0.0,"enemies":"Snecko","floor":25.0,"turns":5.0},{"damage":10,"enemies":"Gremlin Leader","floor":27,"turns":9},{"damage":9,"enemies":"Slavers","floor":30,"turns":5},{"damage":1,"enemies":"Shelled Parasite and Fungi","floor":31,"turns":7},{"damage":53,"enemies":"Automaton","floor":33,"turns":15},{"damage":0,"enemies":"3 Shapes","floor":35,"turns":5},{"damage":0,"enemies":"Orb Walker","floor":39,"turns":4},{"damage":89,"enemies":"Giant Head","floor":41,"turns":9}],"seed_played":"-7610666665457917619","potions_obtained":[{"floor":2.0,"key":"FearPotion"},{"floor":13.0,"key":"Block Potion"},{"floor":16.0,"key":"Explosive Potion"},{"floor":23.0,"key":"Fire Potion"},{"floor":27,"key":"Explosive Potion"},{"floor":35,"key":"EssenceOfSteel"}],"is_trial":false,"path_per_floor":["M","M","?","M","?","R","?","R","T","R","T","M","E","$","R","B",null,"M","?","$","?","M","E","R","M","T","E","R","?","E","M","R","B",null,"M","?","?","$","M","R"],"character_chosen":"DEFECT","items_purchased":["Auto Shields","Reprogram"],"campfire_rested":2,"item_purchase_floors":[14,20],"current_hp_per_floor":[68,68,68,63,70,70,70,70,70,70,70,68,43,43,43,43,76,65,65,65,65,65,32,32,32,32,22,44,38,29,28,65,12,76,76,76,66,66,66,66,0],"gold":0,"neow_bonus":"","is_prod":false,"is_daily":false,"chose_seed":false,"campfire_upgraded":6,"win_rate":0,"timestamp":1537361548,"path_taken":["M","M","?","M","?","R","?","R","T","R","?","M","E","$","R","BOSS","M","?","$","?","M","E","R","?","T","E","R","?","E","M","R","BOSS","M","?","?","$","?","R","E"],"build_version":"2018-09-06","purchased_purges":2,"victory":false,"max_hp_per_floor":[75,75,75,75,82,82,76,76,76,76,76,76,76,76,76,76,76,76,76,76,76,76,76,76,76,76,76,76,76,76,76,76,76,76,76,76,76,76,76,76,76],"card_choices":[{"not_picked":["Hologram","Turbo"],"picked":"Leap","floor":1.0},{"not_picked":["Recycle","Undo"],"picked":"Ball Lightning","floor":2.0},{"not_picked":["Chill","Sweeping Beam"],"picked":"Reinforced Body","floor":4.0},{"not_picked":["Compile Driver","Double Energy"],"picked":"Conserve Battery","floor":12.0},{"not_picked":["Redo","Steam"],"picked":"Undo","floor":13.0},{"not_picked":["Creative AI","All For One"],"picked":"Machine Learning","floor":16.0},{"not_picked":["White Noise+1","Steam"],"picked":"Ball Lightning","floor":18.0},{"not_picked":["Go for the Eyes","Ball Lightning"],"picked":"Auto Shields+1","floor":22.0},{"not_picked":["Creative AI","Chill+1"],"picked":"Sunder","floor":23.0},{"not_picked":["Compile Driver","Ball Lightning"],"picked":"Conserve Battery","floor":25},{"not_picked":["Sweeping Beam","Leap"],"picked":"Streamline","floor":27},{"not_picked":["Cold Snap","Biased Cognition","Rebound"],"picked":"SKIP","floor":30},{"not_picked":["Go for the Eyes","Stack"],"picked":"Tempest","floor":31},{"not_picked":["Static Discharge","Gash"],"picked":"Conserve Battery+1","floor":35},{"not_picked":["Coolheaded","Go for the Eyes+1"],"picked":"Chaos+1","floor":39}],"player_experience":483833,"relics_obtained":[{"floor":9.0,"key":"Whetstone"},{"floor":11.0,"key":"Gambling Chip"},{"floor":13.0,"key":"FossilizedHelix"},{"floor":23.0,"key":"Dead Branch"},{"floor":26,"key":"Ornamental Fan"},{"floor":27,"key":"War Paint"},{"floor":30,"key":"Regal Pillow"}],"event_choices":[{"event_name":"Living Wall","player_choice":"Change","floor":3.0,"damage_taken":0.0},{"event_name":"Big Fish","player_choice":"Box","floor":5.0,"damage_taken":0.0},{"event_name":"Golden Idol","player_choice":"Lose Max HP","floor":7.0,"damage_taken":0.0},{"event_name":"Ghosts","player_choice":"Ignored","floor":19.0,"damage_taken":0.0},{"event_name":"Forgotten Altar","player_choice":"Gave Idol","floor":21.0,"damage_taken":0.0},{"event_name":"Nest","player_choice":"Joined the Cult","floor":29,"damage_taken":0},{"event_name":"Tomb of Lord Red Mask","player_choice":"Paid","floor":36,"damage_taken":0},{"event_name":"Winding Halls","player_choice":"Embrace Madness","floor":37,"damage_taken":0}],"is_beta":false,"boss_relics":[{"not_picked":["Eternal Feather","Runic Dome"],"picked":"Ectoplasm"},{"not_picked":["Calling Bell","Orrery"],"picked":"Astrolabe"}],"items_purged_floors":[14,20],"is_endless":false,"potions_floor_spawned":[2,13,16,23,27,35],"killed_by":"Giant Head","ascension_level":4}