{"gold_per_floor":[116,116,116,127,139,174,174,187,187,217,233,233,268,283,283,388,388,404,40,40,85,101,133,133,58,58,58,72,83,100,100,100,197,197,211,221,274,274,286,286,320,320,320,338,338,338,348,368,368,368],"floor_reached":50,"playtime":4795,"items_purged":[],"score":539,"play_id":"8deaf4de-7579-4cd5-b773-ecca599db733","local_time":"20190701161319","is_ascension_mode":false,"campfire_choices":[{"floor":7,"key":"REST"},{"floor":12,"key":"REST"},{"floor":15,"key":"REST"},{"data":"Accuracy","floor":24,"key":"SMITH"},{"data":"Blade Dance","floor":27,"key":"SMITH"},{"floor":32,"key":"REST"},{"floor":40,"key":"REST"},{"data":"Accuracy","floor":46,"key":"SMITH"},{"floor":49,"key":"REST"}],"neow_cost":"NONE","seed_source_timestamp":628579625253815,"circlet_count":0,"master_deck":["Defend_G+1","Defend_G+1","Defend_G+1","Defend_G+1","Strike_G+1","Strike_G+1","Strike_G+1","Survivor","Neutralize","Blade Dance+1","Poisoned Stab","Prepared","Backflip","Bouncing Flask","Leg Sweep","Dash","Prepared","Finisher","Outmaneuver","Finisher","Blade Dance+1","Glass Knife","Accuracy+1","Dagger Throw","Endless Agony","Footwork","Backstab","Acrobatics+1","Prepared+1","Outmaneuver+1","Accuracy+1","Terror+1","Tools of the Trade","Acrobatics+1","Flechettes+1","Burst","PiercingWail+1","Reflex","Bullet Time","Secret Weapon","Bandage Up","Dark Shackles","Accuracy","Quick Slash+1","Finisher+1","Reflex"],"relics":["Ring of the Snake","Art of War","Ninja Scroll","Dream Catcher","Happy Flower","Pocketwatch","WristBlade","TwistedFunnel","PreservedInsect","Snake Skull","Meat on the Bone","Lizard Tail","Girya","Calipers","Bronze Scales","Bird Faced Urn"],"potions_floor_usage":[16,33,33,33,48,50,50],"damage_taken":[{"damage":1,"enemies":"Jaw Worm","floor":1,"turns":6},{"damage":0,"enemies":"Small Slimes","floor":4,"turns":3},{"damage":1,"enemies":"Cultist","floor":5,"turns":3},{"damage":40,"enemies":"3 Sentries","floor":6,"turns":13},{"damage":7,"enemies":"Exordium Thugs","floor":8,"turns":5},{"damage":13,"enemies":"Gremlin Nob","floor":10,"turns":5},{"damage":0,"enemies":"Blue Slaver","floor":11,"turns":3},{"damage":8,"enemies":"Lagavulin","floor":13,"turns":5},{"damage":0,"enemies":"2 Fungi Beasts","floor":14,"turns":3},{"damage":48,"enemies":"Slime Boss","floor":16,"turns":13},{"damage":9,"enemies":"Shell Parasite","floor":18,"turns":3},{"damage":6,"enemies":"3 Byrds","floor":22,"turns":3},{"damage":5,"enemies":"Slavers","floor":23,"turns":3},{"damage":11,"enemies":"Snake Plant","floor":28,"turns":3},{"damage":10,"enemies":"Chosen and Byrds","floor":29,"turns":3},{"damage":0,"enemies":"3 Cultists","floor":30,"turns":3},{"damage":24,"enemies":"Automaton","floor":33,"turns":10},{"damage":17,"enemies":"3 Darklings","floor":35,"turns":4},{"damage":0,"enemies":"Orb Walker","floor":36,"turns":2},{"damage":21,"enemies":"2 Orb Walkers","floor":37,"turns":5},{"damage":10,"enemies":"Jaw Worm Horde","floor":39,"turns":4},{"damage":4,"enemies":"Nemesis","floor":41,"turns":5},{"damage":11,"enemies":"3 Darklings","floor":44,"turns":2},{"damage":35,"enemies":"4 Shapes","floor":47,"turns":5},{"damage":16,"enemies":"Maw","floor":48,"turns":5},{"damage":130,"enemies":"Donu and Deca","floor":50,"turns":12}],"seed_played":"-4238876014584077782","potions_obtained":[{"floor":6,"key":"Block Potion"},{"floor":8,"key":"GhostInAJar"},{"floor":10,"key":"Ancient Potion"},{"floor":13,"key":"Block Potion"},{"floor":22,"key":"Strength Potion"},{"floor":39,"key":"AttackPotion"},{"floor":41,"key":"GamblersBrew"},{"floor":47,"key":"EssenceOfSteel"}],"is_trial":false,"path_per_floor":["M","?","?","M","M","E","R","M","T","E","M","R","E","M","R","B",null,"M","$","?","T","M","E","R","?","T","R","M","M","M","?","R","B",null,"M","M","?","T","M","R","E","?","T","M","?","R","M","M","R","B"],"character_chosen":"THE_SILENT","items_purchased":["TwistedFunnel","Dagger Throw","Endless Agony","Footwork"],"campfire_rested":6,"item_purchase_floors":[19,19,19,19],"current_hp_per_floor":[69,69,69,69,68,28,49,42,42,29,29,50,42,42,63,15,70,61,61,61,61,55,50,50,50,50,50,39,41,41,41,62,38,70,53,53,44,44,46,67,63,53,53,50,50,50,41,47,68,0],"gold":368,"neow_bonus":"TRANSFORM_CARD","is_prod":false,"is_daily":false,"chose_seed":false,"campfire_upgraded":3,"win_rate":0.0,"timestamp":1562022799,"path_taken":["M","?","?","M","M","E","R","M","T","E","M","R","E","M","R","BOSS","M","$","?","?","M","E","R","?","T","R","M","M","M","?","R","BOSS","M","M","?","?","M","R","E","?","T","M","?","R","M","?","R","BOSS"],"build_version":"2019-01-23","purchased_purges":0,"victory":false,"max_hp_per_floor":[70,70,70,70,70,70,70,70,70,70,70,70,70,70,70,70,70,70,70,70,70,70,70,70,70,70,70,70,70,70,70,70,70,70,70,70,70,70,70,70,70,70,70,70,70,70,70,70,70,70],"card_choices":[{"not_picked":["Outmaneuver","Dagger Spray"],"picked":"Poisoned Stab","floor":1},{"not_picked":["Tactician","Underhanded Strike"],"picked":"Prepared","floor":4},{"not_picked":["Calculated Gamble","Dodge and Roll"],"picked":"Backflip","floor":5},{"not_picked":["Dagger Spray","Riddle With Holes"],"picked":"Bouncing Flask","floor":6},{"not_picked":["Dodge and Roll","Slice"],"picked":"Leg Sweep","floor":8},{"not_picked":["Blade Dance","Skewer"],"picked":"Dash","floor":10},{"not_picked":["Deflect","Dagger Spray"],"picked":"Prepared","floor":11},{"not_picked":["Storm of Steel","Slice"],"picked":"Finisher","floor":12},{"not_picked":["Poisoned Stab","Underhanded Strike"],"picked":"Outmaneuver","floor":13},{"not_picked":["Crippling Poison","Dodge and Roll"],"picked":"Finisher","floor":14},{"not_picked":["Dagger Spray","Outmaneuver"],"picked":"Blade Dance","floor":15},{"not_picked":["Doppelganger","Phantasmal Killer"],"picked":"Glass Knife","floor":16},{"not_picked":["PiercingWail","Sucker Punch"],"picked":"Accuracy","floor":18},{"not_picked":["Flying Knee","Crippling Poison"],"picked":"Backstab","floor":22},{"not_picked":["Dagger Throw","Slice"],"picked":"Acrobatics+1","floor":23},{"not_picked":["Caltrops","Outmaneuver"],"picked":"Prepared+1","floor":28},{"not_picked":["Catalyst","Deadly Poison+1"],"picked":"Outmaneuver+1","floor":29},{"not_picked":["Backstab","Outmaneuver"],"picked":"Accuracy","floor":30},{"not_picked":["Dodge and Roll","Underhanded Strike"],"picked":"Terror+1","floor":32},{"not_picked":["Doppelganger","Wraith Form v2"],"picked":"Tools of the Trade","floor":33},{"not_picked":["Underhanded Strike","Outmaneuver"],"picked":"Acrobatics+1","floor":35},{"not_picked":["Dagger Spray","Outmaneuver"],"picked":"Flechettes+1","floor":36},{"not_picked":["Prepared+1","Slice+1"],"picked":"Burst","floor":37},{"not_picked":["Riddle With Holes","Expertise"],"picked":"PiercingWail+1","floor":39},{"not_picked":["Deadly Poison","Prepared"],"picked":"Reflex","floor":40},{"not_picked":["Riddle With Holes","Prepared"],"picked":"Bullet Time","floor":41},{"not_picked":["Sadistic Nature","Jack Of All Trades"],"picked":"Secret Weapon","floor":42},{"not_picked":["Finesse","Violence"],"picked":"Bandage Up","floor":42},{"not_picked":["Madness","Blind"],"picked":"Dark Shackles","floor":42},{"not_picked":["Catalyst+1","Underhanded Strike+1"],"picked":"Accuracy","floor":44},{"not_picked":["Outmaneuver","Dagger Spray+1"],"picked":"Quick Slash+1","floor":47},{"not_picked":["Flying Knee","Slice+1"],"picked":"Finisher+1","floor":48},{"not_picked":["Blade Dance","Quick Slash+1"],"picked":"Reflex","floor":49}],"player_experience":58872,"relics_obtained":[{"floor":3,"key":"Art of War"},{"floor":6,"key":"Ninja Scroll"},{"floor":9,"key":"Dream Catcher"},{"floor":10,"key":"Happy Flower"},{"floor":13,"key":"Pocketwatch"},{"floor":21,"key":"PreservedInsect"},{"floor":23,"key":"Snake Skull"},{"floor":26,"key":"Meat on the Bone"},{"floor":37,"key":"Girya"},{"floor":38,"key":"Calipers"},{"floor":41,"key":"Bronze Scales"},{"floor":43,"key":"Bird Faced Urn"}],"event_choices":[{"damage_healed":0,"gold_gain":0,"player_choice":"Grow","damage_taken":0,"max_hp_gain":0,"max_hp_loss":0,"event_name":"Living Wall","floor":2,"gold_loss":0,"cards_upgraded":["Blade Dance"]},{"damage_healed":0,"gold_gain":0,"player_choice":"Relic","damage_taken":0,"max_hp_gain":0,"max_hp_loss":0,"event_name":"Wheel of Change","floor":3,"gold_loss":0},{"damage_healed":0,"gold_gain":0,"player_choice":"Simplicity","damage_taken":0,"max_hp_gain":0,"max_hp_loss":0,"event_name":"Back to Basics","floor":20,"gold_loss":0,"cards_upgraded":["Defend_G","Defend_G","Defend_G","Defend_G","Defend_G","Strike_G","Strike_G","Strike_G","Strike_G"]},{"cards_removed":["Defend_G"],"damage_healed":0,"gold_gain":0,"player_choice":"Gave Gold","damage_taken":0,"max_hp_gain":0,"max_hp_loss":0,"event_name":"Beggar","floor":25,"gold_loss":75},{"damage_healed":0,"gold_gain":0,"player_choice":"Ignored","damage_taken":0,"max_hp_gain":0,"max_hp_loss":0,"event_name":"Ghosts","floor":31,"gold_loss":0},{"damage_healed":0,"gold_gain":0,"player_choice":"Fight","damage_taken":0,"max_hp_gain":0,"max_hp_loss":0,"event_name":"Mysterious Sphere","floor":37,"gold_loss":0},{"damage_healed":0,"gold_gain":0,"player_choice":"Memory 3","damage_taken":10,"max_hp_gain":0,"max_hp_loss":0,"event_name":"SensoryStone","floor":42,"gold_loss":0},{"cards_removed":["Strike_G"],"damage_healed":0,"gold_gain":0,"player_choice":"Purged","damage_taken":0,"max_hp_gain":0,"max_hp_loss":0,"event_name":"Purifier","floor":45,"gold_loss":0}],"is_beta":false,"boss_relics":[{"not_picked":["Black Star","Sozu"],"picked":"WristBlade"},{"not_picked":["Philosopher\u0027s Stone","Coffee Dripper"],"picked":"Lizard Tail"}],"items_purged_floors":[],"is_endless":false,"potions_floor_spawned":[6,8,10,13,14,22,28,39,41,47],"killed_by":"Donu and Deca","ascension_level":0}