{"gold_per_floor":[147,147,172,186,205,245,245,269,292,323,323,346,361,1,1,126,126,151,119,244,263,287,287,325,349,395,419,443,459,39,39,39,39],"floor_reached":33,"playtime":2739,"items_purged":[],"score":308,"play_id":"7c1cd5a0-5d37-4969-bb03-f945c142eba0","local_time":"20190701134249","is_ascension_mode":false,"campfire_choices":[{"floor":7,"key":"REST"},{"floor":15,"key":"REST"},{"floor":23,"key":"REST"},{"floor":32,"key":"REST"}],"neow_cost":"NONE","seed_source_timestamp":621609515485417,"circlet_count":0,"master_deck":["Defend_G","Defend_G","Defend_G","Defend_G","Defend_G","Strike_G","Strike_G","Strike_G","Strike_G","Strike_G","Survivor","Neutralize","Dagger Throw","Backflip","Flying Knee","Accuracy","Dash","Sucker Punch","Outmaneuver","Noxious Fumes","Swift Strike+1","Poisoned Stab+1","Adrenaline","Heel Hook+1","Endless Agony+1","Dash+1","Cloak And Dagger+1","Poisoned Stab+1","Cloak And Dagger+1","Blade Dance+1","Cloak And Dagger+1","Well Laid Plans+1","Unload+1","Quick Slash+1","Flying Knee+1","Dramatic Entrance+1","Leg Sweep+1","Violence+1"],"relics":["Ring of the Snake","Tiny Chest","Golden Idol","Anchor","Art of War","PreservedInsect","Orichalcum","Paper Crane","Molten Egg 2","WristBlade","Calipers","Toxic Egg 2","Ancient Tea Set","Pen Nib"],"potions_floor_usage":[20,20,29,33,33,33],"damage_taken":[{"damage":0,"enemies":"Jaw Worm","floor":1,"turns":5},{"damage":0,"enemies":"Small Slimes","floor":3,"turns":4},{"damage":1,"enemies":"2 Louse","floor":4,"turns":4},{"damage":0,"enemies":"Exordium Wildlife","floor":5,"turns":4},{"damage":21,"enemies":"Gremlin Nob","floor":6,"turns":5},{"damage":10,"enemies":"Lagavulin","floor":10,"turns":7},{"damage":0,"enemies":"Lots of Slimes","floor":12,"turns":6},{"damage":0,"enemies":"3 Louse","floor":13,"turns":4},{"damage":18,"enemies":"Slime Boss","floor":16,"turns":11},{"damage":0,"enemies":"Chosen","floor":18,"turns":4},{"damage":6,"enemies":"2 Thieves","floor":19,"turns":5},{"damage":18,"enemies":"Colosseum Slavers","floor":20,"turns":5},{"damage":0,"enemies":"Colosseum Nobs","floor":20,"turns":4},{"damage":11,"enemies":"Chosen and Byrds","floor":21,"turns":5},{"damage":5,"enemies":"3 Cultists","floor":22,"turns":5},{"damage":10,"enemies":"Gremlin Leader","floor":24,"turns":5},{"damage":14,"enemies":"Sentry and Sphere","floor":25,"turns":5},{"damage":10,"enemies":"Snecko","floor":27,"turns":5},{"damage":0,"enemies":"Snake Plant","floor":28,"turns":4},{"damage":9,"enemies":"Centurion and Healer","floor":29,"turns":4},{"damage":32,"enemies":"Collector","floor":33,"turns":6}],"seed_played":"-1341452446617156643","potions_obtained":[{"floor":10,"key":"Fire Potion"},{"floor":12,"key":"SkillPotion"},{"floor":13,"key":"GamblersBrew"},{"floor":20,"key":"Fire Potion"},{"floor":24,"key":"EssenceOfSteel"},{"floor":25,"key":"PowerPotion"},{"floor":29,"key":"Explosive Potion"}],"is_trial":false,"path_per_floor":["M","?","M","M","M","E","R","T","T","E","?","M","M","$","R","B",null,"M","M","?","M","M","R","E","M","T","M","M","M","$","?","R","B"],"character_chosen":"THE_SILENT","items_purchased":["Molten Egg 2","Swift Strike+1","Poisoned Stab+1","Quick Slash+1","Flying Knee+1","Dramatic Entrance+1","Leg Sweep+1","Violence+1"],"campfire_rested":4,"item_purchase_floors":[14,14,14,30,30,30,30,30],"current_hp_per_floor":[70,53,53,52,52,31,52,52,52,42,35,35,35,35,56,38,70,70,64,46,35,30,51,41,27,27,17,17,8,8,8,29,0],"gold":39,"neow_bonus":"RANDOM_COMMON_RELIC","is_prod":false,"is_daily":false,"chose_seed":false,"campfire_upgraded":0,"win_rate":0.0,"timestamp":1562013769,"path_taken":["M","?","M","M","M","E","R","?","T","E","?","M","M","$","R","BOSS","M","M","?","M","M","R","E","M","T","M","M","M","$","?","R","BOSS"],"build_version":"2019-01-23","purchased_purges":0,"victory":false,"max_hp_per_floor":[70,70,70,70,70,70,70,70,70,70,70,70,70,70,70,70,70,70,70,70,70,70,70,70,70,70,70,70,70,70,70,70,70],"card_choices":[{"not_picked":["Poisoned Stab","Quick Slash"],"picked":"Dagger Throw","floor":1},{"not_picked":["Poisoned Stab","Escape Plan"],"picked":"Backflip","floor":3},{"not_picked":["Dodge and Roll","Dagger Spray"],"picked":"Flying Knee","floor":4},{"not_picked":["Endless Agony","Cloak And Dagger"],"picked":"Accuracy","floor":5},{"not_picked":["Noxious Fumes","Underhanded Strike"],"picked":"Dash","floor":6},{"not_picked":["Slice","Footwork"],"picked":"Sucker Punch","floor":10},{"not_picked":["Bane","Accuracy"],"picked":"Outmaneuver","floor":12},{"not_picked":["Calculated Gamble","Corpse Explosion"],"picked":"Noxious Fumes","floor":13},{"not_picked":["Corpse Explosion","Malaise"],"picked":"Adrenaline","floor":16},{"not_picked":["Acrobatics","Slice+1"],"picked":"Heel Hook+1","floor":18},{"not_picked":["Underhanded Strike+1","Outmaneuver"],"picked":"Endless Agony+1","floor":19},{"not_picked":["Bane+1","Noxious Fumes+1"],"picked":"Dash+1","floor":20},{"not_picked":["Backflip+1","Endless Agony+1"],"picked":"Cloak And Dagger+1","floor":21},{"not_picked":["Underhanded Strike+1","Dodge and Roll+1"],"picked":"Poisoned Stab+1","floor":22},{"not_picked":["Acrobatics+1","Skewer+1"],"picked":"Cloak And Dagger+1","floor":24},{"not_picked":["Underhanded Strike+1","Sucker Punch+1"],"picked":"Blade Dance+1","floor":25},{"not_picked":["Noxious Fumes","Calculated Gamble+1"],"picked":"Cloak And Dagger+1","floor":27},{"not_picked":["Choke+1","Dagger Spray+1"],"picked":"Well Laid Plans+1","floor":28},{"not_picked":["Reflex+1","Dodge and Roll+1"],"picked":"Unload+1","floor":29}],"player_experience":52014,"relics_obtained":[{"floor":6,"key":"Anchor"},{"floor":8,"key":"Art of War"},{"floor":9,"key":"PreservedInsect"},{"floor":10,"key":"Orichalcum"},{"floor":20,"key":"Calipers"},{"floor":20,"key":"Toxic Egg 2"},{"floor":24,"key":"Ancient Tea Set"},{"floor":26,"key":"Pen Nib"}],"event_choices":[{"damage_healed":0,"gold_gain":0,"player_choice":"Take Damage","damage_taken":17,"relics_obtained":["Golden Idol"],"max_hp_gain":0,"max_hp_loss":0,"event_name":"Golden Idol","floor":2,"gold_loss":0},{"damage_healed":0,"gold_gain":0,"player_choice":"Success","damage_taken":7,"relics_obtained":["Paper Crane"],"max_hp_gain":0,"max_hp_loss":0,"event_name":"Scrap Ooze","floor":11,"gold_loss":0},{"damage_healed":0,"gold_gain":0,"player_choice":"Fight","damage_taken":0,"max_hp_gain":0,"max_hp_loss":0,"event_name":"Colosseum","floor":20,"gold_loss":0},{"damage_healed":0,"gold_gain":0,"player_choice":"Fought Nobs","damage_taken":0,"max_hp_gain":0,"max_hp_loss":0,"event_name":"Colosseum","floor":20,"gold_loss":0},{"damage_healed":0,"gold_gain":0,"player_choice":"Ignored","damage_taken":0,"max_hp_gain":0,"max_hp_loss":0,"event_name":"Beggar","floor":31,"gold_loss":0}],"is_beta":false,"boss_relics":[{"not_picked":["Sozu","Velvet Choker"],"picked":"WristBlade"}],"items_purged_floors":[],"is_endless":false,"potions_floor_spawned":[10,12,13,20,24,25,29],"killed_by":"Collector","ascension_level":0}