{"gold_per_floor":[114,131,4,16,16,49,49,64,64,64,64,64,64,78,78,78],"floor_reached":16,"playtime":1470,"items_purged":["Strike_G"],"score":105,"play_id":"ecf7f77c-547a-42bd-aca8-f33499a4d612","local_time":"20180813171000","is_ascension_mode":true,"campfire_choices":[{"data":"Noxious Fumes","floor":7,"key":"SMITH"},{"data":"Setup","floor":10,"key":"SMITH"},{"data":"Escape Plan","floor":12,"key":"SMITH"},{"data":"Backflip","floor":15,"key":"SMITH"}],"neow_cost":"PERCENT_DAMAGE","seed_source_timestamp":229248130857762,"circlet_count":0,"master_deck":["Defend_G","Defend_G","Defend_G","Defend_G","Defend_G","Strike_G","Survivor","Neutralize","Escape Plan+1","Underhanded Strike","Noxious Fumes+1","Setup+1","Dagger Throw","Leg Sweep","Backflip+1","Backstab","Acrobatics"],"relics":["Ring of the Snake","Gremlin Horn","Singing Bowl","Question Card"],"potions_floor_usage":[6,16],"damage_taken":[{"damage":0,"enemies":"Cultist","floor":1,"turns":3},{"damage":0,"enemies":"Small Slimes","floor":2,"turns":3},{"damage":0,"enemies":"2 Louse","floor":4,"turns":3},{"damage":19,"enemies":"Gremlin Nob","floor":6,"turns":6},{"damage":0,"enemies":"Lots of Slimes","floor":8,"turns":4},{"damage":2,"enemies":"Blue Slaver","floor":14,"turns":4},{"damage":22,"enemies":"Slime Boss","floor":16,"turns":9}],"seed_played":"-1375491640553069718","potions_obtained":[{"floor":1,"key":"PowerPotion"},{"floor":2,"key":"SneckoOil"}],"is_trial":false,"path_per_floor":["M","M","$","M","?","E","R","M","T","R","?","R","?","M","R"],"character_chosen":"THE_SILENT","items_purchased":["Dagger Throw"],"campfire_rested":0,"item_purchase_floors":[3],"current_hp_per_floor":[49,49,49,49,42,23,23,23,23,23,23,23,23,21,21,0],"gold":78,"neow_bonus":"TRANSFORM_TWO_CARDS","is_prod":false,"is_daily":false,"chose_seed":false,"campfire_upgraded":4,"win_rate":0,"timestamp":1534173000,"path_taken":["M","M","$","M","?","E","R","M","T","R","?","R","?","?","R","BOSS"],"build_version":"2018-08-09","purchased_purges":1,"victory":false,"max_hp_per_floor":[70,70,70,70,70,70,70,70,70,70,70,70,70,70,70,70],"card_choices":[{"not_picked":["Infinite Blades","Sucker Punch"],"picked":"Noxious Fumes","floor":1},{"not_picked":["Backstab","Flying Knee"],"picked":"Setup","floor":2},{"not_picked":["Quick Slash","Dodge and Roll"],"picked":"Leg Sweep","floor":4},{"not_picked":["Quick Slash","Sucker Punch"],"picked":"Backflip","floor":6},{"not_picked":["PiercingWail","Finisher"],"picked":"Backstab","floor":8},{"not_picked":["Distraction","Footwork","Grand Finale"],"picked":"Acrobatics","floor":14}],"player_experience":294091,"relics_obtained":[{"floor":6,"key":"Gremlin Horn"},{"floor":9,"key":"Singing Bowl"}],"event_choices":[{"event_name":"Golden Wing","player_choice":"Card Removal","floor":5,"damage_taken":0},{"event_name":"Accursed Blacksmith","player_choice":"Rummage","floor":11,"damage_taken":0},{"event_name":"Fountain of Cleansing","player_choice":"Removed Curse","floor":13,"damage_taken":0}],"is_beta":false,"boss_relics":[],"items_purged_floors":[3],"is_endless":false,"potions_floor_spawned":[1,2],"killed_by":"Slime Boss","ascension_level":1}