{"gold_per_floor":[109,119,132,22,41,72,72,106,130,159,159,173,173,217,217,346,346,360,285,326,14,14,50,50,83,106,106,144,16,36,51,51,171,171,195,33,33,58,123,156,156,191,217,232,454,472,29,62,62,62,62,62,22,60,60],"floor_reached":56,"playtime":6957,"items_purged":["Strike_G"],"score":1662,"play_id":"67409695-bbbc-4c00-96ff-0c9a039f5c0d","local_time":"20190711163604","is_ascension_mode":true,"campfire_choices":[{"data":"Noxious Fumes","floor":7,"key":"SMITH"},{"floor":11,"key":"RECALL"},{"data":"Crippling Poison","floor":15,"key":"SMITH"},{"data":"Apotheosis","floor":24,"key":"SMITH"},{"data":"Terror","floor":27,"key":"SMITH"},{"data":"Wraith Form v2","floor":32,"key":"SMITH"},{"data":"After Image","floor":41,"key":"SMITH"},{"floor":49,"key":"REST"},{"data":"Well Laid Plans","floor":52,"key":"SMITH"}],"neow_cost":"NONE","seed_source_timestamp":23482548876146,"circlet_count":0,"master_deck":["Strike_G","Strike_G","Defend_G+1","Defend_G+1","Defend_G","Defend_G","Survivor","Neutralize","Dash","Leg Sweep","Poisoned Stab","Noxious Fumes+1","Crippling Poison+1","Flying Knee","PiercingWail","After Image+1","Blade Dance","Outmaneuver","Backflip","Wraith Form v2+1","Heel Hook+1","Terror+1","Apotheosis+1","Dagger Spray","Malaise","Phantasmal Killer","Acrobatics+1","Flechettes+1","Prepared+1","Outmaneuver+1","Acrobatics+1","Corpse Explosion+1","Deadly Poison+1","Mayhem","Noxious Fumes","Backflip+1","Madness+1","Madness+1","Catalyst+1","Footwork","Well Laid Plans+1","Bane+1","Outmaneuver+1","Concentrate+1","Chrysalis+1","Caltrops","Choke","Concentrate+1","Endless Agony","Noxious Fumes+1"],"relics":["Ring of the Serpent","Anchor","Meat on the Bone","Lantern","Centennial Puzzle","Pen Nib","Golden Idol","Pocketwatch","Black Star","Red Mask","Membership Card","Toxic Egg 2","Torii","Mercury Hourglass","Tingsha","Bag of Preparation","Regal Pillow","Ancient Tea Set","Ornamental Fan","Du-Vu Doll","Boot","Vajra","War Paint","Blood Vial","The Specimen","DollysMirror","Calipers","Frozen Egg 2","Tough Bandages","Paper Crane"],"potions_floor_usage":[6,25,25,33,33,38,39,44,55],"damage_taken":[{"damage":3,"enemies":"Jaw Worm","floor":1,"turns":6},{"damage":0,"enemies":"Small Slimes","floor":2,"turns":4},{"damage":0,"enemies":"2 Louse","floor":3,"turns":3},{"damage":3,"enemies":"Large Slime","floor":5,"turns":8},{"damage":9,"enemies":"3 Sentries","floor":6,"turns":6},{"damage":5,"enemies":"Lagavulin","floor":8,"turns":7},{"damage":5,"enemies":"3 Sentries","floor":10,"turns":7},{"damage":4,"enemies":"Looter","floor":12,"turns":4},{"damage":10,"enemies":"Lagavulin","floor":14,"turns":7},{"damage":4,"enemies":"The Guardian","floor":16,"turns":10},{"damage":6,"enemies":"Spheric Guardian","floor":18,"turns":5},{"damage":35,"enemies":"Masked Bandits","floor":20,"turns":6},{"damage":20,"enemies":"Book of Stabbing","floor":23,"turns":7},{"damage":0,"enemies":"Gremlin Leader","floor":25,"turns":5},{"damage":17,"enemies":"Book of Stabbing","floor":28,"turns":6},{"damage":2,"enemies":"Shell Parasite","floor":30,"turns":3},{"damage":0,"enemies":"Centurion and Healer","floor":31,"turns":5},{"damage":0,"enemies":"Automaton","floor":33,"turns":7},{"damage":0,"enemies":"Orb Walker","floor":35,"turns":3},{"damage":1,"enemies":"3 Darklings","floor":38,"turns":5},{"damage":15,"enemies":"2 Orb Walkers","floor":39,"turns":7},{"damage":1,"enemies":"Reptomancer","floor":40,"turns":6},{"damage":0,"enemies":"Nemesis","floor":42,"turns":5},{"damage":1,"enemies":"Transient","floor":44,"turns":5},{"damage":1,"enemies":"Jaw Worm Horde","floor":46,"turns":4},{"damage":11,"enemies":"Reptomancer","floor":48,"turns":4},{"damage":20,"enemies":"Donu and Deca","floor":50,"turns":6},{"damage":13,"enemies":"Shield and Spear","floor":54,"turns":4},{"damage":13,"enemies":"The Heart","floor":55,"turns":8}],"seed_played":"5404546981821025643","potions_obtained":[{"floor":1,"key":"Swift Potion"},{"floor":2,"key":"SkillPotion"},{"floor":3,"key":"EssenceOfSteel"},{"floor":8,"key":"SteroidPotion"},{"floor":12,"key":"SpeedPotion"},{"floor":25,"key":"Poison Potion"},{"floor":31,"key":"Block Potion"},{"floor":35,"key":"Block Potion"},{"floor":38,"key":"Poison Potion"},{"floor":40,"key":"Strength Potion"}],"is_trial":false,"path_per_floor":["M","M","M","$","M","E","R","E","T","E","R","M","?","E","R","B",null,"M","?","?","$","?","E","R","E","T","R","E","$","M","M","R","B",null,"M","$","?","M","?","E","R","E","T","M","?","M","$","E","R","B",null,"R","$","E","B",null],"character_chosen":"THE_SILENT","items_purchased":["Noxious Fumes","Crippling Poison","Membership Card","Apotheosis","Dagger Spray","Ornamental Fan","Mayhem","Noxious Fumes","Backflip+1","Concentrate+1","The Specimen","Chrysalis+1","Caltrops","Choke","DollysMirror","Noxious Fumes+1"],"campfire_rested":1,"item_purchase_floors":[4,4,21,21,21,29,36,36,36,47,47,47,47,47,47,53],"current_hp_per_floor":[67,67,67,67,64,55,55,50,50,45,45,41,24,26,26,34,70,64,64,41,41,41,33,33,45,45,45,40,40,38,38,38,38,70,70,70,61,60,45,44,44,44,44,45,45,46,46,37,70,50,70,70,70,57,46],"gold":60,"neow_bonus":"RANDOM_COMMON_RELIC","is_prod":false,"is_daily":false,"chose_seed":false,"campfire_upgraded":7,"win_rate":0,"timestamp":1562888164,"path_taken":["M","M","M","$","M","E","R","E","T","E","R","M","?","E","R","BOSS","M","?","?","$","?","E","R","E","T","R","E","?","M","M","R","BOSS","M","$","?","M","?","E","R","E","T","M","?","?","?","E","R","BOSS","R","$","E","BOSS"],"build_version":"2019-07-05","purchased_purges":1,"victory":true,"max_hp_per_floor":[70,70,70,70,70,70,70,70,70,70,70,70,70,70,70,70,70,70,70,70,70,70,70,70,70,70,70,70,70,70,70,70,70,70,70,70,70,70,70,70,70,70,70,70,70,70,70,70,70,70,70,70,70,70,70],"card_choices":[{"not_picked":["Deadly Poison","Endless Agony"],"picked":"Dash","floor":1},{"not_picked":["Prepared","Deflect"],"picked":"Leg Sweep","floor":2},{"not_picked":["Bane","Night Terror"],"picked":"Poisoned Stab","floor":3},{"not_picked":["Expertise","Slice"],"picked":"Flying Knee","floor":5},{"not_picked":["Riddle With Holes","Dagger Spray"],"picked":"PiercingWail","floor":6},{"not_picked":["Blur","Dagger Throw"],"picked":"After Image","floor":8},{"not_picked":["Dodge and Roll","Sucker Punch"],"picked":"Blade Dance","floor":10},{"not_picked":["Sucker Punch","Dash"],"picked":"Outmaneuver","floor":12},{"not_picked":["Flechettes","Leg Sweep"],"picked":"Backflip","floor":14},{"not_picked":["Burst","Die Die Die"],"picked":"Wraith Form v2","floor":16},{"not_picked":["Cloak And Dagger+1","Backflip+1"],"picked":"Heel Hook+1","floor":18},{"not_picked":["Acrobatics","Poisoned Stab"],"picked":"Terror","floor":20},{"not_picked":["Predator","Unload"],"picked":"Acrobatics+1","floor":23},{"not_picked":["Predator","Storm of Steel+1"],"picked":"Flechettes+1","floor":25},{"not_picked":["Finisher","Deflect+1"],"picked":"Prepared+1","floor":28},{"not_picked":["Acrobatics+1","Slice"],"picked":"Outmaneuver+1","floor":30},{"not_picked":["Dagger Throw","Sucker Punch"],"picked":"Acrobatics+1","floor":31},{"not_picked":["Unload","Glass Knife"],"picked":"Corpse Explosion+1","floor":33},{"not_picked":["Underhanded Strike","Outmaneuver+1"],"picked":"Deadly Poison+1","floor":35},{"not_picked":["Poisoned Stab","Deadly Poison+1"],"picked":"Catalyst+1","floor":38},{"not_picked":["Crippling Poison+1","Quick Slash"],"picked":"Footwork","floor":39},{"not_picked":["Slice","Sucker Punch"],"picked":"Well Laid Plans","floor":40},{"not_picked":["Dagger Spray+1","Crippling Poison+1"],"picked":"Bane+1","floor":42},{"not_picked":["Acrobatics+1","Leg Sweep+1","Dagger Throw+1"],"picked":"SKIP","floor":44},{"not_picked":["Slice+1","Flying Knee+1"],"picked":"Outmaneuver+1","floor":46},{"not_picked":["Poisoned Stab","Malaise+1"],"picked":"Endless Agony","floor":48},{"not_picked":["Crippling Poison+1","Backflip+1","Well Laid Plans+1"],"picked":"SKIP","floor":54}],"player_experience":219365,"relics_obtained":[{"floor":6,"key":"Meat on the Bone"},{"floor":8,"key":"Lantern"},{"floor":9,"key":"Centennial Puzzle"},{"floor":10,"key":"Pen Nib"},{"floor":14,"key":"Pocketwatch"},{"floor":20,"key":"Red Mask"},{"floor":23,"key":"Toxic Egg 2"},{"floor":23,"key":"Torii"},{"floor":25,"key":"Mercury Hourglass"},{"floor":25,"key":"Tingsha"},{"floor":26,"key":"Bag of Preparation"},{"floor":28,"key":"Regal Pillow"},{"floor":28,"key":"Ancient Tea Set"},{"floor":39,"key":"Du-Vu Doll"},{"floor":40,"key":"Boot"},{"floor":40,"key":"Vajra"},{"floor":42,"key":"War Paint"},{"floor":42,"key":"Blood Vial"},{"floor":48,"key":"Calipers"},{"floor":48,"key":"Frozen Egg 2"},{"floor":54,"key":"Tough Bandages"},{"floor":54,"key":"Paper Crane"}],"event_choices":[{"damage_healed":0,"gold_gain":0,"player_choice":"Take Damage","damage_taken":17,"relics_obtained":["Golden Idol"],"max_hp_gain":0,"max_hp_loss":0,"event_name":"Golden Idol","floor":13,"gold_loss":0},{"cards_removed":["Strike_G"],"damage_healed":0,"gold_gain":0,"player_choice":"Gave Gold","damage_taken":0,"max_hp_gain":0,"max_hp_loss":0,"event_name":"Beggar","floor":19,"gold_loss":75},{"damage_healed":0,"gold_gain":0,"player_choice":"Fought Bandits","damage_taken":0,"max_hp_gain":0,"max_hp_loss":0,"event_name":"Masked Bandits","floor":20,"gold_loss":0},{"damage_healed":0,"gold_gain":0,"cards_transformed":["Strike_G","Defend_G"],"player_choice":"Became Test Subject","damage_taken":0,"max_hp_gain":0,"max_hp_loss":0,"event_name":"Drug Dealer","floor":22,"gold_loss":0,"cards_obtained":["Malaise","Phantasmal Killer"]},{"damage_healed":0,"gold_gain":0,"player_choice":"Embrace Madness","damage_taken":9,"max_hp_gain":0,"max_hp_loss":0,"event_name":"Winding Halls","floor":37,"gold_loss":0,"cards_obtained":["Madness","Madness"]},{"damage_healed":0,"gold_gain":0,"player_choice":"Fight","damage_taken":0,"max_hp_gain":0,"max_hp_loss":0,"event_name":"Mysterious Sphere","floor":39,"gold_loss":0},{"damage_healed":0,"gold_gain":222,"player_choice":"Wore Mask","damage_taken":0,"max_hp_gain":0,"max_hp_loss":0,"event_name":"Tomb of Lord Red Mask","floor":45,"gold_loss":0}],"is_beta":false,"boss_relics":[{"not_picked":["Empty Cage","Sozu"],"picked":"Black Star"},{"not_picked":["Runic Dome","Coffee Dripper"],"picked":"Ring of the Serpent"}],"items_purged_floors":[36],"is_endless":false,"potions_floor_spawned":[1,2,3,8,12,18,20,25,31,35,38,40],"ascension_level":3}