{"gold_per_floor":[114,114,130,130,30,64,64,80,149,149,174,185,200,200,200,298,298,311,330,35,55,66,66,98,114,137,137,137,156,156,173,173,274,274,294,30,40,90,140],"floor_reached":39,"playtime":3323,"items_purged":["Defend_B"],"score":548,"play_id":"5b7f358f-9c29-49e2-bb18-fdcd97f94946","local_time":"20180924214731","is_ascension_mode":true,"campfire_choices":[{"floor":7,"key":"REST"},{"data":"Buffer","floor":10,"key":"SMITH"},{"floor":15,"key":"REST"},{"floor":23,"key":"REST"},{"floor":28,"key":"REST"},{"floor":32,"key":"REST"}],"neow_cost":"TEN_PERCENT_HP_LOSS","seed_source_timestamp":299725481676543,"circlet_count":0,"master_deck":["Strike_B","Strike_B","Defend_B+1","Zap","Dualcast+1","Buffer+1","Conserve Battery","Panacea","Seek","Conserve Battery","Leap","Undo+1","White Noise+1","Cold Snap","Heatsinks","Static Discharge+1","Electrodynamics","Loop+1","Consume+1","Scrape+1","Turbo","Heatsinks","Aggregate","Redo","Steam","Compile Driver+1","White Noise","BootSequence+1","Machine Learning","Conserve Battery","Storm","Hello World+1","Reprogram"],"relics":["Cracked Core","Lantern","Singing Bowl","Orichalcum","Astrolabe","Bronze Scales","Art of War","Molten Egg 2","War Paint","SsserpentHead","Eternal Feather","Lee\u0027s Waffle","WingedGreaves"],"potions_floor_usage":[11,11,11,11,18,21,22,22,24,24,25],"damage_taken":[{"damage":0,"enemies":"Jaw Worm","floor":1,"turns":3},{"damage":0,"enemies":"Cultist","floor":3,"turns":3},{"damage":48,"enemies":"Gremlin Nob","floor":6,"turns":5},{"damage":0,"enemies":"2 Louse","floor":8,"turns":3},{"damage":0,"enemies":"Lagavulin","floor":11,"turns":5},{"damage":0,"enemies":"2 Fungi Beasts","floor":12,"turns":3},{"damage":0,"enemies":"Looter","floor":13,"turns":3},{"damage":2,"enemies":"The Guardian","floor":16,"turns":19},{"damage":16,"enemies":"2 Thieves","floor":18,"turns":3},{"damage":10,"enemies":"Shell Parasite","floor":19,"turns":7},{"damage":4,"enemies":"Centurion and Healer","floor":21,"turns":3},{"damage":15,"enemies":"Shelled Parasite and Fungi","floor":22,"turns":7},{"damage":24,"enemies":"Gremlin Leader","floor":24,"turns":5},{"damage":13,"enemies":"3 Cultists","floor":25,"turns":3},{"damage":0,"enemies":"Chosen and Byrds","floor":29,"turns":5},{"damage":6,"enemies":"Cultist and Chosen","floor":31,"turns":4},{"damage":21,"enemies":"Collector","floor":33,"turns":9},{"damage":27,"enemies":"3 Darklings","floor":35,"turns":5},{"damage":0,"enemies":"Orb Walker","floor":37,"turns":3},{"damage":0,"enemies":"Mind Bloom Boss Battle","floor":38,"turns":4},{"damage":82,"enemies":"Reptomancer","floor":39,"turns":2}],"seed_played":"8862058488310389473","potions_obtained":[{"floor":1,"key":"EntropicBrew"},{"floor":3,"key":"PowerPotion"},{"floor":11,"key":"SteroidPotion"},{"floor":13,"key":"Ancient Potion"},{"floor":16,"key":"Weak Potion"},{"floor":19,"key":"Swift Potion"},{"floor":21,"key":"Block Potion"},{"floor":22,"key":"LiquidBronze"},{"floor":24,"key":"GamblersBrew"},{"floor":35,"key":"Energy Potion"}],"is_trial":false,"path_per_floor":["M","?","M","?","$","E","R","M","T","R","E","M","M","?","R","B",null,"M","M","$","M","M","R","E","M","T","?","R","M","?","M","R","B",null,"M","$","M","?"],"character_chosen":"DEFECT","items_purchased":["Leap","Bronze Scales","Art of War","Lee\u0027s Waffle","Storm"],"campfire_rested":5,"item_purchase_floors":[5,20,20,36,36],"current_hp_per_floor":[68,68,68,61,61,13,33,33,33,33,33,33,33,19,39,37,60,51,41,41,37,22,42,18,5,5,5,25,25,25,19,39,18,56,29,75,75,75,0],"gold":140,"neow_bonus":"THREE_RARE_CARDS","is_prod":false,"is_daily":false,"chose_seed":false,"campfire_upgraded":1,"win_rate":0,"timestamp":1537818451,"path_taken":["M","?","M","?","$","E","R","M","T","R","E","?","?","?","R","BOSS","M","?","$","?","M","R","E","M","T","?","R","M","?","M","R","BOSS","M","$","M","?","?"],"build_version":"2018-09-20","purchased_purges":1,"victory":false,"max_hp_per_floor":[68,68,68,68,68,68,68,68,68,68,68,68,68,68,68,68,68,68,68,68,68,68,68,68,68,68,68,68,68,68,68,68,68,68,68,75,75,75,75],"card_choices":[{"not_picked":["Core Surge","Multi-Cast"],"picked":"Buffer","floor":0},{"not_picked":["Fusion","Leap"],"picked":"Conserve Battery","floor":1},{"not_picked":["Skim","Self Repair"],"picked":"Conserve Battery","floor":3},{"not_picked":["Redo","Beam Cell"],"picked":"Undo","floor":6},{"not_picked":["Barrage","Defragment"],"picked":"White Noise","floor":8},{"not_picked":["Ball Lightning","Meteor Strike"],"picked":"Cold Snap","floor":11},{"not_picked":["Gash","Rebound"],"picked":"Heatsinks","floor":12},{"not_picked":["Chaos","Darkness"],"picked":"Static Discharge","floor":13},{"not_picked":["Meteor Strike","Multi-Cast"],"picked":"Electrodynamics","floor":16},{"not_picked":["Hologram+1","Force Field"],"picked":"Turbo","floor":18},{"not_picked":["Steam Power","Stack+1"],"picked":"Heatsinks","floor":19},{"not_picked":["Double Energy","Sunder"],"picked":"Aggregate","floor":21},{"not_picked":["Stack","Glacier"],"picked":"Redo","floor":22},{"not_picked":["Redo","Loop"],"picked":"Steam","floor":24},{"not_picked":["Stack","Blizzard+1"],"picked":"Compile Driver+1","floor":25},{"not_picked":["Conserve Battery","FTL+1"],"picked":"White Noise","floor":29},{"not_picked":["Hello World","Blizzard+1"],"picked":"BootSequence+1","floor":31},{"not_picked":["Biased Cognition","Electrodynamics"],"picked":"Machine Learning","floor":33},{"not_picked":["Hello World","Turbo"],"picked":"Conserve Battery","floor":35},{"not_picked":["Consume","Turbo"],"picked":"Hello World+1","floor":37},{"not_picked":["Blizzard+1","Steam+1"],"picked":"Reprogram","floor":38}],"player_experience":536488,"relics_obtained":[{"floor":6,"key":"Lantern"},{"floor":9,"key":"Singing Bowl"},{"floor":11,"key":"Orichalcum"},{"floor":24,"key":"Molten Egg 2"},{"floor":26,"key":"War Paint"},{"floor":38,"key":"WingedGreaves"}],"event_choices":[{"event_name":"Match and Keep!","player_choice":"2 cards matched","floor":2,"damage_taken":0},{"event_name":"Golden Wing","player_choice":"Card Removal","floor":4,"damage_taken":0},{"event_name":"Shining Light","player_choice":"Entered Light","floor":14,"damage_taken":0},{"event_name":"Upgrade Shrine","player_choice":"Upgraded","floor":27,"damage_taken":0},{"event_name":"FaceTrader","player_choice":"Trade","floor":30,"damage_taken":0},{"event_name":"MindBloom","player_choice":"Fight","floor":38,"damage_taken":0}],"is_beta":false,"boss_relics":[{"not_picked":["FrozenCore","Fusion Hammer"],"picked":"Astrolabe"},{"not_picked":["Coffee Dripper","Velvet Choker"],"picked":"Eternal Feather"}],"items_purged_floors":[5],"is_endless":false,"potions_floor_spawned":[1,3,11,13,16,19,21,22,24,35],"killed_by":"Reptomancer","ascension_level":5}