{"gold_per_floor":[118,118,130,153,165,177,264,276,288,318,349,381,21,34,34,129,129,145,159,159],"floor_reached":20,"playtime":1887,"items_purged":["Regret"],"score":183,"play_id":"ca784291-a4cc-40d4-b907-8c5991ecbd99","local_time":"20180813124839","is_ascension_mode":true,"campfire_choices":[{"floor":6,"key":"REST"},{"floor":8,"key":"REST"},{"floor":15,"key":"REST"}],"neow_cost":"PERCENT_DAMAGE","seed_source_timestamp":213149691065272,"circlet_count":0,"master_deck":["Strike_B","Strike_B","Strike_B","Defend_B","Defend_B","Defend_B","Defend_B","Zap","Dualcast","Stack","Coolheaded","Redo","Reprogram","Conserve Battery","Ball Lightning","Chaos","Multi-Cast","Hello World+1","Leap"],"relics":["Cracked Core","MawBank","Blood Vial","Incense Burner","Darkstone Periapt","Eternal Feather"],"potions_floor_usage":[18,20,20,20],"damage_taken":[{"damage":5,"enemies":"Cultist","floor":1,"turns":4},{"damage":7,"enemies":"2 Louse","floor":4,"turns":2},{"damage":3,"enemies":"Small Slimes","floor":10,"turns":4},{"damage":12,"enemies":"Looter","floor":11,"turns":3},{"damage":16,"enemies":"Exordium Wildlife","floor":12,"turns":5},{"damage":15,"enemies":"Exordium Thugs","floor":14,"turns":3},{"damage":18,"enemies":"The Guardian","floor":16,"turns":13},{"damage":42,"enemies":"2 Thieves","floor":18,"turns":5},{"damage":42,"enemies":"Shell Parasite","floor":19,"turns":7},{"damage":21,"enemies":"Cultist and Chosen","floor":20,"turns":6}],"seed_played":"-5306763367309167107","potions_obtained":[{"floor":1,"key":"SpeedPotion"},{"floor":11,"key":"Block Potion"},{"floor":12,"key":"SpeedPotion"},{"floor":18,"key":"Explosive Potion"},{"floor":19,"key":"Block Potion"}],"is_trial":false,"path_per_floor":["M","?","?","M","?","R","?","R","T","M","M","M","$","M","R","B",null,"M","M"],"character_chosen":"DEFECT","items_purchased":["Darkstone Periapt","Ball Lightning"],"campfire_rested":3,"item_purchase_floors":[13,13],"current_hp_per_floor":[60,60,35,30,23,49,38,64,64,63,53,39,39,26,52,36,89,47,7,0],"gold":159,"neow_bonus":"TWENTY_PERCENT_HP_BONUS","is_prod":false,"is_daily":false,"chose_seed":false,"campfire_upgraded":0,"win_rate":0,"timestamp":1534157319,"path_taken":["M","?","?","?","?","R","?","R","T","M","M","?","$","M","R","BOSS","M","M","M"],"build_version":"2018-08-09","purchased_purges":1,"victory":false,"max_hp_per_floor":[89,89,89,89,89,89,89,89,89,89,89,89,89,89,89,89,89,89,89,89],"card_choices":[{"not_picked":["Fusion","Steam"],"picked":"Stack","floor":1},{"not_picked":["Self Repair","Aggregate"],"picked":"Coolheaded","floor":4},{"not_picked":["FTL","Rebound"],"picked":"Redo","floor":10},{"not_picked":["Stack","Steam"],"picked":"Reprogram","floor":11},{"not_picked":["Beam Cell","Barrage"],"picked":"Conserve Battery","floor":12},{"not_picked":["Sweeping Beam","Beam Cell"],"picked":"Chaos","floor":14},{"not_picked":["Reboot","Biased Cognition"],"picked":"Multi-Cast","floor":16},{"not_picked":["Coolheaded+1","Turbo"],"picked":"Hello World+1","floor":18},{"not_picked":["Recycle","Gash+1"],"picked":"Leap","floor":19}],"player_experience":279173,"relics_obtained":[{"floor":9,"key":"Incense Burner"}],"event_choices":[{"event_name":"Big Fish","player_choice":"Box","floor":2,"damage_taken":0},{"event_name":"Scrap Ooze","player_choice":"success","floor":3,"damage_taken":25},{"event_name":"Golden Wing","player_choice":"Card Removal","floor":5,"damage_taken":0},{"event_name":"World of Goop","player_choice":"Gather Gold","floor":7,"damage_taken":0}],"is_beta":false,"boss_relics":[{"not_picked":["Runic Dome","Philosopher\u0027s Stone"],"picked":"Eternal Feather"}],"items_purged_floors":[13],"is_endless":false,"potions_floor_spawned":[1,11,12,18,19],"killed_by":"Cultist and Chosen","ascension_level":2}