{"gold_per_floor":[11,30,30,50,100,100,113,113,113,113,129,145,3,33,33,112,112,122,136,136],"floor_reached":20,"playtime":2154,"items_purged":[],"score":352,"play_id":"350dc3c6-3077-4415-8dc2-d60ada293da6","local_time":"20190813092122","is_ascension_mode":true,"campfire_choices":[{"data":"Sucker Punch","floor":6,"key":"SMITH"},{"data":"Finisher","floor":8,"key":"SMITH"},{"data":"Survivor","floor":10,"key":"SMITH"},{"data":"Dash","floor":15,"key":"SMITH"}],"neow_cost":"NO_GOLD","seed_source_timestamp":1729855737476694,"circlet_count":0,"master_deck":["AscendersBane","Strike_G","Strike_G","Strike_G","Strike_G","Strike_G","Defend_G","Defend_G","Defend_G","Defend_G","Defend_G","Survivor+1","Neutralize+1","Sucker Punch+1","Dagger Throw","Blur","Finisher+1","Blur","Dodge and Roll","Bandage Up","Infinite Blades","Dash+1","After Image","Tactician","Footwork","Backflip","PiercingWail","Deflect","Riddle With Holes+1","Cloak And Dagger"],"relics":["Ring of the Snake","Gambling Chip","StoneCalendar","Bottled Tornado","Orrery"],"potions_floor_usage":[16],"damage_taken":[{"damage":1,"enemies":"2 Louse","floor":1,"turns":4},{"damage":0,"enemies":"Cultist","floor":2,"turns":4},{"damage":1,"enemies":"Small Slimes","floor":4,"turns":4},{"damage":0,"enemies":"Blue Slaver","floor":7,"turns":5},{"damage":4,"enemies":"Large Slime","floor":11,"turns":7},{"damage":0,"enemies":"Gremlin Gang","floor":12,"turns":7},{"damage":15,"enemies":"3 Sentries","floor":14,"turns":7},{"damage":38,"enemies":"Hexaghost","floor":16,"turns":12},{"damage":8,"enemies":"Spheric Guardian","floor":18,"turns":7},{"damage":27,"enemies":"Chosen","floor":19,"turns":7},{"damage":39,"enemies":"3 Cultists","floor":20,"turns":5}],"seed_played":"8331414704479296992","potions_obtained":[{"floor":2,"key":"Ancient Potion"},{"floor":4,"key":"Energy Potion"},{"floor":11,"key":"Swift Potion"},{"floor":16,"key":"Ancient Potion"},{"floor":18,"key":"Swift Potion"}],"is_trial":false,"path_per_floor":["M","M","?","M","?","R","M","R","T","R","M","M","$","E","R","B",null,"M","M","M"],"character_chosen":"THE_SILENT","items_purchased":["Bandage Up","Infinite Blades"],"campfire_rested":0,"item_purchase_floors":[13,13],"current_hp_per_floor":[58,58,58,57,57,57,57,57,57,57,53,53,53,42,42,8,52,48,25,0],"gold":136,"neow_bonus":"ONE_RARE_RELIC","is_prod":false,"is_daily":false,"chose_seed":false,"campfire_upgraded":4,"win_rate":0,"timestamp":1565713282,"path_taken":["M","M","?","M","?","R","M","R","T","R","M","M","$","E","R","BOSS","M","?","M"],"build_version":"2019-07-17","purchased_purges":0,"victory":false,"max_hp_per_floor":[66,66,66,66,66,66,66,66,66,66,66,66,66,66,66,66,66,66,66,66],"card_choices":[{"not_picked":["Slice","Bane"],"picked":"Sucker Punch","floor":1},{"not_picked":["Deflect","Poisoned Stab"],"picked":"Dagger Throw","floor":2},{"not_picked":["Crippling Poison","Riddle With Holes"],"picked":"Blur","floor":4},{"not_picked":["Dodge and Roll","Bouncing Flask"],"picked":"Finisher","floor":7},{"not_picked":["Dodge and Roll","Distraction"],"picked":"Blur","floor":11},{"not_picked":["Flying Knee","Masterful Stab"],"picked":"Dodge and Roll","floor":12},{"not_picked":["Accuracy","Dagger Spray"],"picked":"Dash","floor":14},{"not_picked":["Burst","Storm of Steel"],"picked":"After Image","floor":16},{"not_picked":["Escape Plan","Sucker Punch"],"picked":"Tactician","floor":17},{"not_picked":["PiercingWail","Sucker Punch"],"picked":"Footwork","floor":17},{"not_picked":["PiercingWail","Distraction"],"picked":"Backflip","floor":17},{"not_picked":["Flechettes","Dagger Throw"],"picked":"PiercingWail","floor":17},{"not_picked":["Blade Dance","Outmaneuver"],"picked":"Deflect","floor":17},{"not_picked":["Masterful Stab","Backflip"],"picked":"Riddle With Holes+1","floor":18},{"not_picked":["Calculated Gamble","Deflect"],"picked":"Cloak And Dagger","floor":19}],"player_experience":696767,"relics_obtained":[{"floor":9,"key":"StoneCalendar"},{"floor":14,"key":"Bottled Tornado"}],"event_choices":[{"damage_healed":0,"gold_gain":0,"player_choice":"Grow","damage_taken":0,"max_hp_gain":0,"max_hp_loss":0,"event_name":"Living Wall","floor":3,"gold_loss":0,"cards_upgraded":["Neutralize"]},{"damage_healed":0,"gold_gain":50,"player_choice":"Pray","damage_taken":0,"max_hp_gain":0,"max_hp_loss":0,"event_name":"Golden Shrine","floor":5,"gold_loss":0}],"is_beta":false,"boss_relics":[{"not_picked":["Cursed Key","Ring of the Serpent"],"picked":"Orrery"}],"items_purged_floors":[],"is_endless":false,"potions_floor_spawned":[2,4,11,16,18],"killed_by":"3 Cultists","ascension_level":20}