{"gold_per_floor":[16,31,46,46,61,93,93,121,168,138],"floor_reached":10,"playtime":1848,"items_purged":[],"score":109,"play_id":"edc36a0f-932d-4e55-a0aa-65fa63000079","local_time":"20190716164054","is_ascension_mode":true,"campfire_choices":[{"data":"Tools of the Trade","floor":7,"key":"SMITH"}],"neow_cost":"NO_GOLD","seed_source_timestamp":354742497481637,"circlet_count":0,"master_deck":["Strike_G","Strike_G","Strike_G","Strike_G","Strike_G","Defend_G","Defend_G","Defend_G","Defend_G","Defend_G","Survivor","Neutralize","Tools of the Trade+1","Outmaneuver","Dash","Underhanded Strike","Terror","Heel Hook","Prepared"],"relics":["Ring of the Snake","PreservedInsect","Meat on the Bone","Bag of Preparation"],"potions_floor_usage":[6,8,10],"damage_taken":[{"damage":0,"enemies":"Cultist","floor":1,"turns":6},{"damage":0,"enemies":"2 Louse","floor":2,"turns":4},{"damage":1,"enemies":"Small Slimes","floor":3,"turns":5},{"damage":4,"enemies":"3 Louse","floor":5,"turns":4},{"damage":25,"enemies":"3 Sentries","floor":6,"turns":11},{"damage":24,"enemies":"Lagavulin","floor":8,"turns":8},{"damage":6,"enemies":"Exordium Thugs","floor":10,"turns":2}],"seed_played":"-7644728826300887163","potions_obtained":[{"floor":2,"key":"SteroidPotion"},{"floor":3,"key":"Strength Potion"},{"floor":8,"key":"Block Potion"}],"is_trial":false,"path_per_floor":["M","M","M","?","M","E","R","E","T","M"],"character_chosen":"THE_SILENT","items_purchased":[],"campfire_rested":0,"item_purchase_floors":[],"current_hp_per_floor":[63,63,62,55,51,26,26,2,2,0],"gold":138,"neow_bonus":"THREE_RARE_CARDS","is_prod":false,"is_daily":false,"chose_seed":false,"campfire_upgraded":1,"win_rate":0,"timestamp":1563320454,"path_taken":["M","M","M","?","M","E","R","E","T","M"],"build_version":"2019-07-05","purchased_purges":0,"victory":false,"max_hp_per_floor":[70,70,70,70,70,70,70,70,70,70],"card_choices":[{"not_picked":["Doppelganger","Phantasmal Killer"],"picked":"Tools of the Trade","floor":0},{"not_picked":["Choke","Finisher"],"picked":"Outmaneuver","floor":1},{"not_picked":["PiercingWail","Bane"],"picked":"Dash","floor":2},{"not_picked":["Doppelganger","Sucker Punch"],"picked":"Underhanded Strike","floor":3},{"not_picked":["Deflect","Quick Slash"],"picked":"Terror","floor":5},{"not_picked":["Blade Dance","Distraction"],"picked":"Heel Hook","floor":6},{"not_picked":["Slice","Infinite Blades"],"picked":"Prepared","floor":8}],"player_experience":318394,"relics_obtained":[{"floor":6,"key":"PreservedInsect"},{"floor":8,"key":"Meat on the Bone"},{"floor":9,"key":"Bag of Preparation"}],"event_choices":[{"damage_healed":0,"gold_gain":0,"player_choice":"Damaged","damage_taken":7,"max_hp_gain":0,"max_hp_loss":0,"event_name":"Wheel of Change","floor":4,"gold_loss":0}],"is_beta":false,"boss_relics":[],"items_purged_floors":[],"is_endless":false,"potions_floor_spawned":[2,3,8],"killed_by":"Exordium Thugs","ascension_level":8}