{"gold_per_floor":[118,136,150,25,42,74,74,85,85,119,119,33,33],"floor_reached":13,"playtime":1481,"items_purged":[],"score":133,"play_id":"5f9cd944-2754-4160-98eb-ec59802bee57","local_time":"20190717111332","is_ascension_mode":true,"campfire_choices":[{"data":"Footwork","floor":7,"key":"SMITH"}],"neow_cost":"NONE","seed_source_timestamp":421867917432267,"circlet_count":0,"master_deck":["Strike_G","Strike_G","Strike_G","Strike_G","Strike_G","Defend_G","Defend_G","Defend_G","Defend_G","Defend_G","Survivor","Neutralize","Footwork+1","Bouncing Flask","Deadly Poison","PiercingWail","Well Laid Plans","Caltrops","Prepared","Blur","Corpse Explosion","Underhanded Strike","Predator"],"relics":["Ring of the Snake","Regal Pillow","Bottled Lightning","Kunai","Orichalcum","Potion Belt"],"potions_floor_usage":[6,8],"damage_taken":[{"damage":6,"enemies":"Cultist","floor":1,"turns":6},{"damage":0,"enemies":"Small Slimes","floor":2,"turns":5},{"damage":2,"enemies":"2 Louse","floor":3,"turns":4},{"damage":9,"enemies":"Exordium Thugs","floor":5,"turns":7},{"damage":11,"enemies":"Lagavulin","floor":6,"turns":7},{"damage":1,"enemies":"3 Louse","floor":8,"turns":4},{"damage":24,"enemies":"3 Sentries","floor":10,"turns":8},{"damage":16,"enemies":"Gremlin Nob","floor":13,"turns":3}],"seed_played":"-8415251941681832754","potions_obtained":[{"floor":1,"key":"Explosive Potion"},{"floor":3,"key":"EssenceOfSteel"},{"floor":8,"key":"Fruit Juice"}],"is_trial":false,"path_per_floor":["M","M","M","$","M","E","R","M","T","E","T","$","E"],"character_chosen":"THE_SILENT","items_purchased":["PiercingWail","Well Laid Plans","Underhanded Strike","Predator"],"campfire_rested":0,"item_purchase_floors":[4,4,12,12],"current_hp_per_floor":[57,57,55,55,46,35,35,39,39,15,15,15,0],"gold":33,"neow_bonus":"RANDOM_COMMON_RELIC","is_prod":false,"is_daily":false,"chose_seed":false,"campfire_upgraded":1,"win_rate":0,"timestamp":1563387212,"path_taken":["M","M","M","$","?","E","R","M","T","E","?","$","E"],"build_version":"2019-07-05","purchased_purges":0,"victory":false,"max_hp_per_floor":[70,70,70,70,70,70,70,75,75,75,75,75,75],"card_choices":[{"not_picked":["Distraction","Cloak And Dagger"],"picked":"Footwork","floor":1},{"not_picked":["Accuracy","Choke"],"picked":"Bouncing Flask","floor":2},{"not_picked":["Reflex","Deflect"],"picked":"Deadly Poison","floor":3},{"not_picked":["PiercingWail","Dash"],"picked":"Caltrops","floor":5},{"not_picked":["Dagger Spray","Distraction"],"picked":"Prepared","floor":6},{"not_picked":["Deflect","Riddle With Holes"],"picked":"Blur","floor":8},{"not_picked":["Night Terror","All Out Attack"],"picked":"Corpse Explosion","floor":10}],"player_experience":329456,"relics_obtained":[{"floor":6,"key":"Bottled Lightning"},{"floor":9,"key":"Kunai"},{"floor":10,"key":"Orichalcum"},{"floor":11,"key":"Potion Belt"}],"event_choices":[],"is_beta":false,"boss_relics":[],"items_purged_floors":[],"is_endless":false,"potions_floor_spawned":[1,3,8],"killed_by":"Gremlin Nob","ascension_level":8}