{"gold_per_floor":[114,129,145,163,123,123,149,149,149,149,29,29,47,47,47,121,121,137,156,0,0,0,0,14,14,40,40,55,4,4],"floor_reached":30,"playtime":2453,"items_purged":[],"score":456,"play_id":"860a1e75-ce27-4068-8bde-e4934d677449","local_time":"20190814161005","is_ascension_mode":true,"campfire_choices":[{"data":"Noxious Fumes","floor":6.0,"key":"SMITH"},{"data":"Well Laid Plans","floor":10.0,"key":"SMITH"},{"data":"Catalyst","floor":12.0,"key":"SMITH"},{"floor":15.0,"key":"REST"},{"floor":23.0,"key":"REST"},{"floor":25.0,"key":"REST"},{"data":"Bullet Time","floor":27.0,"key":"SMITH"}],"neow_cost":"NONE","seed_source_timestamp":1839480057517222,"circlet_count":0,"master_deck":["AscendersBane","Survivor","Neutralize","Leg Sweep","Well Laid Plans+1","Noxious Fumes+1","Catalyst+1","Poisoned Stab","Deflect","Caltrops","Noxious Fumes","Bouncing Flask","Backflip","After Image","Bullet Time+1","Venomology","Concentrate","Footwork","Acrobatics","Bullet Time","Dagger Spray","Expertise","Bouncing Flask","Backflip","Tactician","Cloak And Dagger","Deflect"],"special_seed":0,"relics":["Ring of the Snake","NeowsBlessing","Bottled Lightning","Mercury Hourglass","Pandora\u0027s Box","Potion Belt","Oddly Smooth Stone"],"potions_floor_usage":[30,30,30,30],"damage_taken":[{"damage":0.0,"enemies":"2 Louse","floor":1.0,"turns":1.0},{"damage":0.0,"enemies":"Cultist","floor":2.0,"turns":1.0},{"damage":0.0,"enemies":"Jaw Worm","floor":3.0,"turns":1.0},{"damage":12.0,"enemies":"3 Louse","floor":4.0,"turns":6.0},{"damage":0.0,"enemies":"Looter","floor":5.0,"turns":4.0},{"damage":11.0,"enemies":"Lagavulin","floor":7.0,"turns":5.0},{"damage":12.0,"enemies":"Exordium Thugs","floor":13.0,"turns":5.0},{"damage":27.0,"enemies":"The Guardian","floor":16.0,"turns":7.0},{"damage":15.0,"enemies":"3 Byrds","floor":18.0,"turns":4.0},{"damage":6.0,"enemies":"Shell Parasite","floor":19.0,"turns":3.0},{"damage":14.0,"enemies":"Centurion and Healer","floor":24.0,"turns":7.0},{"damage":39.0,"enemies":"Shelled Parasite and Fungi","floor":28.0,"turns":8.0},{"damage":8,"enemies":"Slavers","floor":30,"turns":1}],"seed_played":"-4561437293535778817","potions_obtained":[{"floor":4.0,"key":"PowerPotion"},{"floor":7.0,"key":"SkillPotion"},{"floor":16.0,"key":"Explosive Potion"}],"is_trial":false,"path_per_floor":["M","M","M","M","M","R","E","?","T","R","$","R","M","?","R","B",null,"M","M","?","?","?","R","M","R","T","R","M","$","E"],"character_chosen":"THE_SILENT","items_purchased":["Noxious Fumes","Bouncing Flask","Deflect"],"campfire_rested":3,"item_purchase_floors":[11,11,29],"current_hp_per_floor":[59,59,59,47,47,47,36,36,36,36,36,36,24,24,43,16,54,39,33,33,15,15,36,22,43,43,43,4,4,0],"gold":4,"neow_bonus":"THREE_ENEMY_KILL","is_prod":false,"is_daily":false,"chose_seed":false,"campfire_upgraded":4,"win_rate":0,"timestamp":1565824205,"path_taken":["M","M","M","M","M","R","E","?","T","R","?","R","?","?","R","BOSS","M","?","?","?","?","R","?","R","T","R","M","$","E"],"build_version":"2019-07-17","purchased_purges":0,"victory":false,"max_hp_per_floor":[66,66,66,66,66,66,66,66,66,66,66,66,66,66,66,66,66,66,66,66,71,71,71,71,71,71,71,71,71,71],"card_choices":[{"not_picked":["Poisoned Stab","Flying Knee"],"picked":"Leg Sweep","floor":1.0},{"not_picked":["Calculated Gamble","Dagger Spray"],"picked":"Well Laid Plans","floor":2.0},{"not_picked":["Heel Hook","Slice"],"picked":"Noxious Fumes","floor":3.0},{"not_picked":["Cloak And Dagger","Bane"],"picked":"Catalyst","floor":4.0},{"not_picked":["Backstab","Reflex"],"picked":"Poisoned Stab","floor":5.0},{"not_picked":["Reflex","Blade Dance"],"picked":"Deflect","floor":7.0},{"not_picked":["Dash","Cloak And Dagger"],"picked":"Backflip","floor":13.0},{"not_picked":["Grand Finale","A Thousand Cuts"],"picked":"After Image","floor":16.0},{"not_picked":["Choke","Concentrate+1"],"picked":"Bouncing Flask","floor":18.0},{"not_picked":["Skewer","Cloak And Dagger"],"picked":"Backflip","floor":19.0},{"not_picked":["Setup","Crippling Poison"],"picked":"Tactician","floor":24.0},{"not_picked":["Dagger Throw","Blade Dance"],"picked":"Cloak And Dagger","floor":28.0}],"player_experience":731215,"relics_obtained":[{"floor":7.0,"key":"Bottled Lightning"},{"floor":9.0,"key":"Mercury Hourglass"},{"floor":22.0,"key":"Potion Belt"},{"floor":26.0,"key":"Oddly Smooth Stone"}],"event_choices":[{"damage_healed":0.0,"max_hp_gain":0.0,"max_hp_loss":0.0,"gold_gain":0.0,"cards_transformed":["Strike_G"],"event_name":"Transmorgrifier","player_choice":"Transformed","floor":8.0,"gold_loss":0.0,"damage_taken":0.0,"cards_obtained":["Caltrops"]},{"cards_removed":["Strike_G"],"damage_healed":0.0,"max_hp_gain":0.0,"max_hp_loss":0.0,"gold_gain":0.0,"event_name":"Bonfire Elementals","player_choice":"Offered Basic","floor":14.0,"gold_loss":0.0,"damage_taken":0.0},{"damage_healed":0.0,"max_hp_gain":0.0,"max_hp_loss":0.0,"gold_gain":0.0,"event_name":"Masked Bandits","player_choice":"Paid Fearfully","floor":20.0,"gold_loss":156.0,"damage_taken":0.0},{"damage_healed":0.0,"max_hp_gain":5.0,"max_hp_loss":0.0,"gold_gain":0.0,"event_name":"Forgotten Altar","player_choice":"Shed Blood","floor":21.0,"gold_loss":0.0,"damage_taken":23.0},{"damage_healed":0.0,"max_hp_gain":0.0,"max_hp_loss":0.0,"gold_gain":0.0,"event_name":"Wheel of Change","player_choice":"Relic","floor":22.0,"gold_loss":0.0,"damage_taken":0.0}],"is_beta":false,"boss_relics":[{"not_picked":["HoveringKite","Coffee Dripper"],"picked":"Pandora\u0027s Box"}],"items_purged_floors":[],"is_endless":false,"potions_floor_spawned":[4,7,16,18],"killed_by":"Slavers","ascension_level":20}