{"gold_per_floor":[10,25,25,43,53,53,53,86,86,86,5,5,37,49,49,147,147,157,176,176,176,188,188,202,17,17,17,35,35,35,66,66,171,171,185,26,42,42,68,125,145,145],"floor_reached":42,"playtime":4119,"items_purged":[],"score":506,"play_id":"b079c6cd-d8bd-4b7e-964b-8cbe7968f5e0","local_time":"20190701145303","is_ascension_mode":false,"campfire_choices":[{"floor":6,"key":"REST"},{"floor":12,"key":"REST"},{"floor":15,"key":"REST"},{"floor":23,"key":"REST"},{"data":"Distraction","floor":27,"key":"SMITH"},{"floor":29,"key":"REST"},{"floor":32,"key":"REST"}],"neow_cost":"NO_GOLD","seed_source_timestamp":624440849702927,"circlet_count":0,"master_deck":["Defend_G","Defend_G","Defend_G+1","Defend_G+1","Strike_G","Strike_G","Strike_G","Strike_G","Survivor","Neutralize","Night Terror","Flying Knee","Dagger Spray","Outmaneuver","Finisher","Finisher","Infinite Blades+1","Trip","Acrobatics","Crippling Poison","Tools of the Trade+1","Dagger Throw","Quick Slash+1","Distraction+1","Backflip","Sadistic Nature+1","Eviscerate","Caltrops+1","Backstab","Bullet Time","Noxious Fumes+1","Well Laid Plans+1","Dash","Deadly Poison","Master of Strategy","Bandage Up","The Bomb","Endless Agony","Underhanded Strike+1"],"relics":["Ring of the Snake","Tingsha","Bottled Lightning","Frozen Egg 2","Ancient Tea Set","Kunai","War Paint","Black Star","Gremlin Horn","Mercury Hourglass","Pantograph","Orichalcum","WristBlade","Anchor","Tiny Chest","Bag of Preparation"],"potions_floor_usage":[16,33,40,40],"damage_taken":[{"damage":1,"enemies":"Cultist","floor":1,"turns":3},{"damage":7,"enemies":"2 Louse","floor":2,"turns":2},{"damage":5,"enemies":"Jaw Worm","floor":4,"turns":5},{"damage":4,"enemies":"Blue Slaver","floor":5,"turns":3},{"damage":49,"enemies":"Lagavulin","floor":8,"turns":7},{"damage":0,"enemies":"Gremlin Nob","floor":13,"turns":2},{"damage":2,"enemies":"Looter","floor":14,"turns":2},{"damage":16,"enemies":"Slime Boss","floor":16,"turns":8},{"damage":15,"enemies":"Shell Parasite","floor":18,"turns":5},{"damage":7,"enemies":"Chosen","floor":19,"turns":4},{"damage":6,"enemies":"3 Cultists","floor":22,"turns":5},{"damage":7,"enemies":"Chosen and Byrds","floor":24,"turns":5},{"damage":20,"enemies":"Sentry and Sphere","floor":28,"turns":4},{"damage":19,"enemies":"Gremlin Leader","floor":31,"turns":5},{"damage":52,"enemies":"Automaton","floor":33,"turns":11},{"damage":9,"enemies":"3 Shapes","floor":35,"turns":3},{"damage":14,"enemies":"Orb Walker","floor":37,"turns":4},{"damage":24,"enemies":"Nemesis","floor":40,"turns":7},{"damage":52,"enemies":"Writhing Mass","floor":41,"turns":6},{"damage":12,"enemies":"3 Darklings","floor":42,"turns":2}],"seed_played":"4312846308068973474","potions_obtained":[{"floor":2,"key":"FairyPotion"},{"floor":8,"key":"Explosive Potion"},{"floor":18,"key":"Fire Potion"},{"floor":22,"key":"Ancient Potion"},{"floor":33,"key":"Block Potion"}],"is_trial":false,"path_per_floor":["M","M","?","M","M","R","T","E","T","T","$","R","E","M","R","B",null,"M","M","?","?","M","R","M","$","T","R","M","R","?","E","R","B",null,"M","$","M","?","T","E","M","M"],"character_chosen":"THE_SILENT","items_purchased":["Trip","Sadistic Nature+1","Well Laid Plans+1","Dash","Deadly Poison"],"campfire_rested":6,"item_purchase_floors":[11,25,36,36,36],"current_hp_per_floor":[69,62,50,45,41,62,62,13,13,13,13,34,34,32,53,37,70,55,48,48,35,29,51,44,44,44,44,24,46,46,27,49,22,75,66,66,52,42,42,22,7,0],"gold":145,"neow_bonus":"TRANSFORM_TWO_CARDS","is_prod":false,"is_daily":false,"chose_seed":false,"campfire_upgraded":1,"win_rate":0.0,"timestamp":1562017983,"path_taken":["M","?","?","M","M","R","?","E","T","?","?","R","E","M","R","BOSS","M","?","?","?","M","R","M","$","T","R","M","R","?","E","R","BOSS","M","$","M","?","?","E","M","M"],"build_version":"2019-01-23","purchased_purges":0,"victory":false,"max_hp_per_floor":[70,70,70,70,70,70,70,70,70,70,70,70,70,70,70,70,70,70,70,70,75,75,75,75,75,75,75,75,75,75,75,75,75,75,75,75,75,75,75,75,75,75],"card_choices":[{"not_picked":["Dodge and Roll","Bane"],"picked":"Dagger Spray","floor":1},{"not_picked":["Footwork","Dodge and Roll"],"picked":"Outmaneuver","floor":2},{"not_picked":["Underhanded Strike","Dagger Spray"],"picked":"Finisher","floor":4},{"not_picked":["Dagger Spray","Flying Knee"],"picked":"Finisher","floor":5},{"not_picked":["Blade Dance","Reflex"],"picked":"Infinite Blades","floor":8},{"not_picked":["Dodge and Roll","Finisher"],"picked":"Acrobatics","floor":13},{"not_picked":["Underhanded Strike","Acrobatics"],"picked":"Crippling Poison","floor":14},{"not_picked":["Glass Knife","Night Terror"],"picked":"Tools of the Trade+1","floor":16},{"not_picked":["Deadly Poison","Cloak And Dagger"],"picked":"Dagger Throw","floor":18},{"not_picked":["Dagger Throw","Underhanded Strike"],"picked":"Quick Slash+1","floor":19},{"not_picked":["Dagger Spray","Outmaneuver"],"picked":"Distraction","floor":22},{"not_picked":["Deadly Poison","Skewer"],"picked":"Backflip","floor":24},{"not_picked":["Deflect","Adrenaline"],"picked":"Eviscerate","floor":28},{"not_picked":["Skewer","Underhanded Strike"],"picked":"Backstab","floor":31},{"not_picked":["Phantasmal Killer","Corpse Explosion"],"picked":"Bullet Time","floor":33},{"not_picked":["Blur","Dodge and Roll"],"picked":"Noxious Fumes+1","floor":35},{"not_picked":["Deadly Poison+1","Blade Dance","Eviscerate+1"],"picked":"SKIP","floor":37},{"not_picked":["Flash of Steel","Finesse"],"picked":"Master of Strategy","floor":38},{"not_picked":["Mind Blast","PanicButton"],"picked":"Bandage Up","floor":38},{"not_picked":["Flash of Steel","Blind"],"picked":"The Bomb","floor":38},{"not_picked":["All Out Attack+1","Caltrops+1"],"picked":"Endless Agony","floor":40},{"not_picked":["Sucker Punch","Dagger Throw+1"],"picked":"Underhanded Strike+1","floor":41}],"player_experience":54753,"relics_obtained":[{"floor":7,"key":"Bottled Lightning"},{"floor":8,"key":"Frozen Egg 2"},{"floor":9,"key":"Ancient Tea Set"},{"floor":10,"key":"Kunai"},{"floor":13,"key":"War Paint"},{"floor":26,"key":"Mercury Hourglass"},{"floor":31,"key":"Pantograph"},{"floor":31,"key":"Orichalcum"},{"floor":39,"key":"Anchor"},{"floor":40,"key":"Tiny Chest"},{"floor":40,"key":"Bag of Preparation"}],"event_choices":[{"damage_healed":0,"gold_gain":0,"player_choice":"Success","damage_taken":12,"relics_obtained":["Tingsha"],"max_hp_gain":0,"max_hp_loss":0,"event_name":"Scrap Ooze","floor":3,"gold_loss":0},{"damage_healed":0,"gold_gain":0,"player_choice":"Opened","damage_taken":0,"relics_obtained":["Gremlin Horn"],"max_hp_gain":0,"max_hp_loss":0,"event_name":"The Mausoleum","floor":20,"gold_loss":0},{"damage_healed":0,"gold_gain":0,"player_choice":"Shed Blood","damage_taken":18,"max_hp_gain":5,"max_hp_loss":0,"event_name":"Forgotten Altar","floor":21,"gold_loss":0},{"damage_healed":0,"gold_gain":0,"player_choice":"Read","damage_taken":0,"max_hp_gain":0,"max_hp_loss":0,"event_name":"The Library","floor":30,"gold_loss":0,"cards_obtained":["Caltrops"]},{"damage_healed":0,"gold_gain":0,"player_choice":"Memory 3","damage_taken":10,"max_hp_gain":0,"max_hp_loss":0,"event_name":"SensoryStone","floor":38,"gold_loss":0}],"is_beta":false,"boss_relics":[{"not_picked":["Coffee Dripper","Cursed Key"],"picked":"Black Star"},{"not_picked":["Fusion Hammer","Eternal Feather"],"picked":"WristBlade"}],"items_purged_floors":[],"is_endless":false,"potions_floor_spawned":[2,8,18,22,28,33,37],"killed_by":"3 Darklings","ascension_level":0}