{"gold_per_floor":[113,133,113,129,21,21,31,49,49,79,102,115,115,125,125,196,196,212,55,66,76,86,86,86],"floor_reached":24,"playtime":2215,"items_purged":[],"score":454,"play_id":"f2e0d3c5-34f0-496d-9bf7-544c93340db6","local_time":"20190815095531","is_ascension_mode":true,"campfire_choices":[{"data":"Tools of the Trade","floor":6.0,"key":"SMITH"},{"floor":13.0,"key":"REST"},{"floor":15.0,"key":"REST"},{"floor":23,"key":"REST"}],"neow_cost":"NONE","seed_source_timestamp":1904334980446848,"circlet_count":0,"master_deck":["AscendersBane","Strike_G+1","Strike_G+1","Defend_G","Defend_G","Defend_G","Defend_G","Defend_G","Survivor","Neutralize","Tools of the Trade+1","Underhanded Strike","Eviscerate","Dodge and Roll","Footwork","Dagger Throw","Prepared","Footwork","Malaise","Dodge and Roll","Leg Sweep","Acrobatics","Corpse Explosion","Choke+1","Burst+1","Flechettes+1","Escape Plan+1","Terror","Footwork","Outmaneuver","Well Laid Plans","Caltrops"],"special_seed":0,"relics":["Ring of the Snake","Pear","Whetstone","Odd Mushroom","Astrolabe"],"potions_floor_usage":[20,21],"damage_taken":[{"damage":4.0,"enemies":"Jaw Worm","floor":1.0,"turns":8.0},{"damage":0.0,"enemies":"Cultist","floor":2.0,"turns":4.0},{"damage":4.0,"enemies":"2 Louse","floor":4.0,"turns":3.0},{"damage":2.0,"enemies":"2 Fungi Beasts","floor":7.0,"turns":4.0},{"damage":4.0,"enemies":"Looter","floor":8.0,"turns":4.0},{"damage":22.0,"enemies":"Gremlin Nob","floor":10.0,"turns":4.0},{"damage":17.0,"enemies":"The Mushroom Lair","floor":11.0,"turns":5.0},{"damage":5.0,"enemies":"Large Slime","floor":12.0,"turns":7.0},{"damage":10.0,"enemies":"3 Louse","floor":14.0,"turns":5.0},{"damage":19.0,"enemies":"The Guardian","floor":16.0,"turns":20.0},{"damage":16,"enemies":"Spheric Guardian","floor":18,"turns":11},{"damage":31,"enemies":"3 Byrds","floor":20,"turns":4},{"damage":0,"enemies":"Cultist and Chosen","floor":21,"turns":3},{"damage":13,"enemies":"Shelled Parasite and Fungi","floor":22,"turns":8},{"damage":34,"enemies":"Gremlin Leader","floor":24,"turns":2}],"seed_played":"3780553706353159589","potions_obtained":[{"floor":3.0,"key":"PowerPotion"},{"floor":4.0,"key":"Poison Potion"},{"floor":7.0,"key":"PowerPotion"},{"floor":11.0,"key":"Explosive Potion"},{"floor":12.0,"key":"AttackPotion"},{"floor":18,"key":"Explosive Potion"},{"floor":20,"key":"FearPotion"}],"is_trial":false,"path_per_floor":["M","M","?","M","$","R","M","M","T","E","?","M","R","M","R","B",null,"M","$","M","M","M","R","E"],"character_chosen":"THE_SILENT","items_purchased":["Footwork","Dagger Throw","Terror","Footwork"],"campfire_rested":3,"item_purchase_floors":[5,5,19,19],"current_hp_per_floor":[55,55,55,51,51,51,49,45,55,33,16,11,33,23,45,26,64,48,48,17,17,4,26,0],"gold":86,"neow_bonus":"ONE_RANDOM_RARE_CARD","is_prod":false,"is_daily":false,"chose_seed":false,"campfire_upgraded":1,"win_rate":0,"timestamp":1565888131,"path_taken":["M","M","?","?","$","R","M","M","T","E","?","M","R","M","R","BOSS","M","$","M","M","M","R","E"],"build_version":"2019-07-17","purchased_purges":0,"victory":false,"max_hp_per_floor":[66,66,66,66,66,66,66,66,76,76,76,76,76,76,76,76,76,76,76,76,76,76,76,76],"card_choices":[{"not_picked":["PiercingWail","Setup"],"picked":"Underhanded Strike","floor":1.0},{"not_picked":["Accuracy","Cloak And Dagger"],"picked":"Eviscerate","floor":2.0},{"not_picked":["Heel Hook","Backflip"],"picked":"Dodge and Roll","floor":4.0},{"not_picked":["Caltrops","Dodge and Roll"],"picked":"Prepared","floor":7.0},{"not_picked":["PiercingWail","Dash"],"picked":"Footwork","floor":8.0},{"not_picked":["Quick Slash","Bane"],"picked":"Malaise","floor":10.0},{"not_picked":["Deadly Poison","Bane"],"picked":"Dodge and Roll","floor":11.0},{"not_picked":["Blade Dance","Footwork"],"picked":"Leg Sweep","floor":12.0},{"not_picked":["Leg Sweep","PiercingWail"],"picked":"Acrobatics","floor":14.0},{"not_picked":["Glass Knife","Malaise"],"picked":"Corpse Explosion","floor":16.0},{"not_picked":["Noxious Fumes","Infinite Blades"],"picked":"Escape Plan+1","floor":18},{"not_picked":["Setup","Bane"],"picked":"Outmaneuver","floor":20},{"not_picked":["Endless Agony","Flying Knee"],"picked":"Well Laid Plans","floor":21},{"not_picked":["Flying Knee","Sucker Punch"],"picked":"Caltrops","floor":22}],"player_experience":737469,"relics_obtained":[{"floor":9.0,"key":"Pear"},{"floor":10.0,"key":"Whetstone"},{"floor":11.0,"key":"Odd Mushroom"}],"event_choices":[{"damage_healed":0.0,"max_hp_gain":0.0,"max_hp_loss":0.0,"gold_gain":0.0,"event_name":"The Woman in Blue","player_choice":"Bought 1 Potion","floor":3.0,"gold_loss":0.0,"damage_taken":0.0},{"damage_healed":0.0,"max_hp_gain":0.0,"max_hp_loss":0.0,"gold_gain":0.0,"event_name":"Mushrooms","player_choice":"Fought Mushrooms","floor":11.0,"gold_loss":0.0,"damage_taken":0.0}],"is_beta":false,"boss_relics":[{"not_picked":["Velvet Choker","White Beast Statue"],"picked":"Astrolabe"}],"items_purged_floors":[],"is_endless":false,"potions_floor_spawned":[4,7,11,12,18,20],"killed_by":"Gremlin Leader","ascension_level":20}