{"gold_per_floor":[113,263,33,51,51,82,82,41,65,65,88,88,100,110,110,184,234,252,224,224],"floor_reached":20,"playtime":807,"items_purged":["Doubt"],"score":369,"play_id":"23d2b633-7767-403c-a094-bb19bc3828bf","local_time":"20190819121644","is_ascension_mode":true,"campfire_choices":[{"data":"Terror","floor":7,"key":"SMITH"},{"data":"Noxious Fumes","floor":10,"key":"SMITH"},{"data":"Footwork","floor":12,"key":"SMITH"},{"floor":15,"key":"REST"}],"neow_cost":"PERCENT_DAMAGE","seed_source_timestamp":2260124172793273,"circlet_count":0,"master_deck":["AscendersBane","Strike_G+1","Strike_G","Strike_G","Strike_G","Strike_G","Defend_G","Defend_G","Defend_G","Defend_G","Defend_G","Survivor","Neutralize+1","Poisoned Stab","Footwork+1","Dodge and Roll+1","Cloak And Dagger","Terror+1","Poisoned Stab","Noxious Fumes+1","Skewer","PiercingWail","Bullet Time","Crippling Poison","Riddle With Holes","Backflip"],"relics":["Ring of the Snake","Pear","Boot","Omamori","Tiny House"],"potions_floor_usage":[20,20],"damage_taken":[{"damage":0,"enemies":"2 Louse","floor":1,"turns":2},{"damage":0,"enemies":"Jaw Worm","floor":4,"turns":5},{"damage":13,"enemies":"Lagavulin","floor":6,"turns":9},{"damage":0,"enemies":"Cultist","floor":13,"turns":4},{"damage":4,"enemies":"Exordium Wildlife","floor":14,"turns":4},{"damage":41,"enemies":"Hexaghost","floor":16,"turns":11},{"damage":19,"enemies":"Chosen","floor":18,"turns":7},{"damage":7,"enemies":"2 Thieves","floor":19,"turns":4},{"damage":59,"enemies":"Cultist and Chosen","floor":20,"turns":7}],"seed_played":"-7163637682503937549","potions_obtained":[{"floor":6,"key":"Ancient Potion"},{"floor":13,"key":"Block Potion"},{"floor":16,"key":"SkillPotion"}],"is_trial":false,"path_per_floor":["M","?","$","M","?","E","R","$","T","R","T","R","M","M","R","B",null,"M","M","M"],"character_chosen":"THE_SILENT","items_purchased":["Footwork","Dodge and Roll","Cloak And Dagger","Noxious Fumes"],"campfire_rested":1,"item_purchase_floors":[3,3,3,8],"current_hp_per_floor":[56,56,56,56,33,30,30,30,30,30,30,30,30,26,52,11,74,55,48,0],"gold":224,"neow_bonus":"TWENTY_PERCENT_HP_BONUS","is_prod":false,"is_daily":false,"chose_seed":false,"campfire_upgraded":3,"win_rate":0,"timestamp":1566242204,"path_taken":["M","?","$","M","?","E","R","?","T","R","?","R","M","M","R","BOSS","M","M","?"],"build_version":"2019-07-17","purchased_purges":1,"victory":false,"max_hp_per_floor":[78,78,78,78,78,88,88,88,88,88,88,88,88,88,88,88,93,93,93,93],"card_choices":[{"not_picked":["Concentrate","Expertise"],"picked":"Poisoned Stab","floor":1},{"not_picked":["Acrobatics","Leg Sweep"],"picked":"Terror","floor":4},{"not_picked":["Underhanded Strike","Prepared"],"picked":"Poisoned Stab","floor":6},{"not_picked":["Deadly Poison","Crippling Poison"],"picked":"Skewer","floor":13},{"not_picked":["Slice","Tactician"],"picked":"PiercingWail","floor":14},{"not_picked":["A Thousand Cuts","Night Terror"],"picked":"Bullet Time","floor":16},{"not_picked":["Quick Slash","Dagger Spray"],"picked":"Crippling Poison","floor":17},{"not_picked":["Terror","Tactician+1"],"picked":"Riddle With Holes","floor":18},{"not_picked":["Distraction","Tactician"],"picked":"Backflip","floor":19}],"player_experience":781364,"relics_obtained":[{"floor":6,"key":"Pear"},{"floor":9,"key":"Boot"},{"floor":11,"key":"Omamori"}],"event_choices":[{"damage_healed":0,"gold_gain":150,"player_choice":"AGREE","damage_taken":0,"max_hp_gain":0,"max_hp_loss":0,"event_name":"Liars Game","floor":2,"gold_loss":0,"cards_obtained":["Doubt"]},{"damage_healed":0,"gold_gain":0,"player_choice":"Entered Light","damage_taken":23,"max_hp_gain":0,"max_hp_loss":0,"event_name":"Shining Light","floor":5,"gold_loss":0,"cards_upgraded":["Dodge and Roll","Neutralize"]}],"is_beta":false,"boss_relics":[{"not_picked":["Runic Dome","Coffee Dripper"],"picked":"Tiny House"}],"items_purged_floors":[3],"is_endless":false,"potions_floor_spawned":[6,13,16],"killed_by":"Cultist and Chosen","ascension_level":20}