{"gold_per_floor":[359,36,50,50,50,85,103,103,103,121,132,167,179,191,203,215],"floor_reached":16,"playtime":810,"items_purged":[],"score":220,"play_id":"9fe540ab-6f70-44a2-b4b0-245ba58fb3a1","local_time":"20190813231108","is_ascension_mode":true,"campfire_choices":[{"data":"True Grit","floor":8,"key":"SMITH"},{"floor":13,"key":"REST"},{"data":"Feel No Pain","floor":15,"key":"SMITH"}],"neow_cost":"CURSE","seed_source_timestamp":788915537584500,"circlet_count":0,"master_deck":["AscendersBane","Strike_R","Strike_R","Strike_R","Strike_R","Strike_R","Defend_R","Defend_R","Defend_R","Defend_R","Bash","Injury","True Grit+1","Feel No Pain+1","Rampage","Intimidate","Thunderclap","Warcry","Cleave","Cleave"],"relics":["Burning Blood","Paper Frog","Dodecahedron","Letter Opener","Strawberry","MawBank"],"potions_floor_usage":[12,16],"damage_taken":[{"damage":12,"enemies":"Small Slimes","floor":1,"turns":4},{"damage":0,"enemies":"Cultist","floor":3,"turns":3},{"damage":60,"enemies":"Gremlin Nob","floor":6,"turns":5},{"damage":11,"enemies":"Jaw Worm","floor":7,"turns":4},{"damage":8,"enemies":"Looter","floor":10,"turns":4},{"damage":3,"enemies":"2 Fungi Beasts","floor":11,"turns":4},{"damage":21,"enemies":"3 Sentries","floor":12,"turns":9},{"damage":35,"enemies":"Slime Boss","floor":16,"turns":6}],"seed_played":"-2030036320836051692","potions_obtained":[{"floor":3,"key":"LiquidBronze"},{"floor":11,"key":"SteroidPotion"}],"is_trial":false,"path_per_floor":["M","$","M","?","?","E","M","R","T","M","M","E","R","$","R","B"],"character_chosen":"IRONCLAD","items_purchased":["Paper Frog","Feel No Pain"],"campfire_rested":1,"item_purchase_floors":[2,2],"current_hp_per_floor":[62,62,68,73,73,19,14,14,21,19,22,7,33,33,33,0],"gold":215,"neow_bonus":"TWO_FIFTY_GOLD","is_prod":false,"is_daily":false,"chose_seed":false,"campfire_upgraded":2,"win_rate":0,"timestamp":1565730668,"path_taken":["M","$","M","?","?","E","M","R","T","M","?","E","R","?","R","BOSS"],"build_version":"2019-07-17","purchased_purges":0,"victory":false,"max_hp_per_floor":[75,75,75,80,80,80,80,80,87,87,87,87,87,87,87,87],"card_choices":[{"not_picked":["Bloodletting","Shrug It Off"],"picked":"True Grit","floor":1},{"not_picked":["Twin Strike","Clash"],"picked":"Rampage","floor":3},{"not_picked":["Anger","Reckless Charge"],"picked":"Intimidate","floor":6},{"not_picked":["Whirlwind","Wild Strike"],"picked":"Thunderclap","floor":7},{"not_picked":["Wild Strike","Iron Wave"],"picked":"Warcry","floor":10},{"not_picked":["Anger","Flex"],"picked":"Cleave","floor":11},{"not_picked":["Berserk","Iron Wave"],"picked":"Cleave","floor":12}],"player_experience":1490682,"relics_obtained":[{"floor":5,"key":"Dodecahedron"},{"floor":6,"key":"Letter Opener"},{"floor":9,"key":"Strawberry"},{"floor":12,"key":"MawBank"}],"event_choices":[{"damage_healed":0,"gold_gain":0,"player_choice":"Donut","damage_taken":0,"max_hp_gain":5,"max_hp_loss":0,"event_name":"Big Fish","floor":4,"gold_loss":0},{"damage_healed":0,"gold_gain":0,"player_choice":"Relic","damage_taken":0,"max_hp_gain":0,"max_hp_loss":0,"event_name":"Wheel of Change","floor":5,"gold_loss":0}],"is_beta":false,"boss_relics":[],"items_purged_floors":[],"is_endless":false,"potions_floor_spawned":[3,11],"killed_by":"Slime Boss","ascension_level":20}