{"gold_per_floor":[112,129,129,94,109,41,41,76,100,100,100,116,116,145,145,241,241,227,238,251,24,24,24,52,52,52,2,2,21,21,21,21,121,121,136,136,156,4,4,32,32,32],"floor_reached":42,"playtime":3608,"items_purged":[],"score":700,"play_id":"85c6a55e-c157-40b1-aea6-690993a77e0a","local_time":"20190725094641","is_ascension_mode":true,"campfire_choices":[{"data":"Noxious Fumes","floor":7.0,"key":"SMITH"},{"data":"Concentrate","floor":10.0,"key":"SMITH"},{"data":"Acrobatics","floor":13.0,"key":"SMITH"},{"floor":15.0,"key":"REST"},{"floor":23.0,"key":"REST"},{"floor":25.0,"key":"REST"},{"floor":28.0,"key":"REST"},{"data":"Catalyst","floor":32.0,"key":"SMITH"},{"floor":41,"key":"REST"}],"neow_cost":"NONE","seed_source_timestamp":87557451236896,"circlet_count":0,"master_deck":["AscendersBane","Strike_G","Strike_G","Strike_G+1","Strike_G","Strike_G+1","Defend_G","Defend_G+1","Defend_G","Defend_G","Defend_G","Survivor","Neutralize+1","Panacea+1","Backflip","Concentrate+1","Cloak And Dagger","Noxious Fumes+1","Blade Dance","Acrobatics+1","Bouncing Flask","Wraith Form v2","Dagger Spray","Caltrops","Cloak And Dagger","Footwork","Sucker Punch","Discovery+1","Footwork","Terror","Sucker Punch","Catalyst+1","After Image","Choke+1","Deflect","Wraith Form v2"],"special_seed":0,"relics":["Ring of the Serpent","Strawberry","Lantern","Vajra","Lizard Tail","Bird Faced Urn","Tingsha","MutagenicStrength","War Paint","Whetstone"],"potions_floor_usage":[],"damage_taken":[{"damage":4.0,"enemies":"Small Slimes","floor":1.0,"turns":4.0},{"damage":0.0,"enemies":"2 Louse","floor":2.0,"turns":5.0},{"damage":0.0,"enemies":"Cultist","floor":5.0,"turns":5.0},{"damage":13.0,"enemies":"Lagavulin","floor":8.0,"turns":8.0},{"damage":0.0,"enemies":"Exordium Thugs","floor":12.0,"turns":4.0},{"damage":53.0,"enemies":"Gremlin Nob","floor":14.0,"turns":6.0},{"damage":16.0,"enemies":"Hexaghost","floor":16.0,"turns":9.0},{"damage":15.0,"enemies":"2 Thieves","floor":18.0,"turns":4.0},{"damage":4.0,"enemies":"3 Byrds","floor":19.0,"turns":6.0},{"damage":18.0,"enemies":"Snake Plant","floor":20.0,"turns":5.0},{"damage":48.0,"enemies":"Book of Stabbing","floor":24.0,"turns":8.0},{"damage":20.0,"enemies":"Sentry and Sphere","floor":29.0,"turns":8.0},{"damage":126.0,"enemies":"Automaton","floor":33.0,"turns":12.0},{"damage":18.0,"enemies":"3 Darklings","floor":35.0,"turns":8.0},{"damage":17.0,"enemies":"3 Shapes","floor":37.0,"turns":4.0},{"damage":58,"enemies":"Nemesis","floor":40,"turns":9},{"damage":47,"enemies":"Maw","floor":42,"turns":9}],"seed_played":"8130212468362986657","potions_obtained":[{"floor":1.0,"key":"SpeedPotion"},{"floor":5.0,"key":"Dexterity Potion"},{"floor":12.0,"key":"SpeedPotion"},{"floor":19.0,"key":"SteroidPotion"},{"floor":20.0,"key":"Energy Potion"},{"floor":29.0,"key":"GamblersBrew"}],"is_trial":false,"path_per_floor":["M","M","?","?","M","$","R","E","T","R","?","M","R","E","R","B",null,"M","M","M","$","?","R","E","R","T","$","R","M","?","$","R","B",null,"M","?","M","$","?","E","R","M"],"character_chosen":"THE_SILENT","items_purchased":["Noxious Fumes","Footwork","Sucker Punch","Discovery","Sucker Punch","War Paint"],"campfire_rested":5,"item_purchase_floors":[6,21,21,21,27,38],"current_hp_per_floor":[59,59,45,62,62,62,62,56,56,56,61,61,61,8,32,16,66,51,47,29,29,29,53,5,29,29,29,53,41,41,41,41,10,64,58,58,47,47,47,3,27,0],"gold":32,"neow_bonus":"RANDOM_COLORLESS","is_prod":false,"is_daily":false,"chose_seed":false,"campfire_upgraded":4,"win_rate":0,"timestamp":1564073201,"path_taken":["M","M","?","?","M","$","R","E","T","R","?","M","R","E","R","BOSS","M","M","M","$","?","R","E","R","T","$","R","?","?","?","R","BOSS","M","?","M","$","?","E","R","M"],"build_version":"2019-07-17","purchased_purges":0,"victory":false,"max_hp_per_floor":[70,70,70,70,70,70,70,77,77,77,82,82,82,82,82,82,82,82,82,82,82,82,82,82,82,82,82,82,82,82,82,82,82,82,82,82,82,82,82,82,82,82],"card_choices":[{"not_picked":["Choke","Eviscerate"],"picked":"Backflip","floor":1.0},{"not_picked":["Riddle With Holes","Bane"],"picked":"Concentrate","floor":2.0},{"not_picked":["Dodge and Roll","Backstab"],"picked":"Cloak And Dagger","floor":5.0},{"not_picked":["Dodge and Roll","Poisoned Stab"],"picked":"Blade Dance","floor":8.0},{"not_picked":["Distraction","Crippling Poison"],"picked":"Acrobatics","floor":12.0},{"not_picked":["Dodge and Roll","Slice"],"picked":"Bouncing Flask","floor":14.0},{"not_picked":["Venomology","Unload"],"picked":"Wraith Form v2","floor":16.0},{"not_picked":["Acrobatics","Cloak And Dagger"],"picked":"Dagger Spray","floor":18.0},{"not_picked":["Flechettes","Dagger Spray"],"picked":"Caltrops","floor":19.0},{"not_picked":["Flechettes","Concentrate"],"picked":"Cloak And Dagger","floor":20.0},{"not_picked":["Poisoned Stab+1","All Out Attack+1"],"picked":"Terror","floor":24.0},{"not_picked":["Malaise","Prepared"],"picked":"Catalyst","floor":29.0},{"not_picked":["Doppelganger","Storm of Steel"],"picked":"After Image","floor":33.0},{"not_picked":["Backflip","Slice+1"],"picked":"Choke+1","floor":35.0},{"not_picked":["Sucker Punch+1","Expertise"],"picked":"Deflect","floor":37.0},{"not_picked":["Heel Hook","Tools of the Trade"],"picked":"Wraith Form v2","floor":40}],"player_experience":471863,"relics_obtained":[{"floor":8.0,"key":"Strawberry"},{"floor":9.0,"key":"Lantern"},{"floor":14.0,"key":"Vajra"},{"floor":24.0,"key":"Bird Faced Urn"},{"floor":26.0,"key":"Tingsha"},{"floor":40,"key":"Whetstone"}],"event_choices":[{"damage_healed":0.0,"max_hp_gain":0.0,"max_hp_loss":0.0,"gold_gain":0.0,"event_name":"Shining Light","player_choice":"Entered Light","floor":3.0,"gold_loss":0.0,"damage_taken":14.0,"cards_upgraded":["Strike_G","Panacea"]},{"damage_healed":17.0,"max_hp_gain":0.0,"max_hp_loss":0.0,"gold_gain":0.0,"event_name":"The Cleric","player_choice":"Healed","floor":4.0,"gold_loss":35.0,"damage_taken":0.0},{"damage_healed":0.0,"max_hp_gain":5.0,"max_hp_loss":0.0,"gold_gain":0.0,"event_name":"Big Fish","player_choice":"Donut","floor":11.0,"gold_loss":0.0,"damage_taken":0.0},{"damage_healed":0.0,"max_hp_gain":0.0,"max_hp_loss":0.0,"gold_gain":0.0,"event_name":"Duplicator","player_choice":"Copied","floor":22.0,"gold_loss":0.0,"damage_taken":0.0,"cards_obtained":["Footwork"]},{"damage_healed":0.0,"max_hp_gain":0.0,"max_hp_loss":0.0,"gold_gain":0.0,"event_name":"Drug Dealer","player_choice":"Inject Mutagens","floor":30.0,"gold_loss":0.0,"damage_taken":0.0,"relics_obtained":["MutagenicStrength"]},{"damage_healed":0.0,"max_hp_gain":0.0,"max_hp_loss":0.0,"gold_gain":0.0,"event_name":"Tomb of Lord Red Mask","player_choice":"Ignored","floor":36.0,"gold_loss":0.0,"damage_taken":0.0},{"damage_healed":0,"gold_gain":0,"player_choice":"Ignored","damage_taken":0,"max_hp_gain":0,"max_hp_loss":0,"event_name":"Mysterious Sphere","floor":39,"gold_loss":0}],"is_beta":false,"boss_relics":[{"not_picked":["White Beast Statue","Snecko Eye"],"picked":"Lizard Tail"},{"not_picked":["Philosopher\u0027s Stone","Sozu"],"picked":"Ring of the Serpent"}],"items_purged_floors":[],"is_endless":false,"potions_floor_spawned":[1,5,12,19,20,29],"killed_by":"Maw","ascension_level":10}