{"gold_per_floor":[118,118,118,293,243,243,259,26,71,71,91,114,133,149,149,268,268,291,36,51,51,51,92,124,136],"floor_reached":25,"playtime":1414,"items_purged":["Strike_G","Grand Finale"],"score":213,"play_id":"699e2753-d7e3-43b3-a12c-fdfe44d00fda","local_time":"20190619135701","is_ascension_mode":false,"campfire_choices":[{"data":"Deadly Poison","floor":6,"key":"SMITH"},{"data":"Flechettes","floor":15,"key":"SMITH"}],"neow_cost":"NONE","seed_source_timestamp":221679780031732,"circlet_count":0,"master_deck":["Survivor","Neutralize","Deadly Poison+1","Footwork","Die Die Die","Flash of Steel","Flechettes+1","PiercingWail","Caltrops","Backflip","A Thousand Cuts","Flying Knee","All Out Attack","Riddle With Holes","Dagger Throw","Catalyst","PiercingWail","Flechettes","Deadly Poison","Noxious Fumes","Blur","Quick Slash+1","Blade Dance","Terror"],"relics":["White Beast Statue","Golden Idol","Pandora\u0027s Box","MawBank"],"potions_floor_usage":[14,16,16,20,23,23,24,24,25],"damage_taken":[{"damage":11,"enemies":"Jaw Worm","floor":1,"turns":6},{"damage":0,"enemies":"2 Louse","floor":7,"turns":4},{"damage":0,"enemies":"Small Slimes","floor":11,"turns":4},{"damage":1,"enemies":"Exordium Thugs","floor":12,"turns":4},{"damage":8,"enemies":"Gremlin Gang","floor":13,"turns":3},{"damage":0,"enemies":"Blue Slaver","floor":14,"turns":3},{"damage":21,"enemies":"Hexaghost","floor":16,"turns":9},{"damage":0,"enemies":"3 Byrds","floor":18,"turns":4},{"damage":17,"enemies":"2 Thieves","floor":20,"turns":4},{"damage":29,"enemies":"Gremlin Leader","floor":23,"turns":7},{"damage":8,"enemies":"Centurion and Healer","floor":24,"turns":6},{"damage":23,"enemies":"Shelled Parasite and Fungi","floor":25,"turns":3}],"seed_played":"485166220713617075","potions_obtained":[{"floor":1,"key":"SkillPotion"},{"floor":7,"key":"LiquidBronze"},{"floor":11,"key":"Poison Potion"},{"floor":12,"key":"SteroidPotion"},{"floor":14,"key":"Explosive Potion"},{"floor":16,"key":"Fire Potion"},{"floor":18,"key":"EssenceOfSteel"},{"floor":20,"key":"Explosive Potion"},{"floor":22,"key":"Poison Potion"},{"floor":22,"key":"Dexterity Potion"},{"floor":23,"key":"GhostInAJar"},{"floor":24,"key":"Poison Potion"}],"is_trial":false,"path_per_floor":["M","?","T","?","?","R","M","$","T","?","M","M","M","M","R","B",null,"M","$","M","$","?","E","M","M"],"character_chosen":"THE_SILENT","items_purchased":["Die Die Die","Flash of Steel","Noxious Fumes","Blur"],"campfire_rested":0,"item_purchase_floors":[8,8,19,19],"current_hp_per_floor":[59,59,59,59,59,59,59,59,59,59,59,58,50,50,50,29,65,65,65,48,48,48,19,11,0],"gold":136,"neow_bonus":"BOSS_RELIC","is_prod":false,"is_daily":false,"chose_seed":false,"campfire_upgraded":2,"win_rate":0,"timestamp":1560945421,"path_taken":["M","?","?","?","?","R","M","$","T","?","M","M","?","M","R","BOSS","M","$","?","$","?","E","?","M"],"build_version":"2019-01-23","purchased_purges":2,"victory":false,"max_hp_per_floor":[70,70,70,70,70,70,70,70,70,65,65,65,65,65,65,65,65,65,65,65,65,65,65,65,65],"card_choices":[{"not_picked":["Cloak And Dagger","Dagger Throw"],"picked":"Deadly Poison","floor":1},{"not_picked":["Deflect","Bane"],"picked":"Footwork","floor":7},{"not_picked":["Choke","Accuracy"],"picked":"Flechettes","floor":11},{"not_picked":["Prepared","Dodge and Roll"],"picked":"PiercingWail","floor":12},{"not_picked":["Cloak And Dagger","Heel Hook"],"picked":"Caltrops","floor":13},{"not_picked":["Underhanded Strike","Slice"],"picked":"Backflip","floor":14},{"not_picked":["Unload","Glass Knife"],"picked":"A Thousand Cuts","floor":16},{"not_picked":["Blade Dance","Outmaneuver"],"picked":"Deadly Poison","floor":18},{"not_picked":["Dagger Spray","Prepared"],"picked":"Quick Slash+1","floor":20},{"not_picked":["Cloak And Dagger","Dodge and Roll+1"],"picked":"Blade Dance","floor":23},{"not_picked":["Outmaneuver","Endless Agony"],"picked":"Terror","floor":24}],"player_experience":1362333,"relics_obtained":[{"floor":23,"key":"MawBank"}],"event_choices":[{"cards_removed":["Strike_G"],"damage_healed":0,"gold_gain":0,"player_choice":"Forget","damage_taken":0,"max_hp_gain":0,"max_hp_loss":0,"event_name":"Living Wall","floor":2,"gold_loss":0},{"damage_healed":0,"gold_gain":175,"player_choice":"AGREE","damage_taken":0,"max_hp_gain":0,"max_hp_loss":0,"event_name":"Liars Game","floor":4,"gold_loss":0,"cards_obtained":["Doubt"]},{"cards_removed":["Doubt"],"damage_healed":0,"gold_gain":0,"player_choice":"Card Removal","damage_taken":0,"max_hp_gain":0,"max_hp_loss":0,"event_name":"The Cleric","floor":5,"gold_loss":50},{"damage_healed":0,"gold_gain":0,"player_choice":"Lose Max HP","damage_taken":0,"relics_obtained":["Golden Idol"],"max_hp_gain":0,"max_hp_loss":5,"event_name":"Golden Idol","floor":10,"gold_loss":0},{"damage_healed":0,"gold_gain":0,"player_choice":"Got Potions","damage_taken":0,"max_hp_gain":0,"max_hp_loss":0,"event_name":"Lab","floor":22,"gold_loss":0}],"is_beta":false,"boss_relics":[{"not_picked":["Runic Pyramid","Tiny House"],"picked":"Pandora\u0027s Box"}],"items_purged_floors":[8,19],"is_endless":false,"potions_floor_spawned":[1,7,11,12,13,14,16,18,20,23,24],"killed_by":"Shelled Parasite and Fungi","ascension_level":0}