{"gold_per_floor":[17,35,35,35,45,80,3,20,46,71,71,88,88,100,100,177,177,190,190,162,162,180,180],"floor_reached":23,"playtime":1461,"items_purged":[],"score":406,"play_id":"20208fd0-57b1-49f4-98ec-bca1213fe136","local_time":"20190721175842","is_ascension_mode":true,"campfire_choices":[{"data":"Enlightenment","floor":11,"key":"SMITH"},{"data":"Armaments","floor":13,"key":"SMITH"},{"data":"Perfected Strike","floor":15,"key":"SMITH"}],"neow_cost":"NO_GOLD","seed_source_timestamp":1009185860960636,"circlet_count":0,"master_deck":["AscendersBane","Strike_R","Strike_R","Strike_R","Strike_R","Defend_R","Defend_R","Defend_R+1","Bash","Enlightenment+1","Secret Technique","Perfected Strike+1","Wild Strike","Armaments+1","Headbutt","True Grit+1","Flame Barrier","Thunderclap","Juggernaut","Feed","Intimidate","Shrug It Off","Pommel Strike"],"special_seed":0,"relics":["Burning Blood","Art of War","War Paint","Ancient Tea Set","Empty Cage"],"potions_floor_usage":[16,16,23,23],"damage_taken":[{"damage":0.0,"enemies":"2 Louse","floor":1.0,"turns":4.0},{"damage":6.0,"enemies":"Jaw Worm","floor":2.0,"turns":4.0},{"damage":1.0,"enemies":"Cultist","floor":5.0,"turns":3.0},{"damage":32,"enemies":"Gremlin Nob","floor":6,"turns":4},{"damage":20,"enemies":"Gremlin Gang","floor":8,"turns":5},{"damage":31,"enemies":"Lagavulin","floor":10,"turns":5},{"damage":4,"enemies":"2 Fungi Beasts","floor":12,"turns":4},{"damage":0,"enemies":"3 Louse","floor":14,"turns":2},{"damage":20,"enemies":"Hexaghost","floor":16,"turns":9},{"damage":29,"enemies":"Shell Parasite","floor":18,"turns":5},{"damage":24,"enemies":"2 Thieves","floor":20,"turns":4},{"damage":29,"enemies":"Centurion and Healer","floor":22,"turns":10},{"damage":68,"enemies":"Book of Stabbing","floor":23,"turns":7}],"seed_played":"2543787332246854406","potions_obtained":[{"floor":5.0,"key":"BloodPotion"},{"floor":6,"key":"Explosive Potion"},{"floor":8,"key":"Swift Potion"},{"floor":12,"key":"AttackPotion"},{"floor":16,"key":"Ancient Potion"},{"floor":20,"key":"Dexterity Potion"}],"is_trial":false,"path_per_floor":["M","M","?","?","M","E","$","M","T","E","R","M","R","M","R","B",null,"M","?","M","?","M","E"],"character_chosen":"IRONCLAD","items_purchased":["Headbutt","True Grit"],"campfire_rested":0,"item_purchase_floors":[7,7],"current_hp_per_floor":[74,74,79,79,80,54,54,40,40,15,15,17,17,23,23,29,67,47,47,29,83,64,0],"gold":180,"neow_bonus":"RANDOM_COLORLESS_2","is_prod":false,"is_daily":false,"chose_seed":false,"campfire_upgraded":3,"win_rate":0,"timestamp":1563724722,"path_taken":["M","M","?","?","?","E","$","M","T","E","R","?","R","M","R","BOSS","M","?","M","?","M","E"],"build_version":"2019-07-17","purchased_purges":0,"victory":false,"max_hp_per_floor":[75,75,80,80,80,80,80,80,80,80,80,80,80,80,80,80,80,83,83,83,83,87,87],"card_choices":[{"not_picked":["Body Slam","Shrug It Off"],"picked":"Perfected Strike","floor":1.0},{"not_picked":["Hemokinesis","Rupture","Flex"],"picked":"SKIP","floor":2.0},{"not_picked":["Iron Wave","Heavy Blade"],"picked":"Wild Strike","floor":5.0},{"not_picked":["Whirlwind","Intimidate"],"picked":"Armaments","floor":6},{"not_picked":["Reckless Charge","Warcry"],"picked":"Carnage","floor":8},{"not_picked":["Heavy Blade","Burning Pact"],"picked":"Flame Barrier","floor":10},{"not_picked":["Havoc","Anger"],"picked":"Thunderclap","floor":12},{"not_picked":["Thunderclap","Combust"],"picked":"Juggernaut","floor":14},{"not_picked":["Impervious","Dark Embrace"],"picked":"Feed","floor":16},{"not_picked":["Sentinel","Twin Strike"],"picked":"Intimidate","floor":18},{"not_picked":["Anger","Warcry"],"picked":"Shrug It Off","floor":20},{"not_picked":["Thunderclap","Flex"],"picked":"Pommel Strike","floor":22}],"player_experience":1406019,"relics_obtained":[{"floor":6,"key":"Art of War"},{"floor":9,"key":"War Paint"},{"floor":10,"key":"Ancient Tea Set"}],"event_choices":[{"damage_healed":0.0,"max_hp_gain":5.0,"max_hp_loss":0.0,"gold_gain":0.0,"event_name":"Big Fish","player_choice":"Donut","floor":3.0,"gold_loss":0.0,"damage_taken":0.0},{"damage_healed":0.0,"max_hp_gain":0.0,"max_hp_loss":0.0,"gold_gain":0.0,"event_name":"WeMeetAgain","player_choice":"Ignored","floor":4.0,"gold_loss":0.0,"damage_taken":0.0},{"damage_healed":0,"gold_gain":0,"player_choice":"Ignored","damage_taken":0,"max_hp_gain":0,"max_hp_loss":0,"event_name":"Vampires","floor":19,"gold_loss":0},{"cards_removed":["Carnage"],"damage_healed":54,"gold_gain":0,"player_choice":"Offered Uncommon","damage_taken":0,"max_hp_gain":0,"max_hp_loss":0,"event_name":"Bonfire Elementals","floor":21,"gold_loss":0}],"is_beta":false,"boss_relics":[{"not_picked":["Calling Bell","Black Blood"],"picked":"Empty Cage"}],"items_purged_floors":[],"is_endless":false,"potions_floor_spawned":[5,6,8,12,16,20],"killed_by":"Book of Stabbing","ascension_level":20}