{"gold_per_floor":[17,17,34,34,54,54,94,94,94,134,152,18,18,18,18,143,143,166,166,181,201,1,1],"floor_reached":23,"playtime":1086,"items_purged":["Strike_G","Strike_G"],"score":324,"play_id":"1127c5fe-95fc-49df-a419-23536e439166","local_time":"20190724150310","is_ascension_mode":true,"campfire_choices":[{"data":"A Thousand Cuts","floor":6,"key":"SMITH"},{"data":"Neutralize","floor":8,"key":"SMITH"},{"data":"Bane","floor":13,"key":"SMITH"},{"floor":15,"key":"REST"}],"neow_cost":"NO_GOLD","seed_source_timestamp":23443386093651,"circlet_count":0,"master_deck":["AscendersBane","Strike_G","Strike_G","Defend_G","Defend_G","Defend_G","Defend_G","Defend_G","Survivor","Neutralize+1","A Thousand Cuts+1","Noxious Fumes","Noxious Fumes","Deflect","Deadly Poison","Corpse Explosion","Bane+1","Deadly Poison","PiercingWail","Adrenaline","Bane+1","Catalyst","Dodge and Roll+1","Noxious Fumes","Footwork","Noxious Fumes"],"relics":["Ring of the Snake","Golden Idol","Thread and Needle","The Courier","Smiling Mask"],"potions_floor_usage":[10,10,16],"damage_taken":[{"damage":0,"enemies":"Jaw Worm","floor":1,"turns":5},{"damage":4,"enemies":"Small Slimes","floor":3,"turns":4},{"damage":2,"enemies":"Cultist","floor":5,"turns":4},{"damage":23,"enemies":"Lagavulin","floor":7,"turns":8},{"damage":19,"enemies":"Gremlin Nob","floor":10,"turns":6},{"damage":0,"enemies":"Blue Slaver","floor":11,"turns":5},{"damage":22,"enemies":"The Guardian","floor":16,"turns":9},{"damage":14,"enemies":"Chosen","floor":18,"turns":5},{"damage":18,"enemies":"Spheric Guardian","floor":20,"turns":4},{"damage":8,"enemies":"Snake Plant","floor":21,"turns":4},{"damage":21,"enemies":"Book of Stabbing","floor":23,"turns":4}],"seed_played":"5367887544414761300","potions_obtained":[{"floor":1,"key":"GhostInAJar"},{"floor":7,"key":"Regen Potion"},{"floor":10,"key":"PowerPotion"}],"is_trial":false,"path_per_floor":["M","$","M","?","M","R","E","R","T","E","M","$","R","?","R","B",null,"M","?","M","M","$","E"],"character_chosen":"THE_SILENT","items_purchased":["Deadly Poison","PiercingWail","Noxious Fumes","Footwork","Noxious Fumes"],"campfire_rested":1,"item_purchase_floors":[12,12,22,22,22],"current_hp_per_floor":[63,63,59,59,57,57,34,34,34,30,30,30,30,23,42,20,54,40,40,22,14,14,0],"gold":1,"neow_bonus":"THREE_RARE_CARDS","is_prod":false,"is_daily":false,"chose_seed":false,"campfire_upgraded":3,"win_rate":0,"timestamp":1564005790,"path_taken":["M","$","M","?","M","R","E","R","T","E","M","$","R","?","R","BOSS","M","?","M","M","$","E"],"build_version":"2019-07-17","purchased_purges":2,"victory":false,"max_hp_per_floor":[70,70,70,65,65,65,65,65,65,65,65,65,65,65,65,65,65,65,65,65,65,65,65],"card_choices":[{"not_picked":["Glass Knife","Night Terror"],"picked":"A Thousand Cuts","floor":0},{"not_picked":["Slice","Bouncing Flask"],"picked":"Noxious Fumes","floor":1},{"not_picked":["Endless Agony","Bane"],"picked":"Noxious Fumes","floor":3},{"not_picked":["Underhanded Strike","Dagger Spray"],"picked":"Deflect","floor":5},{"not_picked":["Tactician","Quick Slash"],"picked":"Deadly Poison","floor":7},{"not_picked":["Acrobatics","Outmaneuver"],"picked":"Corpse Explosion","floor":10},{"not_picked":["Underhanded Strike","Sucker Punch"],"picked":"Bane","floor":11},{"not_picked":["Corpse Explosion","Die Die Die"],"picked":"Adrenaline","floor":16},{"not_picked":["Dagger Throw+1","Prepared+1"],"picked":"Bane+1","floor":18},{"not_picked":["Slice","Choke","Expertise"],"picked":"SKIP","floor":20},{"not_picked":["Endless Agony","Acrobatics+1"],"picked":"Dodge and Roll+1","floor":21}],"player_experience":464589,"relics_obtained":[{"floor":7,"key":"Thread and Needle"},{"floor":9,"key":"The Courier"},{"floor":10,"key":"Smiling Mask"}],"event_choices":[{"damage_healed":0,"gold_gain":0,"player_choice":"Lose Max HP","damage_taken":0,"relics_obtained":["Golden Idol"],"max_hp_gain":0,"max_hp_loss":5,"event_name":"Golden Idol","floor":4,"gold_loss":0},{"cards_removed":["Strike_G"],"damage_healed":0,"gold_gain":0,"player_choice":"Card Removal","damage_taken":7,"max_hp_gain":0,"max_hp_loss":0,"event_name":"Golden Wing","floor":14,"gold_loss":0},{"damage_healed":0,"gold_gain":0,"player_choice":"Read","damage_taken":0,"max_hp_gain":0,"max_hp_loss":0,"event_name":"The Library","floor":19,"gold_loss":0,"cards_obtained":["Catalyst"]}],"is_beta":false,"boss_relics":[{"not_picked":["Snecko Eye","Coffee Dripper","Runic Pyramid"]}],"items_purged_floors":[12,22],"is_endless":false,"potions_floor_spawned":[1,7,10],"killed_by":"Book of Stabbing","ascension_level":10}