{"gold_per_floor":[115,127,21,21,39,72,91,107,107,107,132,146,146,170,182,269,281,313,325,116,135,19,19,19],"floor_reached":24,"playtime":1383,"items_purged":["Strike_G"],"score":392,"play_id":"06baa455-a0de-491f-8d3e-7480de71aa44","local_time":"20190813094634","is_ascension_mode":true,"campfire_choices":[{"data":"Terror","floor":10.0,"key":"SMITH"},{"floor":13.0,"key":"REST"},{"data":"Footwork","floor":15.0,"key":"SMITH"},{"data":"Noxious Fumes","floor":23.0,"key":"SMITH"}],"neow_cost":"NONE","seed_source_timestamp":1732027019807095,"circlet_count":0,"master_deck":["AscendersBane","Strike_G","Strike_G","Strike_G","Defend_G","Defend_G","Defend_G","Defend_G","Defend_G","Survivor","Neutralize","Blur","Dagger Spray","Blade Dance","Footwork+1","Deflect","Terror+1","Blur","Accuracy","Blade Dance","Sucker Punch","PiercingWail","Corpse Explosion","Leg Sweep","Noxious Fumes+1","Deflect","Escape Plan"],"special_seed":0,"relics":["Ring of the Snake","Torii","Vajra","MawBank","Sozu","Nloth\u0027s Gift","Bag of Marbles"],"potions_floor_usage":[24],"damage_taken":[{"damage":1.0,"enemies":"Cultist","floor":1.0,"turns":5.0},{"damage":2.0,"enemies":"Small Slimes","floor":2.0,"turns":4.0},{"damage":0.0,"enemies":"Jaw Worm","floor":5.0,"turns":6.0},{"damage":15.0,"enemies":"3 Sentries","floor":6.0,"turns":10.0},{"damage":0.0,"enemies":"Exordium Wildlife","floor":7.0,"turns":4.0},{"damage":9.0,"enemies":"Lots of Slimes","floor":8.0,"turns":4.0},{"damage":8.0,"enemies":"The Mushroom Lair","floor":11.0,"turns":5.0},{"damage":0.0,"enemies":"Looter","floor":12.0,"turns":4.0},{"damage":14.0,"enemies":"Hexaghost","floor":16.0,"turns":14.0},{"damage":1.0,"enemies":"Spheric Guardian","floor":18.0,"turns":7.0},{"damage":20.0,"enemies":"2 Thieves","floor":21.0,"turns":4.0},{"damage":36,"enemies":"Gremlin Leader","floor":24,"turns":4}],"seed_played":"-663661227348014939","potions_obtained":[{"floor":1.0,"key":"Strength Potion"},{"floor":7.0,"key":"Fire Potion"},{"floor":8.0,"key":"Dexterity Potion"},{"floor":11.0,"key":"SkillPotion"}],"is_trial":false,"path_per_floor":["M","M","$","?","M","E","M","M","T","R","?","M","R","T","R","B",null,"M","?","$","M","?","R","E"],"character_chosen":"THE_SILENT","items_purchased":["Footwork","Deflect","Noxious Fumes","Deflect"],"campfire_rested":1,"item_purchase_floors":[3,3,20,20],"current_hp_per_floor":[58,56,56,49,49,34,34,25,25,25,17,17,36,36,36,22,55,54,54,54,34,34,34,0],"gold":19,"neow_bonus":"THREE_CARDS","is_prod":false,"is_daily":false,"chose_seed":false,"campfire_upgraded":3,"win_rate":0,"timestamp":1565714794,"path_taken":["M","?","$","?","M","E","M","M","T","R","?","M","R","?","R","BOSS","M","?","$","?","?","R","E"],"build_version":"2019-07-17","purchased_purges":1,"victory":false,"max_hp_per_floor":[66,66,66,66,66,66,66,66,66,66,66,66,66,66,66,66,66,66,66,66,66,66,66,66],"card_choices":[{"not_picked":["Flechettes","Slice"],"picked":"Blur","floor":0.0},{"not_picked":["Cloak And Dagger","Outmaneuver"],"picked":"Dagger Spray","floor":1.0},{"not_picked":["Heel Hook","Underhanded Strike"],"picked":"Blade Dance","floor":2.0},{"not_picked":["Deflect","Prepared"],"picked":"Terror","floor":5.0},{"not_picked":["Dagger Spray","Envenom"],"picked":"Blur","floor":6.0},{"not_picked":["Backflip","Catalyst"],"picked":"Accuracy","floor":7.0},{"not_picked":["Sucker Punch","Backflip"],"picked":"Blade Dance","floor":8.0},{"not_picked":["Slice","Bane"],"picked":"Sucker Punch","floor":11.0},{"not_picked":["Slice","Doppelganger"],"picked":"PiercingWail","floor":12.0},{"not_picked":["Adrenaline","Burst"],"picked":"Corpse Explosion","floor":16.0},{"not_picked":["Dodge and Roll","Slice"],"picked":"Leg Sweep","floor":18.0},{"not_picked":["Slice+1","Deadly Poison"],"picked":"Escape Plan","floor":21.0}],"player_experience":698921,"relics_obtained":[{"floor":6.0,"key":"Torii"},{"floor":9.0,"key":"Vajra"},{"floor":11.0,"key":"Odd Mushroom"},{"floor":14.0,"key":"MawBank"}],"event_choices":[{"cards_removed":["Strike_G"],"damage_healed":0.0,"max_hp_gain":0.0,"max_hp_loss":0.0,"gold_gain":0.0,"event_name":"Golden Wing","player_choice":"Card Removal","floor":4.0,"gold_loss":0.0,"damage_taken":7.0},{"damage_healed":0.0,"max_hp_gain":0.0,"max_hp_loss":0.0,"gold_gain":0.0,"event_name":"Mushrooms","player_choice":"Fought Mushrooms","floor":11.0,"gold_loss":0.0,"damage_taken":0.0},{"damage_healed":0.0,"max_hp_gain":0.0,"max_hp_loss":0.0,"gold_gain":0.0,"event_name":"N\u0027loth","player_choice":"Traded Relic","floor":19.0,"relics_lost":["Odd Mushroom"],"gold_loss":0.0,"damage_taken":0.0,"relics_obtained":["Nloth\u0027s Gift"]},{"damage_healed":0.0,"max_hp_gain":0.0,"max_hp_loss":0.0,"gold_gain":0.0,"event_name":"WeMeetAgain","player_choice":"Paid Gold","floor":22.0,"gold_loss":116.0,"damage_taken":0.0,"relics_obtained":["Bag of Marbles"]}],"is_beta":false,"boss_relics":[{"not_picked":["Pandora\u0027s Box","HoveringKite"],"picked":"Sozu"}],"items_purged_floors":[20],"is_endless":false,"potions_floor_spawned":[1,7,8,11,18],"killed_by":"Gremlin Leader","ascension_level":20}