{"gold_per_floor":[113,1,16,26,39,64,77,77,77,77,77,94,120,137,137,241,241,257,286,44,61,80,80],"floor_reached":23,"playtime":3798,"items_purged":[],"score":290,"play_id":"5cfaf6ad-45ee-41a8-a335-dd9efd9783e2","local_time":"20190711123453","is_ascension_mode":true,"campfire_choices":[{"floor":8,"key":"REST"},{"data":"A Thousand Cuts","floor":10,"key":"SMITH"},{"floor":15,"key":"RECALL"}],"neow_cost":"NONE","seed_source_timestamp":12203031278738,"circlet_count":0,"master_deck":["Strike_G","Strike_G","Strike_G","Strike_G","Strike_G","Defend_G","Defend_G","Defend_G","Defend_G","Defend_G","Survivor","Neutralize","Doppelganger","Masterful Stab","Leg Sweep","Footwork","Backflip","Escape Plan","Blur","A Thousand Cuts+1","Poisoned Stab","Well Laid Plans","Finisher","Acrobatics","Envenom","Distraction+1","Blade Dance","Bane+1","Adrenaline"],"relics":["Ring of the Snake","Mango","Mercury Hourglass","Meat on the Bone","Eternal Feather","Red Mask","Shuriken"],"potions_floor_usage":[5,19,19,22,23],"damage_taken":[{"damage":12,"enemies":"Jaw Worm","floor":1,"turns":7},{"damage":0,"enemies":"2 Louse","floor":3,"turns":2},{"damage":0,"enemies":"Small Slimes","floor":4,"turns":5},{"damage":5,"enemies":"Gremlin Gang","floor":5,"turns":10},{"damage":51,"enemies":"3 Sentries","floor":6,"turns":18},{"damage":0,"enemies":"Red Slaver","floor":7,"turns":6},{"damage":1,"enemies":"Looter","floor":12,"turns":2},{"damage":0,"enemies":"Lagavulin","floor":13,"turns":7},{"damage":1,"enemies":"Exordium Thugs","floor":14,"turns":4},{"damage":2,"enemies":"The Guardian","floor":16,"turns":14},{"damage":0,"enemies":"Chosen","floor":18,"turns":6},{"damage":78,"enemies":"Masked Bandits","floor":19,"turns":7},{"damage":0,"enemies":"3 Byrds","floor":21,"turns":3},{"damage":34,"enemies":"Centurion and Healer","floor":22,"turns":5},{"damage":19,"enemies":"Gremlin Leader","floor":23,"turns":4}],"seed_played":"-5570660512912906839","potions_obtained":[{"floor":1,"key":"Weak Potion"},{"floor":3,"key":"GhostInAJar"},{"floor":7,"key":"Fire Potion"},{"floor":14,"key":"SteroidPotion"},{"floor":18,"key":"Energy Potion"},{"floor":21,"key":"Swift Potion"}],"is_trial":false,"path_per_floor":["M","$","M","M","M","E","M","R","T","R","?","M","E","M","R","B",null,"M","?","$","M","M","E"],"character_chosen":"THE_SILENT","items_purchased":["Leg Sweep","Footwork","Shuriken"],"campfire_rested":1,"item_purchase_floors":[2,2,20],"current_hp_per_floor":[58,58,58,58,53,16,16,41,41,41,46,45,45,56,56,54,89,89,23,23,35,13,0],"gold":80,"neow_bonus":"ONE_RANDOM_RARE_CARD","is_prod":false,"is_daily":false,"chose_seed":false,"campfire_upgraded":1,"win_rate":0,"timestamp":1562873693,"path_taken":["M","$","M","M","M","E","M","R","T","R","?","M","E","M","R","BOSS","M","?","$","M","M","E"],"build_version":"2019-07-05","purchased_purges":0,"victory":false,"max_hp_per_floor":[70,70,70,70,70,84,84,84,84,84,89,89,89,89,89,89,89,89,89,89,89,89,89],"card_choices":[{"not_picked":["Concentrate","Slice"],"picked":"Masterful Stab","floor":1},{"not_picked":["Underhanded Strike","Dagger Spray"],"picked":"Backflip","floor":3},{"not_picked":["Bane","Masterful Stab"],"picked":"Escape Plan","floor":4},{"not_picked":["Bane","Dodge and Roll"],"picked":"Blur","floor":5},{"not_picked":["Dodge and Roll","Concentrate"],"picked":"A Thousand Cuts","floor":6},{"not_picked":["Slice","PiercingWail"],"picked":"Poisoned Stab","floor":7},{"not_picked":["Eviscerate","Blade Dance"],"picked":"Well Laid Plans","floor":12},{"not_picked":["Poisoned Stab","Sucker Punch"],"picked":"Finisher","floor":13},{"not_picked":["Quick Slash","Backstab"],"picked":"Acrobatics","floor":14},{"not_picked":["Burst","Wraith Form v2"],"picked":"Envenom","floor":16},{"not_picked":["Deflect","Flechettes"],"picked":"Distraction+1","floor":18},{"not_picked":["Catalyst","Slice"],"picked":"Blade Dance","floor":19},{"not_picked":["Poisoned Stab","Distraction"],"picked":"Bane+1","floor":21},{"not_picked":["Outmaneuver","Skewer"],"picked":"Adrenaline","floor":22}],"player_experience":210032,"relics_obtained":[{"floor":6,"key":"Mango"},{"floor":9,"key":"Mercury Hourglass"},{"floor":13,"key":"Meat on the Bone"},{"floor":19,"key":"Red Mask"}],"event_choices":[{"damage_healed":0,"gold_gain":0,"player_choice":"Donut","damage_taken":0,"max_hp_gain":5,"max_hp_loss":0,"event_name":"Big Fish","floor":11,"gold_loss":0},{"damage_healed":0,"gold_gain":0,"player_choice":"Fought Bandits","damage_taken":0,"max_hp_gain":0,"max_hp_loss":0,"event_name":"Masked Bandits","floor":19,"gold_loss":0}],"is_beta":false,"boss_relics":[{"not_picked":["White Beast Statue","Orrery"],"picked":"Eternal Feather"}],"items_purged_floors":[],"is_endless":false,"potions_floor_spawned":[1,3,7,14,18,21],"killed_by":"Gremlin Leader","ascension_level":3}