{"gold_per_floor":[113,124,135,146,146,146,146,156,156,167,167,186,186,186,186,259,259,273,283,303,107,124,124,124,124,174,174,204,204],"floor_reached":29,"playtime":1684,"items_purged":["Strike_B"],"score":474,"play_id":"537ad449-551e-4bda-b390-2bc0fbd7100e","local_time":"20190815114222","is_ascension_mode":true,"campfire_choices":[{"floor":6,"key":"DIG"},{"floor":11,"key":"DIG"},{"floor":13,"key":"DIG"},{"floor":15,"key":"DIG"},{"floor":23,"key":"DIG"},{"floor":25,"key":"DIG"},{"floor":27,"key":"DIG"}],"neow_cost":"TEN_PERCENT_HP_LOSS","seed_source_timestamp":41791336301800,"circlet_count":0,"master_deck":["AscendersBane","Strike_B","Strike_B+1","Strike_B","Defend_B","Defend_B","Defend_B","Defend_B","Zap","Dualcast","Gash","Doom and Gloom","Cold Snap","Chill","Cold Snap","Coolheaded","Biased Cognition","Barrage","Undo","Barrage+1","FTL","Reprogram","Coolheaded+1","Writhe","Conserve Battery"],"relics":["Cracked Core","Shovel","Orichalcum","Bottled Flame","Bronze Scales","DataDisk","Kunai","Juzu Bracelet","Boot","Inserter","Blue Candle","Happy Flower","Shuriken","Vajra","Ornamental Fan","Whetstone"],"potions_floor_usage":[16,18,28,29,29],"damage_taken":[{"damage":11,"enemies":"2 Louse","floor":1,"turns":3},{"damage":7,"enemies":"Small Slimes","floor":2,"turns":4},{"damage":2,"enemies":"Cultist","floor":3,"turns":4},{"damage":25,"enemies":"Exordium Wildlife","floor":4,"turns":4},{"damage":8,"enemies":"Looter","floor":8,"turns":3},{"damage":5,"enemies":"Blue Slaver","floor":10,"turns":2},{"damage":0,"enemies":"2 Fungi Beasts","floor":12,"turns":3},{"damage":20,"enemies":"Hexaghost","floor":16,"turns":10},{"damage":11,"enemies":"Shell Parasite","floor":18,"turns":3},{"damage":0,"enemies":"2 Thieves","floor":19,"turns":3},{"damage":3,"enemies":"Snecko","floor":20,"turns":7},{"damage":16,"enemies":"Centurion and Healer","floor":22,"turns":6},{"damage":21,"enemies":"Slavers","floor":28,"turns":5},{"damage":11,"enemies":"Snake Plant","floor":29,"turns":2}],"seed_played":"5499772697809760858","potions_obtained":[{"floor":2,"key":"SkillPotion"},{"floor":8,"key":"Fire Potion"},{"floor":18,"key":"Weak Potion"},{"floor":22,"key":"SteroidPotion"},{"floor":28,"key":"Fire Potion"}],"is_trial":false,"path_per_floor":["M","M","M","M","?","R","?","M","T","M","R","M","R","T","R","B",null,"M","M","M","$","M","R","?","R","T","R","E","M"],"character_chosen":"DEFECT","items_purchased":["FTL","Reprogram"],"campfire_rested":0,"item_purchase_floors":[21,21],"current_hp_per_floor":[53,46,44,19,8,8,64,56,56,51,51,51,51,51,51,31,56,45,45,42,42,26,26,26,26,26,26,5,0],"gold":204,"neow_bonus":"ONE_RARE_RELIC","is_prod":false,"is_daily":false,"chose_seed":false,"campfire_upgraded":0,"win_rate":0,"timestamp":1565862142,"path_taken":["M","M","M","M","?","R","?","M","T","?","R","M","R","?","R","BOSS","M","M","M","$","M","R","?","R","T","R","E","M"],"build_version":"2019-07-17","purchased_purges":1,"victory":false,"max_hp_per_floor":[64,64,64,64,64,64,64,64,64,64,64,64,64,64,64,64,64,64,64,64,64,64,64,64,64,64,64,64,64],"card_choices":[{"not_picked":["Coolheaded","Fusion"],"picked":"Gash","floor":1},{"not_picked":["Static Discharge","Turbo"],"picked":"Doom and Gloom","floor":2},{"not_picked":["Steam","Turbo"],"picked":"Chill","floor":3},{"not_picked":["Leap","Compile Driver"],"picked":"Cold Snap","floor":4},{"not_picked":["Blizzard","Scrape"],"picked":"Chill","floor":8},{"not_picked":["Sunder","Hello World"],"picked":"Cold Snap","floor":10},{"not_picked":["Sweeping Beam","All For One"],"picked":"Coolheaded","floor":12},{"not_picked":["Multi-Cast","Machine Learning"],"picked":"Biased Cognition","floor":16},{"not_picked":["Tempest","Redo"],"picked":"Barrage","floor":18},{"not_picked":["Self Repair","Leap"],"picked":"Undo","floor":19},{"not_picked":["Gash","Chaos"],"picked":"Barrage","floor":20},{"not_picked":["Compile Driver","White Noise"],"picked":"Coolheaded+1","floor":22},{"not_picked":["Sunder","Steam Power"],"picked":"Conserve Battery","floor":28}],"player_experience":1496112,"relics_obtained":[{"floor":6,"key":"Bottled Flame"},{"floor":9,"key":"Bronze Scales"},{"floor":11,"key":"DataDisk"},{"floor":13,"key":"Kunai"},{"floor":14,"key":"Juzu Bracelet"},{"floor":15,"key":"Boot"},{"floor":23,"key":"Blue Candle"},{"floor":25,"key":"Shuriken"},{"floor":26,"key":"Vajra"},{"floor":27,"key":"Ornamental Fan"},{"floor":28,"key":"Whetstone"}],"event_choices":[{"damage_healed":0,"gold_gain":0,"player_choice":"Success","damage_taken":11,"relics_obtained":["Orichalcum"],"max_hp_gain":0,"max_hp_loss":0,"event_name":"Scrap Ooze","floor":5,"gold_loss":0},{"cards_removed":["Chill"],"damage_healed":56,"gold_gain":0,"player_choice":"Offered Uncommon","damage_taken":0,"max_hp_gain":0,"max_hp_loss":0,"event_name":"Bonfire Elementals","floor":7,"gold_loss":0},{"damage_healed":0,"gold_gain":0,"player_choice":"Opened","damage_taken":0,"relics_obtained":["Happy Flower"],"max_hp_gain":0,"max_hp_loss":0,"event_name":"The Mausoleum","floor":24,"gold_loss":0,"cards_obtained":["Writhe"]}],"is_beta":false,"boss_relics":[{"not_picked":["Sozu","Calling Bell"],"picked":"Inserter"}],"items_purged_floors":[21],"is_endless":false,"potions_floor_spawned":[2,8,12,18,22,28],"killed_by":"Snake Plant","ascension_level":20}