{"gold_per_floor":[109,120,131,148,167,167,45,70,70,70,70,70],"floor_reached":12,"playtime":613,"items_purged":[],"score":120,"play_id":"a657705e-3774-41b9-894a-33d456a19b92","local_time":"20190719142903","is_ascension_mode":true,"campfire_choices":[{"data":"Outmaneuver","floor":6,"key":"SMITH"},{"data":"Tactician","floor":11,"key":"SMITH"}],"neow_cost":"NONE","seed_source_timestamp":607266720127671,"circlet_count":0,"master_deck":["AscendersBane","Strike_G","Strike_G","Strike_G","Strike_G","Strike_G","Defend_G","Defend_G","Defend_G","Defend_G","Defend_G","Survivor","Neutralize","Phantasmal Killer","Calculated Gamble","Tactician","Flying Knee","Dagger Throw","Outmaneuver+1","Underhanded Strike","Caltrops","Tactician+1"],"relics":["Ring of the Snake","Bronze Scales","Art of War"],"potions_floor_usage":[8,8,12,12,12,12],"damage_taken":[{"damage":10,"enemies":"Jaw Worm","floor":1,"turns":6},{"damage":1,"enemies":"Cultist","floor":2,"turns":5},{"damage":0,"enemies":"2 Louse","floor":3,"turns":4},{"damage":11,"enemies":"Exordium Wildlife","floor":4,"turns":6},{"damage":8,"enemies":"Red Slaver","floor":5,"turns":4},{"damage":15,"enemies":"Lagavulin","floor":8,"turns":7},{"damage":28,"enemies":"Gremlin Nob","floor":12,"turns":4}],"seed_played":"-5950730510880387510","potions_obtained":[{"floor":1,"key":"Block Potion"},{"floor":4,"key":"Fire Potion"},{"floor":5,"key":"SkillPotion"},{"floor":10,"key":"EntropicBrew"},{"floor":10,"key":"PowerPotion"}],"is_trial":false,"path_per_floor":["M","M","M","M","M","R","$","E","T","?","R","E"],"character_chosen":"THE_SILENT","items_purchased":["Underhanded Strike","Caltrops"],"campfire_rested":0,"item_purchase_floors":[7,7],"current_hp_per_floor":[53,52,52,41,33,33,33,18,18,18,18,0],"gold":70,"neow_bonus":"ONE_RANDOM_RARE_CARD","is_prod":false,"is_daily":false,"chose_seed":false,"campfire_upgraded":2,"win_rate":0,"timestamp":1563571743,"path_taken":["M","M","M","M","M","R","$","E","T","?","R","E"],"build_version":"2019-07-17","purchased_purges":0,"victory":false,"max_hp_per_floor":[70,70,70,70,70,70,70,70,70,70,70,70],"card_choices":[{"not_picked":["Poisoned Stab","PiercingWail"],"picked":"Calculated Gamble","floor":1},{"not_picked":["Finisher","Dagger Throw"],"picked":"Tactician","floor":2},{"not_picked":["Dodge and Roll","PiercingWail"],"picked":"Flying Knee","floor":3},{"not_picked":["Sucker Punch","Infinite Blades"],"picked":"Dagger Throw","floor":4},{"not_picked":["Masterful Stab","Eviscerate"],"picked":"Outmaneuver","floor":5},{"not_picked":["PiercingWail","All Out Attack"],"picked":"Tactician","floor":8}],"player_experience":384548,"relics_obtained":[{"floor":8,"key":"Bronze Scales"},{"floor":9,"key":"Art of War"}],"event_choices":[{"damage_healed":0,"gold_gain":0,"player_choice":"Got Potions","damage_taken":0,"max_hp_gain":0,"max_hp_loss":0,"event_name":"Lab","floor":10,"gold_loss":0}],"is_beta":false,"boss_relics":[],"items_purged_floors":[],"is_endless":false,"potions_floor_spawned":[1,4,5],"killed_by":"Gremlin Nob","ascension_level":10}