{"gold_per_floor":[110,110,110,185,200,200,231,42,42,42,56,74,74,74,74,151,151,163,178,178,178,198,226,253,365,377,86,105,105,118,146,146,219,219,233,57,57,69,69,69,69],"floor_reached":41,"playtime":5230,"items_purged":["Regret","Strike_G"],"score":858,"play_id":"258b2af4-f375-49a0-9309-bee09947458d","local_time":"20190609231926","is_ascension_mode":true,"campfire_choices":[{"data":"Neutralize","floor":6,"key":"SMITH"},{"data":"Deadly Poison","floor":10,"key":"SMITH"},{"floor":15,"key":"REST"},{"floor":29,"key":"REST"},{"data":"Footwork","floor":32,"key":"SMITH"},{"data":"Burst","floor":40,"key":"SMITH"}],"neow_cost":"NONE","seed_source_timestamp":1202341728670773,"circlet_count":0,"master_deck":["AscendersBane","Defend_G","Defend_G","Defend_G","Defend_G","Strike_G","Strike_G","Strike_G","Survivor+1","Neutralize+1","Poisoned Stab","Leg Sweep","Well Laid Plans","Acrobatics","Deadly Poison+1","Dash","Tools of the Trade","Burst+1","Acrobatics","Backflip","RitualDagger","Writhe","PiercingWail","Predator","Deadly Poison","Eviscerate","Venomology","Footwork+1","Reflex","Tools of the Trade","Footwork","Footwork","Crippling Poison"],"relics":["Ring of the Serpent","Matryoshka","Bag of Marbles","Centennial Puzzle","Gremlin Horn","Turnip","Bag of Preparation","HoveringKite","PreservedInsect","MawBank","Thread and Needle","Bottled Tornado","Smiling Mask","The Courier","Tiny Chest","War Paint","Pantograph","Frozen Egg 2"],"potions_floor_usage":[7,23,25,25,33,33,33,35,41],"damage_taken":[{"damage":0,"enemies":"2 Louse","floor":1,"turns":2},{"damage":2,"enemies":"Jaw Worm","floor":5,"turns":5},{"damage":15,"enemies":"Lagavulin","floor":7,"turns":9},{"damage":0,"enemies":"Small Slimes","floor":11,"turns":3},{"damage":0,"enemies":"Blue Slaver","floor":12,"turns":3},{"damage":20,"enemies":"The Guardian","floor":16,"turns":10},{"damage":1,"enemies":"3 Byrds","floor":18,"turns":7},{"damage":0,"enemies":"Spheric Guardian","floor":19,"turns":2},{"damage":12,"enemies":"Shelled Parasite and Fungi","floor":22,"turns":8},{"damage":6,"enemies":"Slavers","floor":23,"turns":6},{"damage":8,"enemies":"Centurion and Healer","floor":24,"turns":7},{"damage":13,"enemies":"Colosseum Slavers","floor":25,"turns":8},{"damage":7,"enemies":"Colosseum Nobs","floor":25,"turns":4},{"damage":3,"enemies":"Snake Plant","floor":28,"turns":4},{"damage":0,"enemies":"Sentry and Sphere","floor":30,"turns":5},{"damage":4,"enemies":"Book of Stabbing","floor":31,"turns":7},{"damage":35,"enemies":"Champ","floor":33,"turns":15},{"damage":27,"enemies":"3 Darklings","floor":35,"turns":17},{"damage":8,"enemies":"Orb Walker","floor":38,"turns":4},{"damage":22,"enemies":"Giant Head","floor":41,"turns":9}],"seed_played":"-5459892581646009696","potions_obtained":[{"floor":1,"key":"Explosive Potion"},{"floor":19,"key":"Dexterity Potion"},{"floor":22,"key":"Explosive Potion"},{"floor":24,"key":"Regen Potion"},{"floor":25,"key":"Energy Potion"},{"floor":30,"key":"FearPotion"},{"floor":35,"key":"Strength Potion"}],"is_trial":false,"path_per_floor":["M","?","?","?","M","R","E","$","T","R","M","M","?","$","R","B",null,"M","M","?","?","M","E","M","?","T","$","M","R","M","E","R","B",null,"M","$","?","M","T","R","E"],"character_chosen":"THE_SILENT","items_purchased":["Deadly Poison","Centennial Puzzle","Eviscerate","Tiny Chest","War Paint","Footwork","Footwork"],"campfire_rested":2,"item_purchase_floors":[8,8,27,27,27,36,36],"current_hp_per_floor":[59,59,48,37,35,35,20,20,20,20,20,20,20,20,39,19,54,53,53,47,47,35,29,21,16,16,16,13,32,32,28,28,18,54,27,27,27,19,19,19,0],"gold":69,"neow_bonus":"THREE_CARDS","is_prod":false,"is_daily":false,"chose_seed":false,"campfire_upgraded":4,"win_rate":0,"timestamp":1560115166,"path_taken":["M","?","?","?","M","R","E","?","T","R","?","M","?","$","R","BOSS","M","M","?","?","M","E","M","?","T","?","M","R","M","E","R","BOSS","M","$","?","M","?","R","E"],"build_version":"2019-01-23","purchased_purges":2,"victory":false,"max_hp_per_floor":[66,66,66,66,66,66,66,66,66,66,66,66,66,66,66,66,66,66,66,66,66,66,66,66,66,66,66,66,66,66,66,66,66,66,66,66,66,66,66,66,66],"card_choices":[{"not_picked":["PiercingWail","Outmaneuver"],"picked":"Poisoned Stab","floor":0},{"not_picked":["Masterful Stab","Underhanded Strike"],"picked":"Leg Sweep","floor":1},{"not_picked":["Outmaneuver","Acrobatics"],"picked":"Well Laid Plans","floor":5},{"not_picked":["Deflect","Bane"],"picked":"Acrobatics","floor":7},{"not_picked":["Dodge and Roll","Leg Sweep"],"picked":"Dash","floor":11},{"not_picked":["Predator","Footwork"],"picked":"Tools of the Trade","floor":12},{"not_picked":["Unload","After Image"],"picked":"Burst","floor":16},{"not_picked":["Slice","Choke"],"picked":"Acrobatics","floor":18},{"not_picked":["Dagger Spray+1","Bane"],"picked":"Backflip","floor":19},{"not_picked":["Backflip","Underhanded Strike"],"picked":"PiercingWail","floor":22},{"not_picked":["Dodge and Roll","Cloak And Dagger","Dagger Throw"],"picked":"SKIP","floor":23},{"not_picked":["Choke","Prepared"],"picked":"Predator","floor":24},{"not_picked":["Skewer","Distraction"],"picked":"Deadly Poison","floor":25},{"not_picked":["Dagger Spray","Blade Dance"],"picked":"Venomology","floor":28},{"not_picked":["Dagger Throw+1","Flying Knee"],"picked":"Footwork","floor":30},{"not_picked":["Deflect","All Out Attack"],"picked":"Reflex","floor":31},{"not_picked":["Envenom","Bullet Time"],"picked":"Tools of the Trade","floor":33},{"not_picked":["Outmaneuver","Quick Slash+1","Escape Plan"],"picked":"SKIP","floor":35},{"not_picked":["Slice","Poisoned Stab"],"picked":"Crippling Poison","floor":38}],"player_experience":1336709,"relics_obtained":[{"floor":7,"key":"Bag of Marbles"},{"floor":9,"key":"Gremlin Horn"},{"floor":9,"key":"Turnip"},{"floor":23,"key":"MawBank"},{"floor":25,"key":"Thread and Needle"},{"floor":25,"key":"Bottled Tornado"},{"floor":26,"key":"Smiling Mask"},{"floor":26,"key":"The Courier"},{"floor":31,"key":"Pantograph"},{"floor":39,"key":"Frozen Egg 2"}],"event_choices":[{"cards_removed":["Strike_G"],"damage_healed":0,"gold_gain":0,"player_choice":"Forget","damage_taken":0,"max_hp_gain":0,"max_hp_loss":0,"event_name":"Living Wall","floor":2,"gold_loss":0},{"damage_healed":0,"gold_gain":0,"player_choice":"Success","damage_taken":11,"relics_obtained":["Matryoshka"],"max_hp_gain":0,"max_hp_loss":0,"event_name":"Scrap Ooze","floor":3,"gold_loss":0},{"damage_healed":0,"gold_gain":75,"player_choice":"Gather Gold","damage_taken":11,"max_hp_gain":0,"max_hp_loss":0,"event_name":"World of Goop","floor":4,"gold_loss":0},{"damage_healed":0,"gold_gain":0,"player_choice":"Box","damage_taken":0,"relics_obtained":["Bag of Preparation"],"max_hp_gain":0,"max_hp_loss":0,"event_name":"Big Fish","floor":13,"gold_loss":0,"cards_obtained":["Regret"]},{"damage_healed":0,"gold_gain":0,"player_choice":"Joined the Cult","damage_taken":6,"max_hp_gain":0,"max_hp_loss":0,"event_name":"Nest","floor":20,"gold_loss":0,"cards_obtained":["RitualDagger"]},{"damage_healed":0,"gold_gain":0,"player_choice":"Opened","damage_taken":0,"relics_obtained":["PreservedInsect"],"max_hp_gain":0,"max_hp_loss":0,"event_name":"The Mausoleum","floor":21,"gold_loss":0,"cards_obtained":["Writhe"]},{"damage_healed":0,"gold_gain":0,"player_choice":"Fight","damage_taken":0,"max_hp_gain":0,"max_hp_loss":0,"event_name":"Colosseum","floor":25,"gold_loss":0},{"damage_healed":0,"gold_gain":0,"player_choice":"Fought Nobs","damage_taken":0,"max_hp_gain":0,"max_hp_loss":0,"event_name":"Colosseum","floor":25,"gold_loss":0},{"cards_removed":["Defend_G"],"damage_healed":0,"gold_gain":0,"player_choice":"Removed Skill","damage_taken":0,"max_hp_gain":0,"max_hp_loss":0,"event_name":"Falling","floor":37,"gold_loss":0}],"is_beta":false,"boss_relics":[{"not_picked":["Snecko Eye","Lizard Tail"],"picked":"HoveringKite"},{"not_picked":["White Beast Statue","Runic Dome"],"picked":"Ring of the Serpent"}],"items_purged_floors":[27,36],"is_endless":false,"potions_floor_spawned":[1,19,22,24,25,25,30,35],"killed_by":"Giant Head","ascension_level":20}