{"gold_per_floor":[19,30,42,60,60,385,398,427,427,19,19,19,31,43,43,145,145,159,159,159,177,177,177,195,211,235,264,276,288,313,337,349,466,478,508,437,501,513,525,552,45,65,95,114,114,148,148,148],"floor_reached":48,"playtime":7386,"items_purged":["Defend_R","Reaper+1"],"score":676,"play_id":"7bdedd10-218c-4eac-8295-fff29847e0e8","local_time":"20180801005839","is_ascension_mode":false,"campfire_choices":[{"data":"Searing Blow+1","floor":11,"key":"SMITH"},{"data":"Berserk","floor":15,"key":"SMITH"},{"data":"Armaments","floor":23,"key":"SMITH"},{"data":"Barricade","floor":28,"key":"SMITH"},{"data":"Impervious","floor":32,"key":"SMITH"},{"data":"Searing Blow+3","floor":45,"key":"SMITH"}],"neow_cost":"NO_GOLD","seed_source_timestamp":215884912262651,"circlet_count":0,"master_deck":["Defend_R+1","Defend_R+1","Defend_R+1","Bash+1","Sever Soul+1","Armaments+1","Shrug It Off+1","Reckless Charge+1","Berserk+1","Intimidate+1","Searing Blow+4","Mind Blast+1","Rampage+1","Headbutt+1","Metallicize+1","Impervious+1","Body Slam+1","Clash+1","Ghostly+1","Ghostly+1","Ghostly+1","Ghostly+1","Ghostly+1","Feel No Pain+1","Sword Boomerang+1","Barricade+1","Pommel Strike+1","Bite+1","Bite+1","Bite+1","Bite+1","Bite+1","Warcry+1","Warcry+1","Thunderclap+1","True Grit+1","Jack Of All Trades+1","Mind Blast+1","Dramatic Entrance+1","Iron Wave+1","Rage","True Grit","Pommel Strike","Clash","Burning Pact+1","Headbutt+1","Rage"],"relics":["Black Blood","Old Coin","Whetstone","Pear","Lee\u0027s Waffle","Mark of Pain","Matryoshka","MawBank","Red Skull","Unceasing Top","Gambling Chip","Mark of the Bloom","Mummified Hand","Tiny Chest","Self Forming Clay","Smiling Mask","Dodecahedron"],"potions_floor_usage":[4,4,8,16,18,25,30,33,40,46],"damage_taken":[{"damage":7,"enemies":"Jaw Worm","floor":1,"turns":6},{"damage":1,"enemies":"Cultist","floor":2,"turns":3},{"damage":5,"enemies":"2 Louse","floor":3,"turns":2},{"damage":2,"enemies":"Exordium Thugs","floor":4,"turns":7},{"damage":35,"enemies":"Gremlin Nob","floor":6,"turns":5},{"damage":0,"enemies":"Large Slime","floor":7,"turns":4},{"damage":18,"enemies":"Lagavulin","floor":8,"turns":7},{"damage":7,"enemies":"Blue Slaver","floor":13,"turns":2},{"damage":0,"enemies":"Exordium Wildlife","floor":14,"turns":2},{"damage":12,"enemies":"Slime Boss","floor":16,"turns":7},{"damage":20,"enemies":"3 Byrds","floor":18,"turns":7},{"damage":0,"enemies":"Spheric Guardian","floor":21,"turns":5},{"damage":34,"enemies":"Cultist and Chosen","floor":24,"turns":11},{"damage":6,"enemies":"Centurion and Healer","floor":25,"turns":8},{"damage":6,"enemies":"Snecko","floor":27,"turns":5},{"damage":7,"enemies":"Sentry and Sphere","floor":30,"turns":5},{"damage":7,"enemies":"Snake Plant","floor":31,"turns":5},{"damage":0,"enemies":"Automaton","floor":33,"turns":13},{"damage":11,"enemies":"3 Shapes","floor":35,"turns":9},{"damage":16,"floor":37,"turns":7},{"damage":12,"enemies":"3 Darklings","floor":40,"turns":6},{"damage":0,"enemies":"Spire Growth","floor":42,"turns":2},{"damage":0,"enemies":"Flame Bruiser 2 Orb","floor":44,"turns":2},{"damage":5,"enemies":"Giant Head","floor":46,"turns":5},{"damage":19,"enemies":"Maw","floor":48,"turns":4}],"seed_played":"2564037458512361243","potions_obtained":[{"floor":1,"key":"Fire Potion"},{"floor":2,"key":"Dexterity Potion"},{"floor":7,"key":"EssenceOfSteel"},{"floor":8,"key":"AttackPotion"},{"floor":16,"key":"GamblersBrew"},{"floor":18,"key":"Energy Potion"},{"floor":24,"key":"Weak Potion"},{"floor":30,"key":"Fire Potion"},{"floor":31,"key":"SpeedPotion"},{"floor":33,"key":"Fire Potion"},{"floor":40,"key":"EssenceOfSteel"}],"is_trial":false,"path_per_floor":["M","M","M","M","?","E","M","E","T","$","R","?","M","M","R","B",null,"M","?","?","M","?","R","M","M","T","M","R","?","M","M","R","B",null,"M","?","?","?","?","M","$","M","T","M","R","E","T"],"character_chosen":"IRONCLAD","items_purchased":["Lee\u0027s Waffle","Mind Blast","Rampage","Mummified Hand","Rage","True Grit","Pommel Strike","Clash"],"campfire_rested":0,"item_purchase_floors":[10,10,10,41,41,41,41,41],"current_hp_per_floor":[95,96,96,96,89,60,66,54,64,113,113,113,112,113,113,107,113,99,99,56,56,56,56,28,28,28,28,28,28,31,37,37,39,39,39,39,39,29,29,17,17,17,17,17,17,12,12,0],"gold":148,"neow_bonus":"TWENTY_PERCENT_HP_BONUS","is_prod":false,"is_daily":false,"chose_seed":false,"campfire_upgraded":6,"win_rate":0.0,"timestamp":1533077919,"path_taken":["M","M","M","M","?","E","M","E","T","?","R","?","M","?","R","BOSS","M","?","?","M","?","R","M","M","T","?","R","?","M","M","R","BOSS","M","?","?","?","?","M","?","?","T","M","R","E","?","?"],"build_version":"2018-07-26","purchased_purges":2,"victory":false,"max_hp_per_floor":[96,96,96,96,96,96,96,96,106,113,113,113,113,113,113,113,113,113,113,56,56,56,56,56,56,56,56,56,39,39,39,39,39,39,39,39,39,39,39,39,39,39,39,39,39,39,39,39],"card_choices":[{"not_picked":["Sword Boomerang","Dual Wield"],"picked":"Sever Soul","floor":1},{"not_picked":["Shrug It Off","Iron Wave"],"picked":"Armaments","floor":2},{"not_picked":["Warcry","Fire Breathing"],"picked":"Shrug It Off","floor":3},{"not_picked":["Headbutt","Warcry"],"picked":"Reckless Charge","floor":4},{"not_picked":["Rupture","Infernal Blade"],"picked":"Berserk","floor":6},{"not_picked":["Flex","Thunderclap"],"picked":"Intimidate","floor":7},{"not_picked":["Flex","Infernal Blade"],"picked":"Searing Blow","floor":8},{"not_picked":["Warcry","Clothesline"],"picked":"Headbutt","floor":13},{"not_picked":["Thunderclap","Body Slam"],"picked":"Metallicize","floor":14},{"not_picked":["Dark Embrace","Berserk"],"picked":"Impervious","floor":16},{"not_picked":["Whirlwind","Perfected Strike"],"picked":"Body Slam","floor":18},{"not_picked":["Heavy Blade","Clothesline"],"picked":"Feel No Pain","floor":21},{"not_picked":["Heavy Blade","Body Slam"],"picked":"Sword Boomerang","floor":24},{"not_picked":["Armaments","Sword Boomerang+1"],"picked":"Barricade","floor":25},{"not_picked":["Thunderclap+1","Sword Boomerang"],"picked":"Pommel Strike","floor":27},{"not_picked":["Pommel Strike","Clash"],"picked":"Warcry","floor":30},{"not_picked":["Cleave","Reckless Charge"],"picked":"Warcry","floor":31},{"not_picked":["Brutality","Limit Break"],"picked":"Reaper","floor":33},{"not_picked":["Anger+1","Twin Strike+1"],"picked":"Thunderclap+1","floor":35},{"not_picked":["Body Slam","Dual Wield+1"],"picked":"True Grit+1","floor":37},{"not_picked":["Trip","Flash of Steel"],"picked":"Jack Of All Trades","floor":38},{"not_picked":["Purity","Swift Strike"],"picked":"Mind Blast","floor":38},{"not_picked":["Dark Shackles","Transmutation"],"picked":"Dramatic Entrance","floor":38},{"not_picked":["Twin Strike+1","Cleave"],"picked":"Iron Wave+1","floor":40},{"not_picked":["Sword Boomerang+1","Perfected Strike"],"picked":"Burning Pact+1","floor":42},{"not_picked":["Dropkick+1","Anger+1"],"picked":"Headbutt+1","floor":44},{"not_picked":["Disarm+1","Hemokinesis+1"],"picked":"Rage","floor":46}],"player_experience":95801,"relics_obtained":[{"floor":6,"key":"Old Coin"},{"floor":8,"key":"Whetstone"},{"floor":9,"key":"Pear"},{"floor":26,"key":"MawBank"},{"floor":26,"key":"Red Skull"},{"floor":37,"key":"Gambling Chip"},{"floor":43,"key":"Tiny Chest"},{"floor":43,"key":"Self Forming Clay"},{"floor":46,"key":"Smiling Mask"},{"floor":47,"key":"Dodecahedron"}],"event_choices":[{"event_name":"Golden Wing","player_choice":"Card Removal","floor":5,"damage_taken":0},{"event_name":"Purifier","player_choice":"One Purge","floor":12,"damage_taken":0},{"event_name":"The Library","player_choice":"Read","floor":19,"damage_taken":0},{"event_name":"Ghosts","player_choice":"Became a Ghost","floor":20,"damage_taken":0},{"event_name":"The Mausoleum","player_choice":"Yes","floor":22,"damage_taken":0},{"event_name":"Vampires","player_choice":"Became a vampire","floor":29,"damage_taken":0},{"event_name":"WeMeetAgain","player_choice":"Gold","floor":36,"damage_taken":0},{"event_name":"Mysterious Sphere","player_choice":"Fight","floor":37,"damage_taken":0},{"event_name":"SensoryStone","player_choice":"Memory 3","floor":38,"damage_taken":0},{"event_name":"MindBloom","player_choice":"Upgrade","floor":39,"damage_taken":0}],"is_beta":false,"boss_relics":[{"not_picked":["Snecko Eye","Busted Crown"],"picked":"Mark of Pain"},{"not_picked":["Fusion Hammer","Eternal Feather"],"picked":"Black Blood"}],"items_purged_floors":[10,41],"is_endless":false,"potions_floor_spawned":[1,2,7,8,16,18,24,30,31,33,40],"killed_by":"Maw","ascension_level":0}