{"gold_per_floor":[116,18,18,31,43,63,63,63,115,115,115,125,145,161,161,259,259,273,286,286,286,286],"floor_reached":22,"playtime":3325,"items_purged":[],"score":203,"play_id":"e41acc1c-34de-4ae3-86d0-3d9dbaeb0ba0","local_time":"20180729182122","is_ascension_mode":false,"campfire_choices":[{"data":"Madness","floor":7,"key":"SMITH"},{"data":"Defend_R","floor":11,"key":"SMITH"},{"floor":15,"key":"REST"}],"neow_cost":"","seed_source_timestamp":23319245772591,"circlet_count":0,"master_deck":["Defend_R+1","Defend_R+1","Defend_R+1","Bash","Armaments","Madness+1","Juggernaut+1","Headbutt","Demon Form","Sword Boomerang","Blood for Blood","Clothesline","Feel No Pain","Feed","Battle Trance","Pommel Strike+1","Bite","Bite","Bite","Bite","Bite"],"relics":["Burning Blood","Ancient Tea Set","Philosopher\u0027s Stone"],"potions_floor_usage":[16],"damage_taken":[{"damage":1,"enemies":"Small Slimes","floor":1,"turns":3},{"damage":1,"enemies":"Cultist","floor":4,"turns":4},{"damage":2,"enemies":"2 Louse","floor":5,"turns":4},{"damage":11,"enemies":"Large Slime","floor":6,"turns":7},{"damage":7,"enemies":"Blue Slaver","floor":12,"turns":2},{"damage":15,"enemies":"Looter","floor":13,"turns":3},{"damage":13,"enemies":"Large Slime","floor":14,"turns":6},{"damage":40,"enemies":"The Guardian","floor":16,"turns":11},{"damage":45,"enemies":"Spheric Guardian","floor":18,"turns":6},{"damage":39,"enemies":"3 Byrds","floor":19,"turns":4},{"damage":19,"enemies":"Sentry and Sphere","floor":22,"turns":3}],"seed_played":"-4993679164006410153","potions_obtained":[{"floor":1,"key":"AttackPotion"},{"floor":12,"key":"SneckoOil"},{"floor":13,"key":"Fire Potion"},{"floor":19,"key":"Dexterity Potion"}],"is_trial":false,"path_per_floor":["M","$","?","M","M","M","R","?","T","?","R","M","M","M","R","B",null,"M","M","?","?"],"character_chosen":"IRONCLAD","items_purchased":["Madness"],"campfire_rested":1,"item_purchase_floors":[2],"current_hp_per_floor":[80,80,80,80,80,75,75,75,75,75,75,74,65,58,80,46,80,41,8,8,8,0],"gold":286,"neow_bonus":"","is_prod":false,"is_daily":false,"chose_seed":false,"campfire_upgraded":2,"win_rate":0.0,"timestamp":1532881282,"path_taken":["M","$","?","M","M","M","R","?","T","?","R","M","M","M","R","BOSS","M","M","?","?","M"],"build_version":"2018-07-26","purchased_purges":0,"victory":false,"max_hp_per_floor":[80,80,80,80,80,80,80,80,80,80,80,80,80,80,80,80,80,80,80,80,56,56],"card_choices":[{"not_picked":["Second Wind","Iron Wave"],"picked":"Armaments","floor":1},{"not_picked":["Shrug It Off","Warcry"],"picked":"Headbutt","floor":4},{"not_picked":["Twin Strike","Flex"],"picked":"Demon Form","floor":5},{"not_picked":["Clash","Reckless Charge"],"picked":"Sword Boomerang","floor":6},{"not_picked":["Armaments","Cleave"],"picked":"Blood for Blood","floor":12},{"not_picked":["True Grit","Twin Strike"],"picked":"Clothesline","floor":13},{"not_picked":["Intimidate","Warcry"],"picked":"Feel No Pain","floor":14},{"not_picked":["Bludgeon","Fiend Fire"],"picked":"Feed","floor":16},{"not_picked":["Dual Wield+1","Pommel Strike"],"picked":"Battle Trance","floor":18},{"not_picked":["Sword Boomerang+1","Thunderclap"],"picked":"Pommel Strike+1","floor":19}],"player_experience":0,"relics_obtained":[{"floor":9,"key":"Ancient Tea Set"}],"event_choices":[{"event_name":"Transmorgrifier","player_choice":"Transform","floor":3,"damage_taken":0},{"event_name":"The Cleric","player_choice":"Leave","floor":8,"damage_taken":0},{"event_name":"Living Wall","player_choice":"Grow","floor":10,"damage_taken":0},{"event_name":"Back to Basics","player_choice":"Simplicity","floor":20,"damage_taken":0},{"event_name":"Vampires","player_choice":"Became a vampire","floor":21,"damage_taken":0}],"is_beta":false,"boss_relics":[{"not_picked":["Coffee Dripper","Snecko Eye"],"picked":"Philosopher\u0027s Stone"}],"items_purged_floors":[],"is_endless":false,"potions_floor_spawned":[1,12,13,19],"killed_by":"Sentry and Sphere","ascension_level":0}