{"gold_per_floor":[113,5,5,5,19,50,62,62,62,62,62,62,82,92,92,164,164,136,136],"floor_reached":19,"playtime":1212,"items_purged":[],"score":384,"play_id":"a08a3f6b-ab17-4a70-ac32-b63580bd90e8","local_time":"20190813113019","is_ascension_mode":true,"campfire_choices":[{"data":"Footwork","floor":8.0,"key":"SMITH"},{"data":"Footwork","floor":10.0,"key":"SMITH"},{"data":"Tactician","floor":15.0,"key":"SMITH"}],"neow_cost":"NONE","seed_source_timestamp":1737506801391858,"circlet_count":0,"master_deck":["AscendersBane","Strike_G","Strike_G","Strike_G","Strike_G","Defend_G","Defend_G","Defend_G","Defend_G","Defend_G","Survivor","Neutralize","Deflect","Footwork+1","Backflip","Reflex","Leg Sweep","Footwork+1","Tactician+1","Dagger Throw","A Thousand Cuts","Skewer"],"special_seed":0,"relics":["Ring of the Snake","NeowsBlessing","Dodecahedron","Question Card","HoveringKite"],"potions_floor_usage":[16,16,16,18],"damage_taken":[{"damage":0.0,"enemies":"Small Slimes","floor":1.0,"turns":1.0},{"damage":0.0,"enemies":"2 Louse","floor":5.0,"turns":1.0},{"damage":0.0,"enemies":"Gremlin Nob","floor":6.0,"turns":1.0},{"damage":2.0,"enemies":"Jaw Worm","floor":7.0,"turns":7.0},{"damage":0.0,"enemies":"Exordium Wildlife","floor":13.0,"turns":8.0},{"damage":5.0,"enemies":"Large Slime","floor":14.0,"turns":14.0},{"damage":8,"enemies":"The Guardian","floor":16,"turns":19},{"damage":9,"enemies":"2 Thieves","floor":18,"turns":4},{"damage":53,"enemies":"Masked Bandits","floor":19,"turns":3}],"seed_played":"-8876678326127903878","potions_obtained":[{"floor":1.0,"key":"LiquidBronze"},{"floor":13.0,"key":"EntropicBrew"},{"floor":16,"key":"Block Potion"}],"is_trial":false,"path_per_floor":["M","$","?","?","M","E","M","R","T","R","?","?","M","M","R","B",null,"M","?"],"character_chosen":"THE_SILENT","items_purchased":["Footwork","Backflip"],"campfire_rested":0,"item_purchase_floors":[2,2],"current_hp_per_floor":[59,59,52,52,52,52,50,50,50,50,50,50,50,45,45,37,59,50,0],"gold":136,"neow_bonus":"THREE_ENEMY_KILL","is_prod":false,"is_daily":false,"chose_seed":false,"campfire_upgraded":3,"win_rate":0,"timestamp":1565721019,"path_taken":["M","$","?","?","M","E","M","R","T","R","?","?","?","M","R","BOSS","M","?"],"build_version":"2019-07-17","purchased_purges":0,"victory":false,"max_hp_per_floor":[66,66,66,66,66,66,66,66,66,66,66,66,66,66,66,66,66,66,66],"card_choices":[{"not_picked":["Flechettes","Underhanded Strike"],"picked":"Deflect","floor":1.0},{"not_picked":["Slice","Setup"],"picked":"Reflex","floor":5.0},{"not_picked":["Dodge and Roll","Infinite Blades"],"picked":"Leg Sweep","floor":6.0},{"not_picked":["Prepared","Poisoned Stab"],"picked":"Footwork","floor":7.0},{"not_picked":["Deadly Poison","Venomology","Dagger Spray"],"picked":"Tactician","floor":13.0},{"not_picked":["Tactician","Blade Dance","Dodge and Roll"],"picked":"Dagger Throw","floor":14.0},{"not_picked":["Glass Knife","Grand Finale","Corpse Explosion"],"picked":"A Thousand Cuts","floor":16},{"not_picked":["Heel Hook+1","Catalyst","Calculated Gamble"],"picked":"Skewer","floor":18}],"player_experience":703796,"relics_obtained":[{"floor":6.0,"key":"Dodecahedron"},{"floor":9.0,"key":"Question Card"}],"event_choices":[{"cards_removed":["Strike_G"],"damage_healed":0.0,"max_hp_gain":0.0,"max_hp_loss":0.0,"gold_gain":0.0,"event_name":"Golden Wing","player_choice":"Card Removal","floor":3.0,"gold_loss":0.0,"damage_taken":7.0},{"damage_healed":0.0,"max_hp_gain":0.0,"max_hp_loss":0.0,"gold_gain":0.0,"event_name":"Liars Game","player_choice":"Ignored","floor":4.0,"gold_loss":0.0,"damage_taken":0.0},{"damage_healed":0.0,"max_hp_gain":0.0,"max_hp_loss":0.0,"gold_gain":0.0,"event_name":"Scrap Ooze","player_choice":"Fled","floor":11.0,"gold_loss":0.0,"damage_taken":0.0},{"damage_healed":0.0,"max_hp_gain":0.0,"max_hp_loss":0.0,"gold_gain":0.0,"event_name":"Dead Adventurer","player_choice":"Searched \u00270\u0027 times","floor":12.0,"gold_loss":0.0,"damage_taken":0.0},{"damage_healed":0,"gold_gain":0,"player_choice":"Fought Bandits","damage_taken":0,"max_hp_gain":0,"max_hp_loss":0,"event_name":"Masked Bandits","floor":19,"gold_loss":0}],"is_beta":false,"boss_relics":[{"not_picked":["Calling Bell","Ectoplasm"],"picked":"HoveringKite"}],"items_purged_floors":[],"is_endless":false,"potions_floor_spawned":[1,13,16],"killed_by":"Masked Bandits","ascension_level":20}