{"gold_per_floor":[219,239,249,266,266,291,291,319,319,319,319,319,329,363,363,466,466,476,37,51,51,69,69,97,97,143,170,170,197,112,35,35,130,130,143,143,156,156,175,206,22,52,76,76,94,94],"floor_reached":46,"playtime":3031,"items_purged":[],"score":780,"play_id":"59a96420-efdd-4767-bc31-a0c7e183442a","local_time":"20190715102355","is_ascension_mode":true,"campfire_choices":[{"data":"Noxious Fumes","floor":7,"key":"SMITH"},{"data":"Crippling Poison","floor":10,"key":"SMITH"},{"data":"Deadly Poison","floor":12,"key":"SMITH"},{"floor":15,"key":"REST"},{"data":"Tactician","floor":23,"key":"SMITH"},{"data":"Catalyst","floor":25,"key":"SMITH"},{"floor":32,"key":"REST"},{"data":"Mind Blast","floor":44,"key":"SMITH"}],"neow_cost":"NONE","seed_source_timestamp":244541645952937,"circlet_count":0,"master_deck":["Survivor","Neutralize","Noxious Fumes+1","Crippling Poison+1","Deadly Poison+1","Dagger Throw","Tactician+1","PiercingWail","Sucker Punch","Backflip","Corpse Explosion","Footwork+1","PiercingWail+1","Flying Knee","Catalyst+1","Footwork+1","Prepared+1","Concentrate","Bullet Time","Prepared","Flying Knee","Endless Agony","Accuracy+1","Reflex","Catalyst","Unload","After Image+1","Backstab","Deadly Poison+1","Madness","Madness","Backflip","Mind Blast+1","Secret Technique","Dark Shackles","Parasite","Outmaneuver+1","Underhanded Strike+1","Mayhem+1","Leg Sweep","Flying Knee+1"],"relics":["Ring of the Snake","Bottled Flame","Shuriken","Mercury Hourglass","Bottled Tornado","Runic Pyramid","Frozen Egg 2","War Paint","Happy Flower","Oddly Smooth Stone","Blood Vial","Gremlin Horn","Bronze Scales","Pandora\u0027s Box","Dodecahedron","Snake Skull"],"potions_floor_usage":[8,8,14,24,40,46,46],"damage_taken":[{"damage":2,"enemies":"Cultist","floor":1,"turns":4},{"damage":5,"enemies":"Small Slimes","floor":2,"turns":4},{"damage":0,"enemies":"2 Louse","floor":3,"turns":3},{"damage":0,"enemies":"Looter","floor":4,"turns":5},{"damage":23,"enemies":"Lagavulin","floor":6,"turns":7},{"damage":21,"enemies":"3 Sentries","floor":8,"turns":6},{"damage":6,"enemies":"Exordium Wildlife","floor":13,"turns":3},{"damage":14,"enemies":"Gremlin Nob","floor":14,"turns":4},{"damage":3,"enemies":"Slime Boss","floor":16,"turns":8},{"damage":0,"enemies":"3 Byrds","floor":18,"turns":3},{"damage":0,"enemies":"Spheric Guardian","floor":20,"turns":4},{"damage":13,"enemies":"Snake Plant","floor":22,"turns":5},{"damage":8,"enemies":"Book of Stabbing","floor":24,"turns":8},{"damage":0,"enemies":"Gremlin Leader","floor":27,"turns":6},{"damage":27,"enemies":"Slavers","floor":29,"turns":3},{"damage":3,"enemies":"Champ","floor":33,"turns":8},{"damage":0,"enemies":"3 Shapes","floor":35,"turns":2},{"damage":0,"enemies":"3 Darklings","floor":37,"turns":4},{"damage":6,"enemies":"Writhing Mass","floor":39,"turns":5},{"damage":12,"enemies":"Reptomancer","floor":40,"turns":5},{"damage":15,"enemies":"Nemesis","floor":42,"turns":5},{"damage":15,"enemies":"Spire Growth","floor":45,"turns":4},{"damage":13,"enemies":"4 Shapes","floor":46,"turns":1}],"seed_played":"2323673007448471066","potions_obtained":[{"floor":1,"key":"Explosive Potion"},{"floor":2,"key":"SpeedPotion"},{"floor":6,"key":"Energy Potion"},{"floor":14,"key":"Fire Potion"},{"floor":20,"key":"Block Potion"},{"floor":22,"key":"SteroidPotion"},{"floor":29,"key":"Strength Potion"},{"floor":42,"key":"SneckoOil"}],"is_trial":false,"path_per_floor":["M","M","M","M","?","E","R","E","T","R","?","R","M","E","R","B",null,"M","$","M","?","M","R","E","R","T","E","?","E","?","$","R","B",null,"M","?","M","?","M","E","$","E","T","R","M","M"],"character_chosen":"THE_SILENT","items_purchased":["Well Laid Plans","Frozen Egg 2","War Paint","Concentrate","Mayhem+1"],"campfire_rested":2,"item_purchase_floors":[19,19,19,31,41],"current_hp_per_floor":[68,63,63,63,68,45,45,24,24,24,24,24,18,4,26,23,62,62,62,62,62,49,49,41,41,41,41,27,2,2,2,26,25,66,68,58,60,50,46,36,36,23,23,23,10,0],"gold":94,"neow_bonus":"HUNDRED_GOLD","is_prod":false,"is_daily":false,"chose_seed":false,"campfire_upgraded":6,"win_rate":0,"timestamp":1563211435,"path_taken":["M","M","M","?","?","E","R","E","T","R","?","R","M","E","R","BOSS","M","$","?","?","M","R","E","R","T","E","?","E","?","$","R","BOSS","M","?","M","?","M","E","?","E","T","R","M","M"],"build_version":"2019-07-05","purchased_purges":0,"victory":false,"max_hp_per_floor":[70,70,70,70,75,75,75,75,75,75,75,75,75,75,75,75,75,75,75,75,75,75,75,75,75,75,75,80,80,80,80,80,80,80,80,80,80,80,80,80,80,80,80,80,80,80],"card_choices":[{"not_picked":["Predator","Concentrate"],"picked":"Noxious Fumes","floor":1},{"not_picked":["Prepared","Acrobatics"],"picked":"Crippling Poison","floor":2},{"not_picked":["PiercingWail","Masterful Stab"],"picked":"Deadly Poison","floor":3},{"not_picked":["Quick Slash","Prepared"],"picked":"Dagger Throw","floor":4},{"not_picked":["Dagger Spray","Crippling Poison"],"picked":"Tactician","floor":6},{"not_picked":["Dash","Predator"],"picked":"PiercingWail","floor":8},{"not_picked":["Riddle With Holes","Backstab"],"picked":"Sucker Punch","floor":13},{"not_picked":["Endless Agony","Setup"],"picked":"Backflip","floor":14},{"not_picked":["Malaise","Unload"],"picked":"Corpse Explosion","floor":16},{"not_picked":["Slice","Endless Agony+1"],"picked":"Footwork+1","floor":18},{"not_picked":["Choke+1","Dodge and Roll"],"picked":"PiercingWail+1","floor":20},{"not_picked":["Deflect","Setup"],"picked":"Flying Knee","floor":22},{"not_picked":["Slice","Sucker Punch"],"picked":"Catalyst","floor":24},{"not_picked":["Deflect","Acrobatics+1"],"picked":"Footwork+1","floor":27},{"not_picked":["Dagger Spray+1","Escape Plan+1"],"picked":"Prepared+1","floor":29},{"not_picked":["Envenom+1","Phantasmal Killer"],"picked":"Bullet Time","floor":33},{"not_picked":["Dash+1","Outmaneuver"],"picked":"Deadly Poison+1","floor":35},{"not_picked":["Blade Dance+1","Deadly Poison"],"picked":"Backflip","floor":37},{"not_picked":["PanicButton","Deep Breath"],"picked":"Mind Blast","floor":38},{"not_picked":["Madness","Good Instincts"],"picked":"Secret Technique","floor":38},{"not_picked":["Enlightenment","Forethought"],"picked":"Dark Shackles","floor":38},{"not_picked":["Acrobatics","Skewer+1"],"picked":"Outmaneuver+1","floor":39},{"not_picked":["Acrobatics","Sucker Punch+1"],"picked":"Underhanded Strike+1","floor":40},{"not_picked":["Distraction","Dagger Spray+1"],"picked":"Leg Sweep","floor":42},{"not_picked":["Outmaneuver","Well Laid Plans+1"],"picked":"Flying Knee+1","floor":45}],"player_experience":264795,"relics_obtained":[{"floor":6,"key":"Bottled Flame"},{"floor":8,"key":"Shuriken"},{"floor":9,"key":"Mercury Hourglass"},{"floor":14,"key":"Bottled Tornado"},{"floor":24,"key":"Happy Flower"},{"floor":26,"key":"Oddly Smooth Stone"},{"floor":27,"key":"Blood Vial"},{"floor":29,"key":"Gremlin Horn"},{"floor":40,"key":"Dodecahedron"},{"floor":42,"key":"Snake Skull"}],"event_choices":[{"damage_healed":0,"gold_gain":0,"player_choice":"Donut","damage_taken":0,"max_hp_gain":5,"max_hp_loss":0,"event_name":"Big Fish","floor":5,"gold_loss":0},{"cards_removed":["Strike_G"],"damage_healed":0,"gold_gain":0,"player_choice":"Purged","damage_taken":0,"max_hp_gain":0,"max_hp_loss":0,"event_name":"Purifier","floor":11,"gold_loss":0},{"cards_removed":["Well Laid Plans"],"damage_healed":0,"gold_gain":0,"player_choice":"Elegance","damage_taken":0,"max_hp_gain":0,"max_hp_loss":0,"event_name":"Back to Basics","floor":21,"gold_loss":0},{"damage_healed":0,"gold_gain":0,"player_choice":"Shed Blood","damage_taken":19,"max_hp_gain":5,"max_hp_loss":0,"event_name":"Forgotten Altar","floor":28,"gold_loss":0},{"damage_healed":0,"gold_gain":0,"player_choice":"Obtained Relic","damage_taken":0,"relics_obtained":["Bronze Scales"],"max_hp_gain":0,"max_hp_loss":0,"event_name":"Addict","floor":30,"gold_loss":85},{"damage_healed":0,"gold_gain":0,"player_choice":"Embrace Madness","damage_taken":10,"max_hp_gain":0,"max_hp_loss":0,"event_name":"Winding Halls","floor":36,"gold_loss":0,"cards_obtained":["Madness","Madness"]},{"damage_healed":0,"gold_gain":0,"player_choice":"Memory 3","damage_taken":10,"max_hp_gain":0,"max_hp_loss":0,"event_name":"SensoryStone","floor":38,"gold_loss":0}],"is_beta":false,"boss_relics":[{"not_picked":["Busted Crown","Coffee Dripper"],"picked":"Runic Pyramid"},{"not_picked":["White Beast Statue","Ring of the Serpent"],"picked":"Pandora\u0027s Box"}],"items_purged_floors":[],"is_endless":false,"potions_floor_spawned":[1,2,6,14,20,22,29,35,42],"killed_by":"4 Shapes","ascension_level":5}