{"gold_per_floor":[115,115,126,7,26,56,56,91,137,212,223,223,250,269,269,366,366,376,376,66,81,99,99,130,144,144,161,161,189,189,189,189,289,289,300,316,327,327,327,327,362,362,385,385,396,410,425,441,441,441],"floor_reached":50,"playtime":6075,"items_purged":[],"score":612,"play_id":"c770c0e7-66d7-4950-938f-2c7cfc432fc9","local_time":"20190709110627","is_ascension_mode":true,"campfire_choices":[{"data":"Terror","floor":7,"key":"SMITH"},{"floor":12,"key":"REST"},{"floor":15,"key":"REST"},{"floor":23,"key":"REST"},{"floor":28,"key":"REST"},{"floor":30,"key":"REST"},{"data":"Magnetism","floor":32,"key":"SMITH"},{"floor":40,"key":"REST"},{"floor":42,"key":"REST"},{"floor":44,"key":"REST"},{"floor":49,"key":"RECALL"}],"neow_cost":"NONE","seed_source_timestamp":601175493043803,"circlet_count":0,"master_deck":["Strike_G","Strike_G","Strike_G","Strike_G","Strike_G","Defend_G","Defend_G","Defend_G","Defend_G","Defend_G","Survivor","Neutralize","A Thousand Cuts","Dodge and Roll","Terror+1","Crippling Poison","PiercingWail","Dash","Backflip","Acrobatics+1","Outmaneuver","Dagger Throw","Leg Sweep","Malaise","Noxious Fumes+1","Magnetism+1","Backflip","Heel Hook","PiercingWail+1","Acrobatics+1","Underhanded Strike","Eviscerate","Die Die Die","Prepared","Bullet Time","Underhanded Strike","Backflip+1","Flying Knee+1","Crippling Poison+1","Cloak And Dagger","Bane","Bouncing Flask","Underhanded Strike"],"relics":["Ring of the Snake","Darkstone Periapt","Omamori","Orichalcum","Vajra","HoveringKite","Bottled Tornado","Tough Bandages","Frozen Egg 2","Lizard Tail","Incense Burner"],"potions_floor_usage":[6,8,27,33,41,45,45],"damage_taken":[{"damage":3,"enemies":"Jaw Worm","floor":1,"turns":7},{"damage":0,"enemies":"2 Louse","floor":3,"turns":5},{"damage":2,"enemies":"Cultist","floor":5,"turns":5},{"damage":17,"enemies":"Gremlin Nob","floor":6,"turns":5},{"damage":19,"enemies":"3 Sentries","floor":8,"turns":10},{"damage":2,"enemies":"Blue Slaver","floor":11,"turns":4},{"damage":11,"enemies":"Lagavulin","floor":13,"turns":9},{"damage":0,"enemies":"Looter","floor":14,"turns":4},{"damage":24,"enemies":"Hexaghost","floor":16,"turns":15},{"damage":12,"enemies":"Chosen","floor":18,"turns":8},{"damage":25,"enemies":"Shell Parasite","floor":21,"turns":7},{"damage":18,"enemies":"Snake Plant","floor":22,"turns":6},{"damage":13,"enemies":"Book of Stabbing","floor":24,"turns":8},{"damage":0,"enemies":"Snecko","floor":25,"turns":5},{"damage":22,"enemies":"3 Cultists","floor":27,"turns":6},{"damage":2,"enemies":"Gremlin Leader","floor":29,"turns":7},{"damage":14,"enemies":"Automaton","floor":33,"turns":11},{"damage":19,"enemies":"3 Darklings","floor":35,"turns":7},{"damage":2,"enemies":"Orb Walker","floor":36,"turns":4},{"damage":43,"enemies":"Spire Growth","floor":37,"turns":6},{"damage":15,"enemies":"Nemesis","floor":41,"turns":8},{"damage":39,"enemies":"Transient","floor":45,"turns":5},{"damage":0,"enemies":"3 Darklings","floor":46,"turns":4},{"damage":22,"enemies":"Spire Growth","floor":47,"turns":6},{"damage":2,"enemies":"Jaw Worm Horde","floor":48,"turns":4},{"damage":37,"enemies":"Time Eater","floor":50,"turns":4}],"seed_played":"6684206356600482892","potions_obtained":[{"floor":1,"key":"Poison Potion"},{"floor":3,"key":"AttackPotion"},{"floor":8,"key":"SteroidPotion"},{"floor":18,"key":"Poison Potion"},{"floor":27,"key":"Block Potion"},{"floor":33,"key":"SteroidPotion"},{"floor":35,"key":"Fire Potion"},{"floor":36,"key":"PowerPotion"},{"floor":46,"key":"Strength Potion"}],"is_trial":false,"path_per_floor":["M","?","M","$","M","E","R","E","T","?","M","R","E","M","R","B",null,"M","?","$","M","M","R","E","M","T","M","R","E","R","?","R","B",null,"M","M","M","?","?","R","E","R","T","R","M","M","M","M","R","B"],"character_chosen":"THE_SILENT","items_purchased":["Crippling Poison","PiercingWail","Magnetism","Backflip","Heel Hook"],"campfire_rested":8,"item_purchase_floors":[4,4,20,20,20],"current_hp_per_floor":[67,67,67,67,65,48,48,29,29,22,20,41,30,30,51,27,70,58,58,58,33,15,36,23,23,23,1,22,20,41,41,41,27,70,51,49,6,6,6,27,12,33,33,54,15,15,35,33,33,0],"gold":441,"neow_bonus":"ONE_RANDOM_RARE_CARD","is_prod":false,"is_daily":false,"chose_seed":false,"campfire_upgraded":2,"win_rate":0,"timestamp":1562695587,"path_taken":["M","?","M","$","M","E","R","E","T","?","M","R","E","?","R","BOSS","M","?","$","M","M","R","E","M","T","M","R","E","R","?","R","BOSS","M","M","M","?","?","R","E","R","T","R","M","M","M","?","R","BOSS"],"build_version":"2019-07-05","purchased_purges":0,"victory":false,"max_hp_per_floor":[70,70,70,70,70,70,70,70,70,70,70,70,70,70,70,70,70,70,70,70,70,70,70,70,70,70,70,70,70,70,70,70,70,70,70,70,70,70,70,70,70,70,70,70,70,70,70,70,70,70],"card_choices":[{"not_picked":["Backstab","Distraction"],"picked":"Dodge and Roll","floor":1},{"not_picked":["Dagger Throw","Poisoned Stab"],"picked":"Terror","floor":3},{"not_picked":["Catalyst","Deflect"],"picked":"Dash","floor":5},{"not_picked":["Riddle With Holes","Infinite Blades"],"picked":"Backflip","floor":6},{"not_picked":["Bane","Caltrops"],"picked":"Acrobatics","floor":8},{"not_picked":["Corpse Explosion","Skewer"],"picked":"Outmaneuver","floor":11},{"not_picked":["Poisoned Stab","Doppelganger"],"picked":"Dagger Throw","floor":13},{"not_picked":["Deflect","PiercingWail"],"picked":"Leg Sweep","floor":14},{"not_picked":["Unload","Bullet Time"],"picked":"Malaise","floor":16},{"not_picked":["Infinite Blades","Bane"],"picked":"Noxious Fumes+1","floor":18},{"not_picked":["Backflip","Caltrops+1"],"picked":"PiercingWail+1","floor":21},{"not_picked":["Backflip+1","Backstab"],"picked":"Acrobatics+1","floor":22},{"not_picked":["Skewer","Finisher","Dash"],"picked":"SKIP","floor":24},{"not_picked":["Cloak And Dagger+1","Malaise"],"picked":"Underhanded Strike","floor":25},{"not_picked":["Deflect+1","Slice"],"picked":"Eviscerate","floor":27},{"not_picked":["Infinite Blades","PiercingWail"],"picked":"Die Die Die","floor":29},{"not_picked":["Wraith Form v2+1","Glass Knife"],"picked":"Bullet Time","floor":33},{"not_picked":["Sucker Punch+1","Blur+1"],"picked":"Underhanded Strike","floor":35},{"not_picked":["Backstab","Slice+1"],"picked":"Backflip+1","floor":36},{"not_picked":["PiercingWail","Quick Slash"],"picked":"Flying Knee+1","floor":37},{"not_picked":["Tools of the Trade+1","Dodge and Roll"],"picked":"Crippling Poison+1","floor":41},{"not_picked":["Deadly Poison+1","Poisoned Stab+1"],"picked":"Cloak And Dagger","floor":45},{"not_picked":["Finisher+1","Deflect"],"picked":"Bane","floor":46},{"not_picked":["Deflect","Blade Dance+1"],"picked":"Bouncing Flask","floor":47},{"not_picked":["Blade Dance","PiercingWail+1"],"picked":"Underhanded Strike","floor":48}],"player_experience":152854,"relics_obtained":[{"floor":6,"key":"Darkstone Periapt"},{"floor":8,"key":"Omamori"},{"floor":9,"key":"Orichalcum"},{"floor":13,"key":"Vajra"},{"floor":24,"key":"Bottled Tornado"},{"floor":26,"key":"Tough Bandages"},{"floor":29,"key":"Frozen Egg 2"},{"floor":41,"key":"Incense Burner"}],"event_choices":[{"damage_healed":0,"gold_gain":0,"player_choice":"Ignored","damage_taken":0,"max_hp_gain":0,"max_hp_loss":0,"event_name":"Liars Game","floor":2,"gold_loss":0},{"damage_healed":0,"gold_gain":75,"player_choice":"Touch","damage_taken":7,"max_hp_gain":0,"max_hp_loss":0,"event_name":"FaceTrader","floor":10,"gold_loss":0},{"damage_healed":0,"gold_gain":0,"player_choice":"Ignored","damage_taken":0,"max_hp_gain":0,"max_hp_loss":0,"event_name":"Ghosts","floor":19,"gold_loss":0},{"damage_healed":0,"gold_gain":0,"player_choice":"Read","damage_taken":0,"max_hp_gain":0,"max_hp_loss":0,"event_name":"The Library","floor":31,"gold_loss":0,"cards_obtained":["Prepared"]},{"damage_healed":0,"gold_gain":0,"player_choice":"Ignored","damage_taken":0,"max_hp_gain":0,"max_hp_loss":0,"event_name":"Mysterious Sphere","floor":38,"gold_loss":0},{"damage_healed":0,"gold_gain":0,"player_choice":"Upgraded","damage_taken":0,"max_hp_gain":0,"max_hp_loss":0,"event_name":"Upgrade Shrine","floor":39,"gold_loss":0,"cards_upgraded":["Acrobatics"]}],"is_beta":false,"boss_relics":[{"not_picked":["Astrolabe","Philosopher\u0027s Stone"],"picked":"HoveringKite"},{"not_picked":["Busted Crown","White Beast Statue"],"picked":"Lizard Tail"}],"items_purged_floors":[],"is_endless":false,"potions_floor_spawned":[1,3,8,18,27,33,35,36,46],"killed_by":"Time Eater","ascension_level":2}