{"gold_per_floor":[110,126,25,43,57,88,88,115,140,158,158,174,199,211,211,284,284,284,38,38,38,38,38,38,38,38,38,38,38,38,38,38,38],"floor_reached":33,"playtime":3247,"items_purged":[],"score":506,"play_id":"b4e47854-5284-4a0f-8c18-6275f407205b","local_time":"20190730120919","is_ascension_mode":true,"campfire_choices":[{"data":"Outmaneuver","floor":7.0,"key":"SMITH"},{"floor":11.0,"key":"REST"},{"floor":15.0,"key":"REST"},{"data":"Terror","floor":23.0,"key":"SMITH"},{"floor":25.0,"key":"REST"},{"floor":32.0,"key":"REST"}],"neow_cost":"NONE","seed_source_timestamp":526590853881611,"circlet_count":0,"master_deck":["AscendersBane","Strike_G","Strike_G","Strike_G","Strike_G","Defend_G","Defend_G","Defend_G","Defend_G","Defend_G","Survivor","Neutralize","Blur","Caltrops","Acrobatics","Footwork","Dagger Spray","Dagger Throw","Outmaneuver+1","Backflip","All Out Attack","Outmaneuver","Well Laid Plans","Predator","Backstab","Corpse Explosion","Flying Knee","Terror+1","Riddle With Holes+1","Bullet Time","Dagger Throw","Tools of the Trade","Sucker Punch"],"special_seed":0,"relics":["Ring of the Snake","Vajra","Odd Mushroom","Orichalcum","Ectoplasm","Blood Vial","Nloth\u0027s Gift","Matryoshka","Ancient Tea Set"],"potions_floor_usage":[],"damage_taken":[{"damage":0.0,"enemies":"Jaw Worm","floor":1.0,"turns":6.0},{"damage":0.0,"enemies":"Cultist","floor":2.0,"turns":6.0},{"damage":0.0,"enemies":"2 Louse","floor":4.0,"turns":4.0},{"damage":0.0,"enemies":"Blue Slaver","floor":5.0,"turns":7.0},{"damage":13.0,"enemies":"Lagavulin","floor":6.0,"turns":11.0},{"damage":11.0,"enemies":"The Mushroom Lair","floor":8.0,"turns":4.0},{"damage":7.0,"enemies":"Large Slime","floor":10.0,"turns":8.0},{"damage":12.0,"enemies":"Exordium Wildlife","floor":12.0,"turns":3.0},{"damage":15.0,"enemies":"Gremlin Nob","floor":13.0,"turns":4.0},{"damage":0.0,"enemies":"2 Fungi Beasts","floor":14.0,"turns":2.0},{"damage":22.0,"enemies":"Slime Boss","floor":16.0,"turns":11.0},{"damage":11.0,"enemies":"Shell Parasite","floor":18.0,"turns":5.0},{"damage":8.0,"enemies":"Chosen","floor":21.0,"turns":4.0},{"damage":23.0,"enemies":"Snake Plant","floor":24.0,"turns":3.0},{"damage":17.0,"enemies":"Gremlin Leader","floor":27.0,"turns":6.0},{"damage":0.0,"enemies":"Centurion and Healer","floor":29.0,"turns":2.0},{"damage":22.0,"enemies":"Sentry and Sphere","floor":30.0,"turns":5.0},{"damage":0.0,"enemies":"Snake Plant","floor":31.0,"turns":3.0},{"damage":26,"enemies":"Collector","floor":33,"turns":6}],"seed_played":"-8501608375168348186","potions_obtained":[{"floor":1.0,"key":"Strength Potion"},{"floor":5.0,"key":"Ancient Potion"},{"floor":6.0,"key":"GamblersBrew"},{"floor":8.0,"key":"Poison Potion"},{"floor":16.0,"key":"Energy Potion"},{"floor":27.0,"key":"FearPotion"},{"floor":31.0,"key":"Energy Potion"}],"is_trial":false,"path_per_floor":["M","M","$","M","M","E","R","?","T","M","R","M","E","M","R","B",null,"M","$","?","M","$","R","M","R","T","E","$","M","M","M","R","B"],"character_chosen":"THE_SILENT","items_purchased":["Footwork","Dagger Spray","Terror","Blood Vial"],"campfire_rested":4,"item_purchase_floors":[3,3,19,19],"current_hp_per_floor":[59,59,59,59,59,46,46,35,35,28,47,35,20,20,39,17,54,43,43,43,37,37,37,16,35,35,20,20,22,2,4,23,0],"gold":38,"neow_bonus":"TRANSFORM_CARD","is_prod":false,"is_daily":false,"chose_seed":false,"campfire_upgraded":2,"win_rate":0,"timestamp":1564513759,"path_taken":["M","M","$","M","M","E","R","?","T","M","R","M","E","M","R","BOSS","M","$","?","M","?","R","?","R","T","E","?","M","M","?","R","BOSS"],"build_version":"2019-07-17","purchased_purges":0,"victory":false,"max_hp_per_floor":[66,66,66,66,66,66,66,66,66,66,66,66,66,66,66,66,66,66,66,66,66,66,66,66,66,66,66,66,66,66,66,66,66],"card_choices":[{"not_picked":["Outmaneuver","Cloak And Dagger"],"picked":"Caltrops","floor":1.0},{"not_picked":["Crippling Poison","Slice"],"picked":"Acrobatics","floor":2.0},{"not_picked":["Masterful Stab","Poisoned Stab"],"picked":"Dagger Throw","floor":4.0},{"not_picked":["Masterful Stab","Quick Slash"],"picked":"Outmaneuver","floor":5.0},{"not_picked":["Deadly Poison","Riddle With Holes"],"picked":"Backflip","floor":6.0},{"not_picked":["Blade Dance","Grand Finale"],"picked":"All Out Attack","floor":8.0},{"not_picked":["Catalyst","Dagger Throw"],"picked":"Outmaneuver","floor":10.0},{"not_picked":["Dagger Spray","Distraction"],"picked":"Well Laid Plans","floor":12.0},{"not_picked":["Cloak And Dagger","Acrobatics"],"picked":"Predator","floor":13.0},{"not_picked":["Cloak And Dagger","Poisoned Stab","Setup"],"picked":"SKIP","floor":14.0},{"not_picked":["Poisoned Stab","All Out Attack"],"picked":"Backstab","floor":15.0},{"not_picked":["Grand Finale","Die Die Die"],"picked":"Corpse Explosion","floor":16.0},{"not_picked":["Deadly Poison","Predator"],"picked":"Flying Knee","floor":18.0},{"not_picked":["Footwork","Dagger Throw"],"picked":"Riddle With Holes+1","floor":21.0},{"not_picked":["Dagger Throw","Poisoned Stab"],"picked":"Bullet Time","floor":24.0},{"not_picked":["Infinite Blades","Slice+1"],"picked":"Dagger Throw","floor":27.0},{"not_picked":["Deflect","Cloak And Dagger"],"picked":"Tools of the Trade","floor":29.0},{"not_picked":["Acrobatics","Catalyst","Outmaneuver"],"picked":"SKIP","floor":30.0},{"not_picked":["Acrobatics","Dagger Spray"],"picked":"Sucker Punch","floor":31.0}],"player_experience":551181,"relics_obtained":[{"floor":6.0,"key":"Vajra"},{"floor":8.0,"key":"Odd Mushroom"},{"floor":9.0,"key":"Orichalcum"},{"floor":13.0,"key":"Dream Catcher"},{"floor":26.0,"key":"Matryoshka"},{"floor":27.0,"key":"Ancient Tea Set"}],"event_choices":[{"damage_healed":0.0,"max_hp_gain":0.0,"max_hp_loss":0.0,"gold_gain":0.0,"event_name":"Mushrooms","player_choice":"Fought Mushrooms","floor":8.0,"gold_loss":0.0,"damage_taken":0.0},{"damage_healed":0.0,"max_hp_gain":0.0,"max_hp_loss":0.0,"gold_gain":0.0,"event_name":"N\u0027loth","player_choice":"Traded Relic","floor":20.0,"relics_lost":["Dream Catcher"],"gold_loss":0.0,"damage_taken":0.0,"relics_obtained":["Nloth\u0027s Gift"]}],"is_beta":false,"boss_relics":[{"not_picked":["White Beast Statue","Tiny House"],"picked":"Ectoplasm"}],"items_purged_floors":[],"is_endless":false,"potions_floor_spawned":[1,5,6,8,16,27,29,30,31],"killed_by":"Collector","ascension_level":16}