{"gold_per_floor":[139,150,325,337,337,372,392,392,416,432,453,37,50,63,63,189,189,144,144,67,67,67,67,67,67,67,67,0,0,0,0,0,0],"floor_reached":33,"playtime":4524,"items_purged":[],"score":394,"play_id":"b23ed7a7-85c6-46bc-a7fa-af23bf2f786b","local_time":"20180731152035","is_ascension_mode":false,"campfire_choices":[{"data":"Bouncing Flask","floor":15,"key":"SMITH"},{"data":"Envenom","floor":23,"key":"SMITH"},{"data":"Backflip","floor":25,"key":"SMITH"},{"data":"Sucker Punch","floor":27,"key":"SMITH"},{"floor":30,"key":"REST"},{"data":"Blur","floor":32,"key":"SMITH"}],"neow_cost":"NONE","seed_source_timestamp":184071068942024,"circlet_count":0,"master_deck":["Defend_G","Defend_G","Defend_G","Defend_G","Defend_G","Strike_G","Strike_G","Strike_G","Strike_G","Strike_G","Survivor","Neutralize","Bouncing Flask+1","Acrobatics","Doubt","Sucker Punch+1","Injury","Backflip+1","Dodge and Roll","Acrobatics","Footwork","Bandage Up","Deflect","Noxious Fumes","Dagger Spray","Envenom+1","Prepared+1","Ghostly","Ghostly","Ghostly","Ghostly","Ghostly","J.A.X.","Dagger Throw","Caltrops","Blur+1","Deadly Poison"],"relics":["Ring of the Snake","Tiny Chest","Golden Idol","Du-Vu Doll","Gremlin Horn","Lantern","Happy Flower","Bronze Scales","Ectoplasm","Pear","Bird Faced Urn","Enchiridion"],"potions_floor_usage":[6,7,16,16,16,16,16,18,18,18,18,33,33],"damage_taken":[{"damage":0,"enemies":"Small Slimes","floor":1,"turns":6},{"damage":2,"enemies":"Jaw Worm","floor":2,"turns":3},{"damage":0,"enemies":"2 Louse","floor":4,"turns":3},{"damage":31,"enemies":"Lagavulin","floor":6,"turns":8},{"damage":2,"enemies":"Exordium Wildlife","floor":7,"turns":5},{"damage":0,"enemies":"Exordium Thugs","floor":10,"turns":4},{"damage":0,"enemies":"Red Slaver","floor":11,"turns":5},{"damage":0,"enemies":"Large Slime","floor":13,"turns":5},{"damage":6,"enemies":"2 Fungi Beasts","floor":14,"turns":3},{"damage":0,"enemies":"The Guardian","floor":16,"turns":9},{"damage":5,"enemies":"2 Thieves","floor":18,"turns":2},{"damage":3,"enemies":"Spheric Guardian","floor":21,"turns":4},{"damage":3,"enemies":"Snecko","floor":22,"turns":5},{"damage":3,"enemies":"Slavers","floor":24,"turns":5},{"damage":1,"enemies":"Centurion and Healer","floor":31,"turns":7},{"damage":53,"enemies":"Champ","floor":33,"turns":10}],"seed_played":"414474349868984070","potions_obtained":[{"floor":1,"key":"Fire Potion"},{"floor":4,"key":"Regen Potion"},{"floor":6,"key":"Block Potion"},{"floor":10,"key":"AttackPotion"},{"floor":11,"key":"EntropicBrew"},{"floor":21,"key":"Energy Potion"},{"floor":24,"key":"Explosive Potion"}],"is_trial":false,"path_per_floor":["M","M","?","M","?","E","M","T","T","M","M","$","M","M","R","B",null,"M","?","?","M","M","R","E","R","T","R","?","?","R","M","R"],"character_chosen":"THE_SILENT","items_purchased":["Bandage Up","Happy Flower","Bronze Scales","Deflect"],"campfire_rested":1,"item_purchase_floors":[12,12,12,12],"current_hp_per_floor":[70,68,68,68,68,52,50,50,50,50,50,50,54,52,52,56,70,65,35,35,32,32,32,43,43,43,43,43,27,40,45,45,0],"gold":0,"neow_bonus":"RANDOM_COMMON_RELIC","is_prod":false,"is_daily":false,"chose_seed":false,"campfire_upgraded":5,"win_rate":0.0,"timestamp":1533043235,"path_taken":["M","M","?","M","?","E","?","?","T","?","M","?","?","M","R","BOSS","M","?","?","?","M","R","E","R","T","R","?","?","R","M","R","BOSS"],"build_version":"2018-07-26","purchased_purges":0,"victory":false,"max_hp_per_floor":[70,70,70,70,70,70,70,70,70,70,70,70,70,70,70,70,70,70,35,35,35,35,35,45,45,45,45,45,45,45,45,45,45],"card_choices":[{"not_picked":["Backflip","Infinite Blades"],"picked":"Bouncing Flask","floor":1},{"not_picked":["Slice","Blade Dance"],"picked":"Acrobatics","floor":2},{"not_picked":["Underhanded Strike","Acrobatics"],"picked":"Sucker Punch","floor":4},{"not_picked":["Poisoned Stab","Dagger Throw"],"picked":"Backflip","floor":6},{"not_picked":["All Out Attack","Doppelganger"],"picked":"Dodge and Roll","floor":7},{"not_picked":["Bane","Flying Knee"],"picked":"Acrobatics","floor":10},{"not_picked":["Prepared","Terror"],"picked":"Footwork","floor":11},{"not_picked":["Dagger Spray","Deflect"],"picked":"Noxious Fumes","floor":13},{"not_picked":["Acrobatics","Outmaneuver"],"picked":"Dagger Spray","floor":14},{"not_picked":["Doppelganger","Tools of the Trade"],"picked":"Envenom","floor":16},{"not_picked":["Outmaneuver","Underhanded Strike"],"picked":"Prepared+1","floor":18},{"not_picked":["Dodge and Roll","Sucker Punch"],"picked":"Dagger Throw","floor":21},{"not_picked":["Flying Knee","Slice"],"picked":"Caltrops","floor":22},{"not_picked":["Bane","Blade Dance"],"picked":"Blur","floor":24},{"not_picked":["Bane","Dodge and Roll"],"picked":"Deadly Poison","floor":31}],"player_experience":68709,"relics_obtained":[{"floor":6,"key":"Du-Vu Doll"},{"floor":8,"key":"Gremlin Horn"},{"floor":9,"key":"Lantern"},{"floor":24,"key":"Pear"},{"floor":26,"key":"Bird Faced Urn"},{"floor":29,"key":"Enchiridion"}],"event_choices":[{"event_name":"Liars Game","player_choice":"agreed","floor":3,"damage_taken":0},{"event_name":"Golden Idol","player_choice":"Take Wound","floor":5,"damage_taken":0},{"event_name":"Ghosts","player_choice":"Became a Ghost","floor":19,"damage_taken":0},{"event_name":"Drug Dealer","player_choice":"Got JAXXED","floor":20,"damage_taken":0},{"event_name":"Masked Bandits","player_choice":"Paid Bandits 67 gold","floor":28,"damage_taken":0},{"event_name":"Cursed Tome","player_choice":"Obtained Book","floor":29,"damage_taken":0}],"is_beta":false,"boss_relics":[{"not_picked":["Fusion Hammer","Sozu"],"picked":"Ectoplasm"}],"items_purged_floors":[],"is_endless":false,"potions_floor_spawned":[1,4,6,10,11,21,24],"killed_by":"Champ","ascension_level":0}