{"gold_per_floor":[110,5,5,17,17,52,52,386,386,386,16,31,44,76,76,177,177,194,174,185,195,18,49,49,61,61,87,98,98,98,98,98,98],"floor_reached":33,"playtime":4076,"items_purged":["Strike_G"],"score":520,"play_id":"15a91a87-7eb8-4810-afe1-c9940f08ce3d","local_time":"20190722110436","is_ascension_mode":true,"campfire_choices":[{"floor":7.0,"key":"REST"},{"data":"Noxious Fumes","floor":10.0,"key":"SMITH"},{"floor":15.0,"key":"REST"},{"floor":24.0,"key":"REST"},{"floor":30,"key":"REST"},{"floor":32,"key":"REST"}],"neow_cost":"NONE","seed_source_timestamp":6202998541111,"circlet_count":0,"master_deck":["AscendersBane","Defend_G+1","Defend_G","Defend_G","Defend_G","Defend_G","Survivor","Neutralize","Blur","Reflex","Prepared+1","Sucker Punch","Underhanded Strike+1","Noxious Fumes+1","Deadly Poison","Caltrops","Dodge and Roll","Dagger Throw+1","Leg Sweep","Acrobatics","Calculated Gamble","Venomology","Deadly Poison+1","Corpse Explosion+1","Footwork+1","Heel Hook+1","PiercingWail","Tactician","Acrobatics+1","Blur","Caltrops","Underhanded Strike","Prepared+1","Deadly Poison","Outmaneuver","Caltrops+1"],"special_seed":0,"relics":["Ring of the Snake","Incense Burner","Old Coin","Matryoshka","Whetstone","War Paint","Astrolabe","Centennial Puzzle","Anchor","Pen Nib","Shuriken","Bag of Marbles","The Specimen"],"potions_floor_usage":[27,27,27,29,33],"damage_taken":[{"damage":0.0,"enemies":"Jaw Worm","floor":1.0,"turns":4.0},{"damage":3.0,"enemies":"Small Slimes","floor":4.0,"turns":7.0},{"damage":43.0,"enemies":"Gremlin Nob","floor":6.0,"turns":6.0},{"damage":14.0,"enemies":"3 Sentries","floor":8.0,"turns":8.0},{"damage":0.0,"enemies":"Cultist","floor":12.0,"turns":3.0},{"damage":0.0,"enemies":"Looter","floor":13.0,"turns":4.0},{"damage":11.0,"enemies":"Lagavulin","floor":14.0,"turns":6.0},{"damage":29.0,"enemies":"Slime Boss","floor":16.0,"turns":13.0},{"damage":7.0,"enemies":"3 Byrds","floor":18.0,"turns":2.0},{"damage":17.0,"enemies":"2 Thieves","floor":19.0,"turns":4.0},{"damage":13.0,"enemies":"Centurion and Healer","floor":20.0,"turns":6.0},{"damage":0.0,"enemies":"Shelled Parasite and Fungi","floor":21.0,"turns":9.0},{"damage":17.0,"enemies":"Gremlin Leader","floor":23.0,"turns":11.0},{"damage":22.0,"enemies":"Cultist and Chosen","floor":25.0,"turns":7.0},{"damage":0,"enemies":"Book of Stabbing","floor":27,"turns":5},{"damage":2,"enemies":"3 Cultists","floor":28,"turns":4},{"damage":1,"enemies":"Colosseum Slavers","floor":29,"turns":3},{"damage":47,"enemies":"Automaton","floor":33,"turns":6}],"seed_played":"209861137410311459","potions_obtained":[{"floor":4.0,"key":"GamblersBrew"},{"floor":6.0,"key":"AttackPotion"},{"floor":8.0,"key":"Fire Potion"},{"floor":12.0,"key":"Explosive Potion"},{"floor":18.0,"key":"Strength Potion"},{"floor":19.0,"key":"Strength Potion"},{"floor":25.0,"key":"SteroidPotion"},{"floor":28,"key":"GamblersBrew"}],"is_trial":false,"path_per_floor":["M","$","?","M","?","E","R","E","T","R","$","M","M","E","R","B",null,"M","M","M","M","$","E","R","M","T","E","M","?","R","T","R","B"],"character_chosen":"THE_SILENT","items_purchased":["Prepared","Sucker Punch","Caltrops","Dodge and Roll","Dagger Throw","Whetstone","Blur","Caltrops","Underhanded Strike"],"campfire_rested":5,"item_purchase_floors":[2,2,11,11,11,11,22,22,22],"current_hp_per_floor":[63,63,56,53,58,15,37,23,23,23,23,23,23,12,34,5,58,51,34,21,21,21,4,26,4,4,4,2,1,23,23,45,0],"gold":98,"neow_bonus":"THREE_CARDS","is_prod":false,"is_daily":false,"chose_seed":false,"campfire_upgraded":1,"win_rate":0,"timestamp":1563818676,"path_taken":["M","$","?","M","?","E","R","E","T","R","$","M","M","E","R","BOSS","M","M","M","M","$","E","R","M","T","E","M","?","R","?","R","BOSS"],"build_version":"2019-07-17","purchased_purges":1,"victory":false,"max_hp_per_floor":[70,70,70,70,75,75,75,75,75,75,75,75,75,75,75,75,75,75,75,75,75,75,75,75,75,75,75,75,75,75,75,75,75],"card_choices":[{"not_picked":["Bane","Underhanded Strike"],"picked":"Blur","floor":0.0},{"not_picked":["Poisoned Stab","Setup"],"picked":"Reflex","floor":1.0},{"not_picked":["Outmaneuver","Blade Dance"],"picked":"Underhanded Strike","floor":4.0},{"not_picked":["Bouncing Flask","Crippling Poison"],"picked":"Noxious Fumes","floor":6.0},{"not_picked":["Endless Agony","Sucker Punch"],"picked":"Deadly Poison","floor":8.0},{"not_picked":["Quick Slash","Endless Agony"],"picked":"Leg Sweep","floor":12.0},{"not_picked":["Bouncing Flask","Calculated Gamble"],"picked":"Acrobatics","floor":13.0},{"not_picked":["Blade Dance","Poisoned Stab"],"picked":"Calculated Gamble","floor":14.0},{"not_picked":["Malaise","Storm of Steel"],"picked":"Venomology","floor":16.0},{"not_picked":["Dagger Throw+1","Dodge and Roll"],"picked":"Heel Hook+1","floor":18.0},{"not_picked":["Blur","Terror"],"picked":"PiercingWail","floor":19.0},{"not_picked":["Bane+1","Skewer"],"picked":"Tactician","floor":20.0},{"not_picked":["Skewer","All Out Attack"],"picked":"Acrobatics+1","floor":21.0},{"not_picked":["Blade Dance","Die Die Die"],"picked":"Prepared+1","floor":23.0},{"not_picked":["Finisher","Distraction"],"picked":"Deadly Poison","floor":25.0},{"not_picked":["Expertise","Infinite Blades"],"picked":"Outmaneuver","floor":27},{"not_picked":["Flying Knee","Skewer"],"picked":"Caltrops+1","floor":28}],"player_experience":408683,"relics_obtained":[{"floor":6.0,"key":"Incense Burner"},{"floor":8.0,"key":"Old Coin"},{"floor":9.0,"key":"Matryoshka"},{"floor":14.0,"key":"War Paint"},{"floor":23.0,"key":"Centennial Puzzle"},{"floor":26.0,"key":"Anchor"},{"floor":26.0,"key":"Pen Nib"},{"floor":27,"key":"Shuriken"},{"floor":31,"key":"Bag of Marbles"},{"floor":31,"key":"The Specimen"}],"event_choices":[{"cards_removed":["Strike_G"],"damage_healed":0.0,"max_hp_gain":0.0,"max_hp_loss":0.0,"gold_gain":0.0,"event_name":"Golden Wing","player_choice":"Card Removal","floor":3.0,"gold_loss":0.0,"damage_taken":7.0},{"damage_healed":0.0,"max_hp_gain":5.0,"max_hp_loss":0.0,"gold_gain":0.0,"event_name":"Big Fish","player_choice":"Donut","floor":5.0,"gold_loss":0.0,"damage_taken":0.0},{"damage_healed":0,"gold_gain":0,"player_choice":"Fight","damage_taken":0,"max_hp_gain":0,"max_hp_loss":0,"event_name":"Colosseum","floor":29,"gold_loss":0},{"damage_healed":0,"gold_gain":0,"player_choice":"Fled From Nobs","damage_taken":0,"max_hp_gain":0,"max_hp_loss":0,"event_name":"Colosseum","floor":29,"gold_loss":0}],"is_beta":false,"boss_relics":[{"not_picked":["Orrery","Philosopher\u0027s Stone"],"picked":"Astrolabe"}],"items_purged_floors":[11],"is_endless":false,"potions_floor_spawned":[4,6,8,12,18,19,25,28],"killed_by":"Automaton","ascension_level":10}