{"gold_per_floor":[118,136,150,176,194,194,225,16,16,34,34,53,66,82,82,156,156,166,77,127,76,89,89,102,102,155,188,188,188,200,200,200,200],"floor_reached":33,"playtime":3174,"items_purged":["Strike_G"],"score":498,"play_id":"b4fe9ae5-98fe-4771-bb53-4869b7101c47","local_time":"20190731102946","is_ascension_mode":true,"campfire_choices":[{"data":"Dash","floor":6.0,"key":"SMITH"},{"floor":15.0,"key":"REST"},{"data":"Infinite Blades","floor":23.0,"key":"SMITH"},{"floor":25.0,"key":"REST"},{"floor":28,"key":"REST"},{"floor":32,"key":"REST"}],"neow_cost":"NONE","seed_source_timestamp":609550272199383,"circlet_count":0,"master_deck":["AscendersBane","Strike_G","Strike_G","Strike_G","Strike_G","Defend_G","Defend_G","Defend_G","Defend_G","Defend_G","Survivor","Neutralize","Crippling Poison","Crippling Poison","Dash+1","Blade Dance","Caltrops","Footwork","Cloak And Dagger","Terror","Flying Knee","Burst","Outmaneuver","Glass Knife","Skewer","Infinite Blades+1","Backflip","Blade Dance","Dodge and Roll","PiercingWail+1","Accuracy","Backflip+1"],"special_seed":0,"relics":["Ring of the Snake","NeowsBlessing","Orichalcum","Boot","Kunai","WristBlade","PreservedInsect","Omamori"],"potions_floor_usage":[27],"damage_taken":[{"damage":0.0,"enemies":"Cultist","floor":1.0,"turns":1.0},{"damage":0.0,"enemies":"Jaw Worm","floor":2.0,"turns":1.0},{"damage":0.0,"enemies":"2 Louse","floor":3.0,"turns":1.0},{"damage":3.0,"enemies":"Gremlin Gang","floor":5.0,"turns":4.0},{"damage":43.0,"enemies":"Lagavulin","floor":7.0,"turns":11.0},{"damage":0.0,"enemies":"Blue Slaver","floor":10.0,"turns":4.0},{"damage":6.0,"enemies":"Exordium Wildlife","floor":12.0,"turns":7.0},{"damage":0.0,"enemies":"3 Louse","floor":13.0,"turns":4.0},{"damage":2.0,"enemies":"Gremlin Gang","floor":14.0,"turns":3.0},{"damage":15.0,"enemies":"The Guardian","floor":16.0,"turns":13.0},{"damage":6.0,"enemies":"Shell Parasite","floor":18.0,"turns":7.0},{"damage":10.0,"enemies":"2 Thieves","floor":22.0,"turns":5.0},{"damage":27.0,"enemies":"3 Cultists","floor":24.0,"turns":7.0},{"damage":18,"enemies":"Book of Stabbing","floor":27,"turns":5},{"damage":19,"enemies":"Centurion and Healer","floor":30,"turns":10},{"damage":33,"enemies":"Automaton","floor":33,"turns":6}],"seed_played":"-7560727098037379309","potions_obtained":[{"floor":1.0,"key":"Dexterity Potion"},{"floor":2.0,"key":"FearPotion"},{"floor":13.0,"key":"GhostInAJar"},{"floor":16.0,"key":"SkillPotion"},{"floor":24.0,"key":"SpeedPotion"},{"floor":27,"key":"FearPotion"}],"is_trial":false,"path_per_floor":["M","M","M","T","M","R","E","$","T","M","$","M","M","M","R","B",null,"M","$","?","$","M","R","M","R","T","E","R","?","M","?","R","B"],"character_chosen":"THE_SILENT","items_purchased":["Footwork","Cloak And Dagger","Infinite Blades","Backflip"],"campfire_rested":4,"item_purchase_floors":[8,8,19,21],"current_hp_per_floor":[59,59,59,59,56,56,13,13,13,13,13,7,7,5,24,9,52,46,46,46,46,36,36,9,28,28,10,29,29,10,1,20,0],"gold":200,"neow_bonus":"THREE_ENEMY_KILL","is_prod":false,"is_daily":false,"chose_seed":false,"campfire_upgraded":2,"win_rate":0,"timestamp":1564594186,"path_taken":["M","M","M","?","M","R","E","$","T","?","$","M","M","M","R","BOSS","M","$","?","$","?","R","M","R","T","E","R","?","M","?","R","BOSS"],"build_version":"2019-07-17","purchased_purges":1,"victory":false,"max_hp_per_floor":[66,66,66,66,66,66,66,66,66,66,66,66,66,66,66,66,66,66,66,66,66,66,66,66,66,66,66,66,66,66,66,66,66],"card_choices":[{"not_picked":["Infinite Blades","Distraction"],"picked":"Crippling Poison","floor":1.0},{"not_picked":["Dagger Throw","Acrobatics"],"picked":"Crippling Poison","floor":2.0},{"not_picked":["Acrobatics","Underhanded Strike"],"picked":"Dash","floor":3.0},{"not_picked":["Quick Slash","Sucker Punch"],"picked":"Blade Dance","floor":5.0},{"not_picked":["Poisoned Stab","Burst"],"picked":"Caltrops","floor":7.0},{"not_picked":["Underhanded Strike","Finisher"],"picked":"Terror","floor":10.0},{"not_picked":["Underhanded Strike","Prepared"],"picked":"Flying Knee","floor":12.0},{"not_picked":["Flying Knee","Backflip"],"picked":"Burst","floor":13.0},{"not_picked":["Terror","Underhanded Strike"],"picked":"Outmaneuver","floor":14.0},{"not_picked":["Malaise","Burst"],"picked":"Glass Knife","floor":16.0},{"not_picked":["All Out Attack","Sucker Punch"],"picked":"Skewer","floor":18.0},{"not_picked":["Dagger Throw","Reflex+1"],"picked":"Blade Dance","floor":22.0},{"not_picked":["Prepared","Reflex"],"picked":"Dodge and Roll","floor":24.0},{"not_picked":["Calculated Gamble+1","Terror"],"picked":"PiercingWail+1","floor":27},{"not_picked":["Prepared","Deadly Poison"],"picked":"Backflip+1","floor":30}],"player_experience":573615,"relics_obtained":[{"floor":4.0,"key":"Orichalcum"},{"floor":7.0,"key":"Boot"},{"floor":9.0,"key":"Kunai"},{"floor":26.0,"key":"PreservedInsect"},{"floor":27,"key":"Omamori"}],"event_choices":[{"damage_healed":0.0,"max_hp_gain":0.0,"max_hp_loss":0.0,"gold_gain":50.0,"event_name":"Golden Shrine","player_choice":"Pray","floor":20.0,"gold_loss":0.0,"damage_taken":0.0},{"damage_healed":0,"gold_gain":0,"player_choice":"Read","damage_taken":0,"max_hp_gain":0,"max_hp_loss":0,"event_name":"The Library","floor":29,"gold_loss":0,"cards_obtained":["Accuracy"]},{"damage_healed":0,"gold_gain":0,"player_choice":"Damaged","damage_taken":9,"max_hp_gain":0,"max_hp_loss":0,"event_name":"Wheel of Change","floor":31,"gold_loss":0}],"is_beta":false,"boss_relics":[{"not_picked":["Cursed Key","HoveringKite"],"picked":"WristBlade"}],"items_purged_floors":[8],"is_endless":false,"potions_floor_spawned":[1,2,13,16,24,27],"killed_by":"Automaton","ascension_level":17}