{"gold_per_floor":[119,131,182,197,215,215,46,56,137,102,102],"floor_reached":11,"playtime":775,"items_purged":[],"score":130,"play_id":"d8a2bd8a-61da-4ee7-b028-65ad6be99bd8","local_time":"20190820001908","is_ascension_mode":true,"campfire_choices":[{"data":"Neutralize","floor":6,"key":"SMITH"}],"neow_cost":"NONE","seed_source_timestamp":109469674348700,"circlet_count":0,"master_deck":["AscendersBane","Strike_G","Strike_G","Strike_G","Strike_G","Strike_G","Defend_G","Defend_G","Defend_G","Defend_G","Defend_G","Survivor","Neutralize+1","Deep Breath","Backstab","PiercingWail","Sucker Punch","Dagger Throw","Backflip","Discovery","Crippling Poison"],"relics":["Ring of the Snake","Omamori","Singing Bowl"],"potions_floor_usage":[],"damage_taken":[{"damage":11,"enemies":"Cultist","floor":1,"turns":5},{"damage":6,"enemies":"2 Louse","floor":2,"turns":2},{"damage":1,"enemies":"Small Slimes","floor":4,"turns":3},{"damage":9,"enemies":"Looter","floor":5,"turns":5},{"damage":4,"enemies":"Lots of Slimes","floor":8,"turns":3},{"damage":44,"enemies":"3 Sentries","floor":11,"turns":12}],"seed_played":"6240120841763291933","potions_obtained":[{"floor":5,"key":"LiquidBronze"},{"floor":8,"key":"Ancient Potion"}],"is_trial":false,"path_per_floor":["M","M","T","M","M","R","$","M","T","?","E"],"character_chosen":"THE_SILENT","items_purchased":["Dagger Throw","Backflip","Discovery"],"campfire_rested":0,"item_purchase_floors":[7,7,7],"current_hp_per_floor":[48,42,42,41,32,32,32,28,28,44,0],"gold":102,"neow_bonus":"RANDOM_COLORLESS","is_prod":false,"is_daily":false,"chose_seed":false,"campfire_upgraded":1,"win_rate":0,"timestamp":1566253148,"path_taken":["M","?","?","M","M","R","$","M","T","?","E"],"build_version":"2019-07-17","purchased_purges":0,"victory":false,"max_hp_per_floor":[66,66,66,66,66,66,66,66,66,66,66],"card_choices":[{"not_picked":["Dodge and Roll","Setup"],"picked":"Backstab","floor":1},{"not_picked":["Bane","Blade Dance"],"picked":"PiercingWail","floor":2},{"not_picked":["Finisher","Prepared","Reflex"],"picked":"SKIP","floor":4},{"not_picked":["Dodge and Roll","Blade Dance"],"picked":"Sucker Punch","floor":5},{"not_picked":["Riddle With Holes","Masterful Stab"],"picked":"Crippling Poison","floor":8}],"player_experience":1542439,"relics_obtained":[{"floor":3,"key":"Omamori"},{"floor":9,"key":"Singing Bowl"}],"event_choices":[{"damage_healed":16,"gold_gain":0,"player_choice":"Healed","damage_taken":0,"max_hp_gain":0,"max_hp_loss":0,"event_name":"The Cleric","floor":10,"gold_loss":35}],"is_beta":false,"boss_relics":[],"items_purged_floors":[],"is_endless":false,"potions_floor_spawned":[5,8],"killed_by":"3 Sentries","ascension_level":20}