{"gold_per_floor":[110,185,185,200,43,43,103,103,127,157,169,182,182],"floor_reached":13,"playtime":474,"items_purged":[],"score":186,"play_id":"ac34209e-a00c-408d-bea8-962d8b654912","local_time":"20190819225124","is_ascension_mode":true,"campfire_choices":[{"floor":6,"key":"REST"},{"floor":8,"key":"REST"}],"neow_cost":"NONE","seed_source_timestamp":104475866369100,"circlet_count":0,"master_deck":["AscendersBane","Strike_R","Strike_R","Strike_R","Strike_R","Strike_R","Defend_R","Defend_R","Defend_R","Defend_R","Bash","Pommel Strike","Twin Strike","Metallicize","Sword Boomerang","Uppercut"],"special_seed":0,"relics":["Sozu","Matryoshka","Oddly Smooth Stone","Tiny Chest","Pen Nib","Strawberry"],"potions_floor_usage":[],"damage_taken":[{"damage":12,"enemies":"Jaw Worm","floor":1,"turns":3},{"damage":1,"enemies":"Cultist","floor":4,"turns":3},{"damage":28,"enemies":"3 Sentries","floor":7,"turns":8},{"damage":8,"enemies":"Gremlin Nob","floor":10,"turns":3},{"damage":0,"enemies":"2 Louse","floor":11,"turns":2},{"damage":21,"enemies":"Gremlin Gang","floor":12,"turns":4},{"damage":21,"enemies":"3 Sentries","floor":13,"turns":4}],"seed_played":"-9053915603056737171","potions_obtained":[],"is_trial":false,"path_per_floor":["M","?","?","M","$","R","E","R","T","E","M","M","E"],"character_chosen":"IRONCLAD","items_purchased":["Oddly Smooth Stone"],"campfire_rested":2,"item_purchase_floors":[5],"current_hp_per_floor":[56,45,27,26,26,48,20,42,42,41,41,20,0],"gold":182,"neow_bonus":"BOSS_RELIC","is_prod":false,"is_daily":false,"chose_seed":false,"campfire_upgraded":0,"win_rate":0,"timestamp":1566247884,"path_taken":["M","?","?","?","?","R","E","R","T","E","?","M","E"],"build_version":"2019-07-17","purchased_purges":0,"victory":false,"max_hp_per_floor":[75,75,75,75,75,75,75,75,75,82,82,82,82],"card_choices":[{"not_picked":["True Grit","Disarm"],"picked":"Pommel Strike","floor":1},{"not_picked":["Entrench","Burning Pact"],"picked":"Twin Strike","floor":4},{"not_picked":["Sword Boomerang","Havoc","Infernal Blade"],"picked":"SKIP","floor":7},{"not_picked":["Anger","Iron Wave"],"picked":"Metallicize","floor":10},{"not_picked":["Reckless Charge","Sever Soul"],"picked":"Sword Boomerang","floor":11},{"not_picked":["Intimidate","Limit Break"],"picked":"Uppercut","floor":12}],"player_experience":1537527,"relics_obtained":[{"floor":7,"key":"Tiny Chest"},{"floor":9,"key":"Pen Nib"},{"floor":10,"key":"Strawberry"}],"event_choices":[{"damage_healed":0,"gold_gain":75,"player_choice":"Gather Gold","damage_taken":11,"max_hp_gain":0,"max_hp_loss":0,"event_name":"World of Goop","floor":2,"gold_loss":0},{"damage_healed":0,"gold_gain":0,"player_choice":"Success","damage_taken":18,"relics_obtained":["Matryoshka"],"max_hp_gain":0,"max_hp_loss":0,"event_name":"Scrap Ooze","floor":3,"gold_loss":0}],"is_beta":false,"boss_relics":[],"items_purged_floors":[],"is_endless":false,"potions_floor_spawned":[4,7],"killed_by":"3 Sentries","ascension_level":20}