{"gold_per_floor":[114,114,189,189,208,233,233,247,247,247,259,269,269,269,269,366,366,381,400,70,170,74,74],"floor_reached":23,"playtime":2408,"items_purged":[],"score":189,"play_id":"aed2a254-3b23-493c-9a78-d59aebb0e58a","local_time":"20190628145222","is_ascension_mode":false,"campfire_choices":[{"floor":7,"key":"REST"},{"floor":10,"key":"REST"},{"floor":13,"key":"REST"},{"floor":15,"key":"REST"}],"neow_cost":"NONE","seed_source_timestamp":366912649676607,"circlet_count":0,"master_deck":["Defend_G","Defend_G+1","Defend_G","Defend_G","Strike_G","Strike_G","Strike_G","Strike_G","Strike_G","Survivor+1","Neutralize","Flying Knee","Flying Knee","Bane","Outmaneuver","Crippling Poison","Envenom","Unload","Dash+1","Backflip","HandOfGreed","Dramatic Entrance","Quick Slash","Underhanded Strike","PiercingWail","Sucker Punch"],"relics":["Ring of the Snake","PreservedInsect","Question Card","Paper Crane","Boot","White Beast Statue"],"potions_floor_usage":[8],"damage_taken":[{"damage":0,"enemies":"Small Slimes","floor":1,"turns":4},{"damage":0,"enemies":"2 Louse","floor":5,"turns":3},{"damage":19,"enemies":"Gremlin Nob","floor":6,"turns":5},{"damage":0,"enemies":"Jaw Worm","floor":8,"turns":3},{"damage":10,"enemies":"Looter","floor":11,"turns":3},{"damage":2,"enemies":"Blue Slaver","floor":12,"turns":4},{"damage":31,"enemies":"Hexaghost","floor":16,"turns":9},{"damage":17,"enemies":"Shell Parasite","floor":18,"turns":5},{"damage":17,"enemies":"3 Byrds","floor":19,"turns":5},{"damage":46,"enemies":"Gremlin Leader","floor":23,"turns":4}],"seed_played":"-5404214960177518531","potions_obtained":[{"floor":1,"key":"GamblersBrew"},{"floor":5,"key":"SpeedPotion"},{"floor":8,"key":"Fruit Juice"},{"floor":11,"key":"SteroidPotion"}],"is_trial":false,"path_per_floor":["M","?","?","?","M","E","R","M","T","R","M","M","R","?","R","B",null,"M","M","$","?","$","E"],"character_chosen":"THE_SILENT","items_purchased":["HandOfGreed","Dramatic Entrance","Quick Slash","Underhanded Strike","PiercingWail","Sucker Punch"],"campfire_rested":4,"item_purchase_floors":[20,20,20,20,22,22],"current_hp_per_floor":[70,56,45,38,38,19,40,45,45,67,57,55,75,57,75,44,75,58,41,41,41,41,0],"gold":74,"neow_bonus":"RANDOM_COMMON_RELIC","is_prod":false,"is_daily":false,"chose_seed":false,"campfire_upgraded":0,"win_rate":0.0,"timestamp":1561758742,"path_taken":["M","?","?","?","?","E","R","M","T","R","M","M","R","?","R","BOSS","M","M","$","?","$","E"],"build_version":"2019-01-23","purchased_purges":0,"victory":false,"max_hp_per_floor":[70,70,70,70,70,70,70,75,75,75,75,75,75,75,75,75,75,75,75,75,75,75,75],"card_choices":[{"not_picked":["Footwork","PiercingWail"],"picked":"Flying Knee","floor":1},{"not_picked":["Finisher","Reflex"],"picked":"Flying Knee","floor":5},{"not_picked":["Tactician","Deflect"],"picked":"Bane","floor":6},{"not_picked":["Heel Hook","Sucker Punch","Dagger Spray"],"picked":"Outmaneuver","floor":8},{"not_picked":["Dagger Throw","Finisher","Outmaneuver"],"picked":"Crippling Poison","floor":11},{"not_picked":["Dagger Throw","Distraction","Expertise"],"picked":"Envenom","floor":12},{"not_picked":["Doppelganger","Tools of the Trade","Glass Knife"],"picked":"Unload","floor":16},{"not_picked":["Acrobatics","Poisoned Stab","Dagger Spray"],"picked":"Dash+1","floor":18},{"not_picked":["All Out Attack","Underhanded Strike","Deadly Poison"],"picked":"Backflip","floor":19}],"player_experience":30372,"relics_obtained":[{"floor":6,"key":"Question Card"},{"floor":9,"key":"Paper Crane"}],"event_choices":[{"damage_healed":0,"gold_gain":0,"player_choice":"Entered Light","damage_taken":14,"max_hp_gain":0,"max_hp_loss":0,"event_name":"Shining Light","floor":2,"gold_loss":0,"cards_upgraded":["Survivor","Defend_G"]},{"damage_healed":0,"gold_gain":75,"player_choice":"Gather Gold","damage_taken":11,"max_hp_gain":0,"max_hp_loss":0,"event_name":"World of Goop","floor":3,"gold_loss":0},{"cards_removed":["Defend_G"],"damage_healed":0,"gold_gain":0,"player_choice":"Card Removal","damage_taken":7,"max_hp_gain":0,"max_hp_loss":0,"event_name":"Golden Wing","floor":4,"gold_loss":0},{"damage_healed":0,"gold_gain":0,"player_choice":"Success","damage_taken":18,"relics_obtained":["Boot"],"max_hp_gain":0,"max_hp_loss":0,"event_name":"Scrap Ooze","floor":14,"gold_loss":0},{"damage_healed":0,"gold_gain":100,"player_choice":"Pray","damage_taken":0,"max_hp_gain":0,"max_hp_loss":0,"event_name":"Golden Shrine","floor":21,"gold_loss":0}],"is_beta":false,"boss_relics":[{"not_picked":["Runic Dome","Ectoplasm"],"picked":"White Beast Statue"}],"items_purged_floors":[],"is_endless":false,"potions_floor_spawned":[1,5,8,11,18,19],"killed_by":"Gremlin Leader","ascension_level":0}