{"gold_per_floor":[115,115,130,305,255,284,284,300,325,325,25,25,37,47,47,143,143,156,66,39,59,12,44,55,68,93,105,130,172,184,231,243,359,371,394,39,39,56,56,56],"floor_reached":40,"playtime":4156,"items_purged":[],"score":586,"play_id":"a4145ad8-3a77-4f58-a179-e5143b428774","local_time":"20180923193559","is_ascension_mode":true,"campfire_choices":[{"data":"Darkness","floor":7,"key":"SMITH"},{"data":"Chaos","floor":10,"key":"SMITH"},{"data":"Zap","floor":12,"key":"SMITH"},{"data":"FTL","floor":15,"key":"SMITH"},{"data":"Conserve Battery","floor":27,"key":"SMITH"},{"floor":30,"key":"REST"},{"floor":32,"key":"REST"}],"neow_cost":"NONE","seed_source_timestamp":204598986353939,"circlet_count":0,"master_deck":["Strike_B","Strike_B","Defend_B","Defend_B+1","Defend_B","Zap+1","Dualcast","Redo+1","Darkness+1","Chaos+1","Leap+1","Glacier","Self Repair","Conserve Battery","FTL+1","Echo Form","Cold Snap","Redo","Conserve Battery+1","Redo","Conserve Battery+1","Undo","Loop","Compile Driver","Stack+1","Cold Snap","Electrodynamics","Bandage Up","Dark Shackles","Chrysalis"],"relics":["Cracked Core","NeowsBlessing","War Paint","Juzu Bracelet","Runic Capacitor","Sozu","Mercury Hourglass","MawBank","Happy Flower","Singing Bowl","Busted Crown","Tiny Chest","Matryoshka"],"potions_floor_usage":[18,21,29],"damage_taken":[{"damage":0,"enemies":"Jaw Worm","floor":1,"turns":1},{"damage":0,"enemies":"Small Slimes","floor":3,"turns":1},{"damage":0,"enemies":"Gremlin Nob","floor":6,"turns":1},{"damage":0,"enemies":"2 Louse","floor":8,"turns":2},{"damage":3,"enemies":"Blue Slaver","floor":13,"turns":4},{"damage":0,"enemies":"2 Fungi Beasts","floor":14,"turns":4},{"damage":12,"enemies":"Slime Boss","floor":16,"turns":9},{"damage":2,"enemies":"Chosen","floor":18,"turns":6},{"damage":2,"enemies":"3 Byrds","floor":21,"turns":3},{"damage":15,"enemies":"Book of Stabbing","floor":23,"turns":7},{"damage":3,"enemies":"Snecko","floor":24,"turns":7},{"damage":29,"enemies":"3 Cultists","floor":25,"turns":7},{"damage":48,"enemies":"Cultist and Chosen","floor":28,"turns":6},{"damage":6,"enemies":"Gremlin Leader","floor":29,"turns":8},{"damage":3,"enemies":"Book of Stabbing","floor":31,"turns":6},{"damage":12,"enemies":"Champ","floor":33,"turns":11},{"damage":28,"enemies":"3 Darklings","floor":35,"turns":7},{"damage":0,"enemies":"3 Shapes","floor":38,"turns":4},{"damage":76,"enemies":"Giant Head","floor":40,"turns":11}],"seed_played":"3069578940691444961","potions_obtained":[{"floor":1,"key":"SpeedPotion"},{"floor":3,"key":"Block Potion"},{"floor":8,"key":"SpeedPotion"}],"is_trial":false,"path_per_floor":["M","?","M","?","?","E","R","M","T","R","$","R","M","M","R","B",null,"M","?","$","M","$","E","M","M","T","R","M","E","R","E","R","B",null,"M","$","?","M","?"],"character_chosen":"DEFECT","items_purchased":["Runic Capacitor","Glacier","Self Repair","Redo","Redo","Tiny Chest","Matryoshka"],"campfire_rested":2,"item_purchase_floors":[11,11,11,20,22,36,36],"current_hp_per_floor":[75,68,68,68,68,68,68,68,68,68,68,68,72,75,75,70,74,72,72,72,70,70,62,73,58,58,58,10,18,40,37,59,61,72,60,60,60,76,66,0],"gold":56,"neow_bonus":"THREE_ENEMY_KILL","is_prod":false,"is_daily":false,"chose_seed":false,"campfire_upgraded":5,"win_rate":0,"timestamp":1537724159,"path_taken":["M","?","M","?","?","E","R","?","T","R","$","R","M","M","R","BOSS","M","?","$","M","?","E","M","M","T","R","M","E","R","E","R","BOSS","M","$","?","M","?","E"],"build_version":"2018-09-20","purchased_purges":0,"victory":false,"max_hp_per_floor":[75,75,75,75,75,75,75,75,75,75,75,75,75,75,75,75,75,75,75,75,75,75,75,75,75,75,75,75,75,75,75,75,75,75,77,77,77,79,79,79],"card_choices":[{"not_picked":["BootSequence","Self Repair"],"picked":"Redo","floor":1},{"not_picked":["Scrape","Consume"],"picked":"Darkness","floor":3},{"not_picked":["Steam Power","Recycle"],"picked":"Chaos","floor":6},{"not_picked":["Gash","Aggregate"],"picked":"Leap","floor":8},{"not_picked":["Sweeping Beam","Hologram"],"picked":"Conserve Battery","floor":13},{"not_picked":["Hologram","Turbo"],"picked":"FTL","floor":14},{"not_picked":["Amplify","Buffer"],"picked":"Echo Form","floor":16},{"not_picked":["Leap","Stack"],"picked":"Cold Snap","floor":18},{"not_picked":["FTL","Rebound"],"picked":"Conserve Battery+1","floor":21},{"not_picked":["Core Surge","Go for the Eyes+1"],"picked":"Conserve Battery","floor":23},{"not_picked":["Steam Power","Sweeping Beam"],"picked":"Undo","floor":24},{"not_picked":["Genetic Algorithm","Undo"],"picked":"Loop","floor":25},{"not_picked":["Streamline","Recycle+1"],"picked":"Compile Driver","floor":28},{"not_picked":["Core Surge","Sweeping Beam+1"],"picked":"Stack+1","floor":29},{"not_picked":["FTL","Ball Lightning+1"],"picked":"Cold Snap","floor":31},{"not_picked":["Creative AI","Meteor Strike"],"picked":"Electrodynamics","floor":33},{"not_picked":["Stack+1"],"picked":"Singing Bowl","floor":35},{"not_picked":["Streamline"],"picked":"Singing Bowl","floor":38},{"not_picked":[],"picked":"Bandage Up","floor":39},{"not_picked":[],"picked":"Dark Shackles","floor":39},{"not_picked":[],"picked":"Chrysalis","floor":39}],"player_experience":529955,"relics_obtained":[{"floor":6,"key":"War Paint"},{"floor":9,"key":"Juzu Bracelet"},{"floor":23,"key":"Mercury Hourglass"},{"floor":26,"key":"MawBank"},{"floor":29,"key":"Happy Flower"},{"floor":31,"key":"Singing Bowl"}],"event_choices":[{"event_name":"Golden Wing","player_choice":"Card Removal","floor":2,"damage_taken":0},{"event_name":"Liars Game","player_choice":"agreed","floor":4,"damage_taken":0},{"event_name":"The Cleric","player_choice":"Card Removal","floor":5,"damage_taken":0},{"event_name":"Designer","player_choice":"Full Service","floor":19,"damage_taken":0},{"event_name":"Falling","player_choice":"Removed Skill","floor":37,"damage_taken":0},{"event_name":"SensoryStone","player_choice":"Memory 3","floor":39,"damage_taken":0}],"is_beta":false,"boss_relics":[{"not_picked":["Runic Dome","Pandora\u0027s Box"],"picked":"Sozu"},{"not_picked":["White Beast Statue","Philosopher\u0027s Stone"],"picked":"Busted Crown"}],"items_purged_floors":[],"is_endless":false,"potions_floor_spawned":[1,3,8,14,21,24,28,29,31,38],"killed_by":"Giant Head","ascension_level":5}