{"gold_per_floor":[115,24,35,35,54,117,117,133,133,133,163,163,192,203,203,307,307,247,247,247,247,247,247,247,247,247,247,247,247,247,247,247,247,247,247,247,247,86,86,86,86,86,86,86,86,86,86,86,86,86],"floor_reached":51,"playtime":6194,"items_purged":[],"score":1107,"play_id":"22121d05-f0a6-4b8b-9c27-621a03a7d0c2","local_time":"20190716085610","is_ascension_mode":true,"campfire_choices":[{"floor":7.0,"key":"REST"},{"data":"Infinite Blades","floor":10.0,"key":"SMITH"},{"data":"Infinite Blades","floor":15.0,"key":"SMITH"},{"data":"After Image","floor":25.0,"key":"SMITH"},{"data":"Footwork","floor":27.0,"key":"SMITH"},{"data":"Blade Dance","floor":30.0,"key":"SMITH"},{"data":"A Thousand Cuts","floor":32.0,"key":"SMITH"},{"data":"Adrenaline","floor":41,"key":"SMITH"},{"data":"Well Laid Plans","floor":46,"key":"SMITH"},{"data":"Outmaneuver","floor":49,"key":"SMITH"}],"neow_cost":"NONE","seed_source_timestamp":0,"circlet_count":0,"master_deck":["Defend_G","Defend_G","Defend_G","Defend_G","Defend_G","Survivor","Neutralize","Infinite Blades+1","Infinite Blades+1","PiercingWail","Deflect","Cloak And Dagger","Corpse Explosion","Footwork+1","After Image+1","Dodge and Roll","Backflip","Storm of Steel","Caltrops","Distraction+1","Well Laid Plans+1","Bite","Bite","Bite","Bite","Bite","Accuracy+1","Backflip","Quick Slash","Endless Agony","Blade Dance+1","A Thousand Cuts+1","Phantasmal Killer","Acrobatics+1","Accuracy+1","Acrobatics","Infinite Blades","Finisher","Dash+1","Adrenaline+1","Outmaneuver+1","Heel Hook+1","Dagger Spray","Madness","Madness"],"special_seed":0,"relics":["Ring of the Snake","Tiny Chest","Kunai","Sundial","Oddly Smooth Stone","Ectoplasm","Peace Pipe","Centennial Puzzle","Potion Belt","Shuriken","HoveringKite","Incense Burner","Thread and Needle","Meat on the Bone","Ornamental Fan","Letter Opener"],"potions_floor_usage":[39,50,50],"damage_taken":[{"damage":0.0,"enemies":"2 Louse","floor":1.0,"turns":3.0},{"damage":0.0,"enemies":"Cultist","floor":3.0,"turns":4.0},{"damage":8.0,"enemies":"Small Slimes","floor":5.0,"turns":4.0},{"damage":44.0,"enemies":"Gremlin Nob","floor":6.0,"turns":5.0},{"damage":1.0,"enemies":"Looter","floor":8.0,"turns":5.0},{"damage":13.0,"enemies":"3 Sentries","floor":11.0,"turns":9.0},{"damage":0.0,"enemies":"Lagavulin","floor":13.0,"turns":9.0},{"damage":0.0,"enemies":"Large Slime","floor":14.0,"turns":9.0},{"damage":13.0,"enemies":"Slime Boss","floor":16.0,"turns":15.0},{"damage":9.0,"enemies":"2 Thieves","floor":18.0,"turns":4.0},{"damage":0.0,"enemies":"Shell Parasite","floor":19.0,"turns":8.0},{"damage":11.0,"enemies":"Centurion and Healer","floor":20.0,"turns":10.0},{"damage":0.0,"enemies":"3 Cultists","floor":22.0,"turns":3.0},{"damage":17.0,"enemies":"Slavers","floor":23.0,"turns":3.0},{"damage":14.0,"enemies":"Snake Plant","floor":24.0,"turns":5.0},{"damage":0.0,"enemies":"Centurion and Healer","floor":28.0,"turns":4.0},{"damage":7.0,"enemies":"Book of Stabbing","floor":29.0,"turns":6.0},{"damage":25.0,"enemies":"Slavers","floor":31.0,"turns":5.0},{"damage":27.0,"enemies":"Automaton","floor":33.0,"turns":7.0},{"damage":11,"enemies":"3 Darklings","floor":35,"turns":4},{"damage":8,"enemies":"3 Shapes","floor":37,"turns":3},{"damage":22,"enemies":"2 Orb Walkers","floor":39,"turns":5},{"damage":3,"enemies":"Giant Head","floor":40,"turns":8},{"damage":0,"enemies":"Nemesis","floor":42,"turns":7},{"damage":5,"enemies":"Giant Head","floor":44,"turns":6},{"damage":0,"enemies":"Jaw Worm Horde","floor":45,"turns":3},{"damage":6,"enemies":"Awakened One","floor":50,"turns":9}],"seed_played":"6804310820063028214","potions_obtained":[{"floor":1.0,"key":"PowerPotion"},{"floor":8.0,"key":"SneckoOil"},{"floor":13.0,"key":"Poison Potion"},{"floor":16.0,"key":"Poison Potion"},{"floor":19.0,"key":"GhostInAJar"},{"floor":22.0,"key":"SteroidPotion"},{"floor":23.0,"key":"Swift Potion"},{"floor":31.0,"key":"Poison Potion"},{"floor":33.0,"key":"Energy Potion"},{"floor":37,"key":"Fire Potion"},{"floor":42,"key":"SteroidPotion"},{"floor":44,"key":"Swift Potion"}],"is_trial":false,"path_per_floor":["M","$","M","$","M","E","R","M","T","R","E","?","E","M","R","B",null,"M","M","M","?","M","E","M","R","T","R","M","E","R","E","R","B",null,"M","?","M","$","?","E","R","E","T","E","M","R","?","$","R","B",null],"character_chosen":"THE_SILENT","items_purchased":["Infinite Blades","PiercingWail","Acrobatics","Infinite Blades","Finisher"],"campfire_rested":1,"item_purchase_floors":[2,2,38,38,38],"current_hp_per_floor":[70,70,70,70,62,18,41,40,40,40,27,27,27,27,27,14,61,52,52,41,41,47,34,30,30,30,30,36,43,43,28,28,13,43,34,34,30,30,12,19,19,31,31,36,38,38,31,31,31,33],"gold":86,"neow_bonus":"TEN_PERCENT_HP_BONUS","is_prod":false,"is_daily":false,"chose_seed":false,"campfire_upgraded":9,"win_rate":0,"timestamp":1563292570,"path_taken":["M","$","M","$","M","E","R","M","T","R","E","?","E","M","R","BOSS","M","M","?","?","M","E","M","R","T","R","M","E","R","E","R","BOSS","M","?","M","$","?","E","R","E","T","E","M","R","?","?","R","BOSS"],"build_version":"2019-07-05","purchased_purges":0,"victory":true,"max_hp_per_floor":[77,77,77,77,77,77,77,77,77,77,77,77,77,77,77,77,77,77,77,77,53,53,53,53,53,53,53,53,53,53,53,53,53,53,53,53,53,53,53,53,53,53,53,53,53,53,53,53,53,53],"card_choices":[{"not_picked":["Backstab","Dodge and Roll"],"picked":"Infinite Blades","floor":1.0},{"not_picked":["Slice","Bane"],"picked":"Deflect","floor":3.0},{"not_picked":["Backflip","Reflex"],"picked":"Cloak And Dagger","floor":5.0},{"not_picked":["Heel Hook","Backflip"],"picked":"Corpse Explosion","floor":6.0},{"not_picked":["Slice","Prepared"],"picked":"Footwork","floor":8.0},{"not_picked":["Skewer","Outmaneuver"],"picked":"After Image","floor":11.0},{"not_picked":["Acrobatics","Sucker Punch"],"picked":"Dodge and Roll","floor":13.0},{"not_picked":["Slice","Flying Knee"],"picked":"Backflip","floor":14.0},{"not_picked":["Unload","Burst"],"picked":"Storm of Steel","floor":16.0},{"not_picked":["Bouncing Flask","Acrobatics"],"picked":"Caltrops","floor":18.0},{"not_picked":["Prepared+1","Flying Knee+1"],"picked":"Distraction+1","floor":19.0},{"not_picked":["Finisher","Sucker Punch+1"],"picked":"Well Laid Plans","floor":20.0},{"not_picked":["Sucker Punch","Setup"],"picked":"Accuracy+1","floor":22.0},{"not_picked":["Eviscerate","Bouncing Flask"],"picked":"Backflip","floor":23.0},{"not_picked":["Dash","Underhanded Strike+1"],"picked":"Quick Slash","floor":24.0},{"not_picked":["Bane","Poisoned Stab+1"],"picked":"Endless Agony","floor":28.0},{"not_picked":["Terror","Skewer"],"picked":"Blade Dance","floor":29.0},{"not_picked":["Predator","Reflex+1"],"picked":"A Thousand Cuts","floor":31.0},{"not_picked":["A Thousand Cuts","Storm of Steel"],"picked":"Phantasmal Killer","floor":33.0},{"not_picked":["PiercingWail","Dash"],"picked":"Acrobatics+1","floor":35},{"not_picked":["Escape Plan","Bouncing Flask+1"],"picked":"Accuracy+1","floor":37},{"not_picked":["Prepared","Dagger Throw"],"picked":"Dash+1","floor":39},{"not_picked":["Choke+1","Deadly Poison"],"picked":"Adrenaline","floor":40},{"not_picked":["Predator","Setup+1"],"picked":"Outmaneuver","floor":42},{"not_picked":["Venomology","Quick Slash+1"],"picked":"Heel Hook+1","floor":44},{"not_picked":["Backflip","Catalyst"],"picked":"Dagger Spray","floor":45}],"player_experience":287297,"relics_obtained":[{"floor":6.0,"key":"Tiny Chest"},{"floor":9.0,"key":"Kunai"},{"floor":11.0,"key":"Sundial"},{"floor":13.0,"key":"Oddly Smooth Stone"},{"floor":23.0,"key":"Peace Pipe"},{"floor":26.0,"key":"Centennial Puzzle"},{"floor":29.0,"key":"Potion Belt"},{"floor":31.0,"key":"Shuriken"},{"floor":39,"key":"Incense Burner"},{"floor":40,"key":"Thread and Needle"},{"floor":42,"key":"Meat on the Bone"},{"floor":43,"key":"Ornamental Fan"},{"floor":44,"key":"Letter Opener"}],"event_choices":[{"cards_removed":["Strike_G"],"damage_healed":0.0,"max_hp_gain":0.0,"max_hp_loss":0.0,"gold_gain":0.0,"event_name":"Purifier","player_choice":"Purged","floor":12.0,"gold_loss":0.0,"damage_taken":0.0},{"damage_healed":0.0,"max_hp_gain":0.0,"max_hp_loss":24.0,"gold_gain":0.0,"event_name":"Vampires","player_choice":"Became a vampire","floor":21.0,"gold_loss":0.0,"damage_taken":0.0,"cards_obtained":["Bite","Bite","Bite","Bite","Bite"]},{"damage_healed":0,"gold_gain":0,"player_choice":"Ignored","damage_taken":0,"max_hp_gain":0,"max_hp_loss":0,"event_name":"Tomb of Lord Red Mask","floor":36,"gold_loss":0},{"damage_healed":0,"gold_gain":0,"player_choice":"Fight","damage_taken":0,"max_hp_gain":0,"max_hp_loss":0,"event_name":"Mysterious Sphere","floor":39,"gold_loss":0},{"damage_healed":0,"gold_gain":0,"player_choice":"Embrace Madness","damage_taken":7,"max_hp_gain":0,"max_hp_loss":0,"event_name":"Winding Halls","floor":47,"gold_loss":0,"cards_obtained":["Madness","Madness"]}],"is_beta":false,"boss_relics":[{"not_picked":["Busted Crown","Cursed Key"],"picked":"Ectoplasm"},{"not_picked":["Lizard Tail","White Beast Statue"],"picked":"HoveringKite"}],"items_purged_floors":[],"is_endless":false,"potions_floor_spawned":[1,8,13,16,19,22,23,31,33,37,42,44],"ascension_level":6}