{"gold_per_floor":[360,23,34,34,34,34,44,44,44,44,15,15,42,42,42,118,118,137,59,59,8,22,22,54,54,79,4,4,19,44,64,64,142,142,162,180,193,193,49,49,8,8,8,8],"floor_reached":44,"playtime":2070,"items_purged":["Writhe","Strike_G"],"score":880,"play_id":"85c04038-c43c-4edb-8e22-e6c9770e6077","local_time":"20190819092712","is_ascension_mode":true,"campfire_choices":[{"data":"Neutralize","floor":6.0,"key":"SMITH"},{"data":"Terror","floor":8.0,"key":"SMITH"},{"data":"PiercingWail","floor":10.0,"key":"SMITH"},{"data":"Blade Dance","floor":15.0,"key":"SMITH"},{"data":"A Thousand Cuts","floor":23.0,"key":"SMITH"},{"floor":25.0,"key":"REST"},{"data":"Wraith Form v2","floor":28.0,"key":"SMITH"},{"floor":32.0,"key":"REST"},{"data":"Accuracy","floor":40,"key":"SMITH"},{"data":"Accuracy","floor":42,"key":"SMITH"}],"neow_cost":"CURSE","seed_source_timestamp":2247989492740242,"circlet_count":0,"master_deck":["AscendersBane","Strike_G","Defend_G","Defend_G","Defend_G","Defend_G","Defend_G","Survivor","Neutralize+1","PiercingWail+1","Flying Knee+1","Terror+1","Outmaneuver","Blade Dance+1","Glass Knife+1","A Thousand Cuts+1","Dash+1","PiercingWail","Dagger Spray+1","Riddle With Holes+1","Wraith Form v2+1","Bouncing Flask+1","Backflip","Blade Dance+1","Die Die Die+1","Blade Dance","Accuracy+1","Accuracy+1","Footwork"],"special_seed":0,"relics":["Ring of the Snake","Molten Egg 2","Paper Crane","Ninja Scroll","Anchor","Cursed Key","Strawberry","Omamori","Gremlin Horn","Sozu","The Courier"],"potions_floor_usage":[],"damage_taken":[{"damage":0.0,"enemies":"Jaw Worm","floor":1.0,"turns":6.0},{"damage":3.0,"enemies":"2 Louse","floor":3.0,"turns":3.0},{"damage":0.0,"enemies":"Small Slimes","floor":7.0,"turns":3.0},{"damage":4.0,"enemies":"Gremlin Nob","floor":13.0,"turns":3.0},{"damage":16.0,"enemies":"The Guardian","floor":16.0,"turns":14.0},{"damage":3.0,"enemies":"3 Byrds","floor":18.0,"turns":3.0},{"damage":8.0,"enemies":"Chosen","floor":22.0,"turns":4.0},{"damage":18.0,"enemies":"Gremlin Leader","floor":24.0,"turns":6.0},{"damage":12.0,"enemies":"Snake Plant","floor":29.0,"turns":5.0},{"damage":16.0,"enemies":"Book of Stabbing","floor":30.0,"turns":5.0},{"damage":0.0,"enemies":"Shelled Parasite and Fungi","floor":31.0,"turns":3.0},{"damage":6.0,"enemies":"Automaton","floor":33.0,"turns":8.0},{"damage":7.0,"enemies":"3 Darklings","floor":35.0,"turns":4.0},{"damage":0.0,"enemies":"3 Shapes","floor":36.0,"turns":2.0},{"damage":11,"enemies":"Jaw Worm Horde","floor":37,"turns":3},{"damage":62,"enemies":"Transient","floor":44,"turns":4}],"seed_played":"9202431611386585751","potions_obtained":[{"floor":1.0,"key":"SteroidPotion"},{"floor":3.0,"key":"LiquidBronze"},{"floor":16.0,"key":"Block Potion"},{"floor":29.0,"key":"Explosive Potion"}],"is_trial":false,"path_per_floor":["M","$","M","?","?","R","M","R","T","R","$","?","E","?","R","B",null,"M","$","?","$","M","R","E","R","T","?","R","M","E","M","R","B",null,"M","M","M","?","$","R","$","R","T","M"],"character_chosen":"THE_SILENT","items_purchased":["Molten Egg 2","Outmaneuver","Dash+1","PiercingWail","Accuracy","Footwork"],"campfire_rested":2,"item_purchase_floors":[2,11,19,21,39,41],"current_hp_per_floor":[59,59,56,51,56,56,56,56,56,56,56,49,45,45,45,29,61,58,58,38,38,30,30,19,43,43,43,43,31,15,15,39,33,71,64,64,53,53,53,53,53,53,53,0],"gold":8,"neow_bonus":"TWO_FIFTY_GOLD","is_prod":false,"is_daily":false,"chose_seed":false,"campfire_upgraded":8,"win_rate":0,"timestamp":1566232032,"path_taken":["M","$","M","?","?","R","M","R","T","R","$","?","E","?","R","BOSS","M","?","?","?","?","R","E","R","T","?","R","M","E","?","R","BOSS","M","?","M","?","$","R","$","R","T","M"],"build_version":"2019-07-17","purchased_purges":2,"victory":false,"max_hp_per_floor":[66,66,66,66,71,71,71,71,71,71,71,71,71,71,71,71,71,71,71,76,76,76,76,83,83,83,83,83,83,83,83,83,83,83,83,83,83,83,83,83,83,83,83,83],"card_choices":[{"not_picked":["Dodge and Roll","Quick Slash"],"picked":"PiercingWail","floor":1.0},{"not_picked":["Caltrops","Endless Agony+1"],"picked":"Flying Knee+1","floor":3.0},{"not_picked":["Underhanded Strike+1","Escape Plan"],"picked":"Terror","floor":7.0},{"not_picked":["Prepared","Concentrate"],"picked":"Blade Dance","floor":13.0},{"not_picked":["Grand Finale+1","Doppelganger"],"picked":"A Thousand Cuts","floor":16.0},{"not_picked":["Acrobatics","Prepared","Underhanded Strike+1"],"picked":"SKIP","floor":18.0},{"not_picked":["Dodge and Roll","Outmaneuver"],"picked":"Dagger Spray+1","floor":22.0},{"not_picked":["Tools of the Trade","Setup+1"],"picked":"Riddle With Holes+1","floor":24.0},{"not_picked":["Backflip","Concentrate"],"picked":"Bouncing Flask+1","floor":29.0},{"not_picked":["Outmaneuver","Poisoned Stab+1"],"picked":"Backflip","floor":30.0},{"not_picked":["Outmaneuver","Poisoned Stab+1"],"picked":"Blade Dance+1","floor":31.0},{"not_picked":["Grand Finale+1","Venomology"],"picked":"Die Die Die+1","floor":33.0},{"not_picked":["Poisoned Stab+1","Concentrate"],"picked":"Blade Dance","floor":35.0},{"not_picked":["PiercingWail+1","Terror"],"picked":"Accuracy","floor":36},{"not_picked":["PiercingWail","Dagger Spray+1","Eviscerate+1"],"picked":"SKIP","floor":37}],"player_experience":774054,"relics_obtained":[{"floor":9.0,"key":"Ninja Scroll"},{"floor":13.0,"key":"Anchor"},{"floor":24.0,"key":"Strawberry"},{"floor":26.0,"key":"Omamori"},{"floor":30.0,"key":"Gremlin Horn"},{"floor":43,"key":"The Courier"}],"event_choices":[{"damage_healed":0.0,"max_hp_gain":0.0,"max_hp_loss":0.0,"gold_gain":0.0,"event_name":"Scrap Ooze","player_choice":"Success","floor":4.0,"gold_loss":0.0,"damage_taken":5.0,"relics_obtained":["Paper Crane"]},{"damage_healed":0.0,"max_hp_gain":5.0,"max_hp_loss":0.0,"gold_gain":0.0,"event_name":"Big Fish","player_choice":"Donut","floor":5.0,"gold_loss":0.0,"damage_taken":0.0},{"cards_removed":["Strike_G"],"damage_healed":0.0,"max_hp_gain":0.0,"max_hp_loss":0.0,"gold_gain":0.0,"event_name":"Golden Wing","player_choice":"Card Removal","floor":12.0,"gold_loss":0.0,"damage_taken":7.0},{"damage_healed":0.0,"max_hp_gain":0.0,"max_hp_loss":0.0,"gold_gain":0.0,"cards_transformed":["Strike_G"],"event_name":"Transmorgrifier","player_choice":"Transformed","floor":14.0,"gold_loss":0.0,"damage_taken":0.0,"cards_obtained":["Glass Knife"]},{"damage_healed":0.0,"max_hp_gain":5.0,"max_hp_loss":0.0,"gold_gain":0.0,"event_name":"Forgotten Altar","player_choice":"Shed Blood","floor":20.0,"gold_loss":0.0,"damage_taken":25.0},{"damage_healed":0.0,"max_hp_gain":0.0,"max_hp_loss":0.0,"gold_gain":0.0,"cards_transformed":["Regret","Strike_G"],"event_name":"Designer","player_choice":"Transformed Cards","floor":27.0,"gold_loss":75.0,"damage_taken":0.0,"cards_obtained":["Injury","Wraith Form v2"]},{"damage_healed":0,"gold_gain":0,"player_choice":"Ignored","damage_taken":0,"max_hp_gain":0,"max_hp_loss":0,"event_name":"Tomb of Lord Red Mask","floor":38,"gold_loss":0}],"is_beta":false,"boss_relics":[{"not_picked":["Busted Crown","Runic Dome"],"picked":"Cursed Key"},{"not_picked":["Astrolabe","Fusion Hammer"],"picked":"Sozu"}],"items_purged_floors":[2,39],"is_endless":false,"potions_floor_spawned":[1,3,16,18,29,31,36],"killed_by":"Transient","ascension_level":20}