{"gold_per_floor":[117,13,26,26,95,124,124,136,209,237,237,268,280,299,299,374,374,374,374,294,294,294,294,294,294,294,294,294,294,17,17,17,17,17,17,17,17,17,17,17,17,17],"floor_reached":42,"playtime":2987,"items_purged":["Strike_R"],"score":1011,"play_id":"42342bc6-dd2f-4ee3-87bd-2f38acd55db8","local_time":"20190721171856","is_ascension_mode":true,"campfire_choices":[{"data":"True Grit","floor":7.0,"key":"SMITH"},{"data":"Shrug It Off","floor":15.0,"key":"SMITH"},{"data":"True Grit","floor":23.0,"key":"SMITH"},{"floor":27.0,"key":"REST"},{"data":"Shrug It Off","floor":29.0,"key":"SMITH"},{"floor":32.0,"key":"REST"},{"data":"True Grit","floor":41,"key":"SMITH"}],"neow_cost":"NONE","seed_source_timestamp":1005036524856821,"circlet_count":0,"master_deck":["AscendersBane","Strike_R","Strike_R","Defend_R","Defend_R","Defend_R","Defend_R","Bash","Clothesline","Shrug It Off+1","Thunderclap","Cleave","True Grit+1","Anger+1","Uppercut+1","Shrug It Off+1","Body Slam+1","Barricade","Sever Soul+1","True Grit+1","Thunderclap+1","Anger+1","Metallicize","True Grit","Reaper+1","Shame","Pain","Shame","Dropkick+1","Pummel+1","True Grit+1","Havoc"],"special_seed":0,"relics":["Burning Blood","NeowsBlessing","Molten Egg 2","Du-Vu Doll","Blue Candle","Oddly Smooth Stone","Calipers","Ectoplasm","Paper Frog","Enchiridion","Centennial Puzzle","MawBank","Juzu Bracelet","Calling Bell","Darkstone Periapt","Dream Catcher","Gambling Chip","Singing Bowl"],"potions_floor_usage":[40,42],"damage_taken":[{"damage":0.0,"enemies":"Cultist","floor":1.0,"turns":1.0},{"damage":0.0,"enemies":"2 Louse","floor":3.0,"turns":1.0},{"damage":0.0,"enemies":"3 Sentries","floor":6.0,"turns":2.0},{"damage":5.0,"enemies":"Jaw Worm","floor":8.0,"turns":3.0},{"damage":16.0,"enemies":"Gremlin Nob","floor":10.0,"turns":4.0},{"damage":35.0,"enemies":"Lagavulin","floor":12.0,"turns":5.0},{"damage":1.0,"enemies":"3 Louse","floor":13.0,"turns":4.0},{"damage":7.0,"enemies":"Lots of Slimes","floor":14.0,"turns":4.0},{"damage":6.0,"enemies":"The Guardian","floor":16.0,"turns":10.0},{"damage":0.0,"enemies":"Chosen","floor":18.0,"turns":6.0},{"damage":10.0,"enemies":"2 Thieves","floor":20.0,"turns":4.0},{"damage":17.0,"enemies":"Centurion and Healer","floor":21.0,"turns":6.0},{"damage":31.0,"enemies":"Book of Stabbing","floor":25.0,"turns":6.0},{"damage":14.0,"enemies":"Sentry and Sphere","floor":28.0,"turns":6.0},{"damage":9.0,"enemies":"Chosen and Byrds","floor":31.0,"turns":5.0},{"damage":5.0,"enemies":"Automaton","floor":33.0,"turns":11.0},{"damage":0.0,"enemies":"3 Shapes","floor":35.0,"turns":3.0},{"damage":1.0,"enemies":"Orb Walker","floor":36.0,"turns":2.0},{"damage":2.0,"enemies":"Maw","floor":37.0,"turns":9.0},{"damage":23.0,"enemies":"Transient","floor":39.0,"turns":6.0},{"damage":28,"enemies":"Nemesis","floor":40,"turns":13},{"damage":74,"enemies":"Giant Head","floor":42,"turns":8}],"seed_played":"-2663536616445590680","potions_obtained":[{"floor":3.0,"key":"Fire Potion"},{"floor":12.0,"key":"Strength Potion"},{"floor":14.0,"key":"SkillPotion"},{"floor":16.0,"key":"LiquidBronze"},{"floor":20.0,"key":"Dexterity Potion"},{"floor":21.0,"key":"PowerPotion"},{"floor":25.0,"key":"AttackPotion"},{"floor":37.0,"key":"Dexterity Potion"},{"floor":39.0,"key":"GamblersBrew"}],"is_trial":false,"path_per_floor":["M","$","M","?","T","E","R","M","T","E","?","E","M","M","R","B",null,"M","?","M","M","T","R","?","E","T","R","M","R","$","M","R","B",null,"M","M","M","?","M","E","R","E"],"character_chosen":"IRONCLAD","items_purchased":["Shrug It Off","Thunderclap","Juzu Bracelet","Metallicize"],"campfire_rested":2,"item_purchase_floors":[2,2,30,30],"current_hp_per_floor":[74,74,75,75,75,75,75,75,75,65,75,46,51,50,50,50,69,75,75,71,60,60,60,39,14,14,36,28,28,28,25,47,48,68,75,75,75,75,58,53,53,0],"gold":17,"neow_bonus":"THREE_ENEMY_KILL","is_prod":false,"is_daily":false,"chose_seed":false,"campfire_upgraded":5,"win_rate":0,"timestamp":1563722336,"path_taken":["M","?","M","?","?","E","R","M","T","E","?","E","?","M","R","BOSS","M","?","M","?","?","R","?","E","T","R","M","R","?","M","R","BOSS","M","M","M","?","M","E","R","E"],"build_version":"2019-07-17","purchased_purges":1,"victory":false,"max_hp_per_floor":[75,75,75,75,75,75,75,75,75,75,75,75,75,75,75,75,75,75,75,75,75,75,75,75,75,75,75,75,75,75,75,75,75,75,75,75,75,75,75,77,77,77],"card_choices":[{"not_picked":["Body Slam","Intimidate"],"picked":"Clothesline","floor":1.0},{"not_picked":["Evolve","Twin Strike"],"picked":"Cleave","floor":3.0},{"not_picked":["Limit Break","Searing Blow+1"],"picked":"True Grit","floor":6.0},{"not_picked":["Seeing Red","Thunderclap+1"],"picked":"Anger+1","floor":8.0},{"not_picked":["Flex","Thunderclap+1"],"picked":"Uppercut+1","floor":10.0},{"not_picked":["Headbutt+1","Fire Breathing","Seeing Red"],"picked":"SKIP","floor":12.0},{"not_picked":["Anger+1","Headbutt+1"],"picked":"Shrug It Off","floor":13.0},{"not_picked":["Warcry","Anger+1"],"picked":"Body Slam+1","floor":14.0},{"not_picked":["Demon Form","Fiend Fire+1"],"picked":"Barricade","floor":16.0},{"not_picked":["Armaments","Twin Strike+1"],"picked":"Sever Soul+1","floor":18.0},{"not_picked":["Warcry","Clash+1","Sword Boomerang+1"],"picked":"SKIP","floor":20.0},{"not_picked":["Disarm","Armaments"],"picked":"Thunderclap+1","floor":21.0},{"not_picked":["Dual Wield","Clash+1"],"picked":"Anger+1","floor":25.0},{"not_picked":["Cleave+1","Hemokinesis+1","Sword Boomerang+1"],"picked":"SKIP","floor":28.0},{"not_picked":["Cleave+1","Anger+1"],"picked":"True Grit","floor":31.0},{"not_picked":["Berserk","Dark Embrace"],"picked":"Reaper+1","floor":33.0},{"not_picked":["Thunderclap+1","Perfected Strike+1"],"picked":"Dropkick+1","floor":35.0},{"not_picked":["Headbutt+1","Combust"],"picked":"Pummel+1","floor":36.0},{"not_picked":["Blood for Blood+1","Wild Strike+1"],"picked":"True Grit","floor":37.0},{"not_picked":["Clash+1","Fire Breathing"],"picked":"Havoc","floor":39.0},{"not_picked":["Wild Strike+1","Cleave+1","Flex"],"picked":"Singing Bowl","floor":40}],"player_experience":1402306,"relics_obtained":[{"floor":5.0,"key":"Molten Egg 2"},{"floor":6.0,"key":"Du-Vu Doll"},{"floor":9.0,"key":"Blue Candle"},{"floor":10.0,"key":"Oddly Smooth Stone"},{"floor":12.0,"key":"Calipers"},{"floor":22.0,"key":"Paper Frog"},{"floor":24.0,"key":"Enchiridion"},{"floor":25.0,"key":"Centennial Puzzle"},{"floor":26.0,"key":"MawBank"},{"floor":34.0,"key":"Darkstone Periapt"},{"floor":34.0,"key":"Dream Catcher"},{"floor":34.0,"key":"Gambling Chip"},{"floor":40,"key":"Singing Bowl"}],"event_choices":[{"damage_healed":0.0,"max_hp_gain":0.0,"max_hp_loss":0.0,"gold_gain":0.0,"cards_transformed":["Strike_R"],"event_name":"Living Wall","player_choice":"Change","floor":4.0,"gold_loss":0.0,"damage_taken":0.0,"cards_obtained":["Bloodletting"]},{"cards_removed":["Bloodletting"],"damage_healed":10.0,"max_hp_gain":0.0,"max_hp_loss":0.0,"gold_gain":0.0,"event_name":"Bonfire Elementals","player_choice":"Offered Uncommon","floor":11.0,"gold_loss":0.0,"damage_taken":0.0},{"damage_healed":0.0,"max_hp_gain":0.0,"max_hp_loss":0.0,"gold_gain":0.0,"cards_transformed":["Strike_R"],"event_name":"Transmorgrifier","player_choice":"Transformed","floor":19.0,"gold_loss":0.0,"damage_taken":0.0,"cards_obtained":["True Grit"]},{"damage_healed":0.0,"max_hp_gain":0.0,"max_hp_loss":0.0,"gold_gain":0.0,"event_name":"Cursed Tome","player_choice":"Obtained Book","floor":24.0,"gold_loss":0.0,"damage_taken":21.0},{"damage_healed":0.0,"max_hp_gain":0.0,"max_hp_loss":0.0,"gold_gain":0.0,"event_name":"Fountain of Cleansing","player_choice":"Ignored","floor":38.0,"gold_loss":0.0,"damage_taken":0.0}],"is_beta":false,"boss_relics":[{"not_picked":["Black Blood","White Beast Statue"],"picked":"Ectoplasm"},{"not_picked":["Pandora\u0027s Box","Coffee Dripper"],"picked":"Calling Bell"}],"items_purged_floors":[30],"is_endless":false,"potions_floor_spawned":[3,12,14,16,20,21,25,37,39],"killed_by":"Giant Head","ascension_level":20}