{"gold_per_floor":[111,128,5,24,0,0,25,0,26,59,59,88,88,115,115,212,212,229,245,160,177,11,36,36,61,61,61,61,73,73,73],"floor_reached":31,"playtime":2880,"items_purged":["Strike_G"],"score":434,"play_id":"111ec464-b955-4ffc-b854-434bc338e0a4","local_time":"20190724135609","is_ascension_mode":true,"campfire_choices":[{"data":"Noxious Fumes","floor":6.0,"key":"SMITH"},{"data":"Trip","floor":11.0,"key":"SMITH"},{"data":"Burst","floor":15.0,"key":"SMITH"},{"floor":24.0,"key":"REST"},{"floor":27.0,"key":"REST"}],"neow_cost":"NONE","seed_source_timestamp":17398939039116,"circlet_count":0,"master_deck":["AscendersBane","Strike_G+1","Strike_G+1","Strike_G+1","Strike_G+1","Defend_G+1","Defend_G+1","Defend_G+1","Defend_G+1","Defend_G+1","Survivor","Neutralize","Trip+1","Flying Knee","Blur","Noxious Fumes+1","PiercingWail","Burst+1","Dodge and Roll","Bane+1","Backflip","Tools of the Trade","Terror","Dodge and Roll","Outmaneuver+1","Underhanded Strike","Bane","PiercingWail","All Out Attack","Underhanded Strike+1","Flying Knee","Dodge and Roll"],"special_seed":0,"relics":["Ring of the Snake","PreservedInsect","Bronze Scales","Bottled Lightning","Odd Mushroom","Paper Crane","Peace Pipe","Runic Pyramid","The Courier","Torii","Whetstone","Ornamental Fan"],"potions_floor_usage":[29],"damage_taken":[{"damage":0.0,"enemies":"Small Slimes","floor":1.0,"turns":5.0},{"damage":0.0,"enemies":"Jaw Worm","floor":2.0,"turns":3.0},{"damage":0.0,"enemies":"2 Louse","floor":4.0,"turns":4.0},{"damage":20.0,"enemies":"3 Sentries","floor":7.0,"turns":8.0},{"damage":0.0,"enemies":"Looter","floor":8.0,"turns":4.0},{"damage":10.0,"enemies":"Gremlin Nob","floor":10.0,"turns":3.0},{"damage":2.0,"enemies":"The Mushroom Lair","floor":12.0,"turns":5.0},{"damage":18.0,"enemies":"3 Sentries","floor":14.0,"turns":6.0},{"damage":20.0,"enemies":"The Guardian","floor":16.0,"turns":13.0},{"damage":4.0,"enemies":"3 Byrds","floor":18.0,"turns":3.0},{"damage":2.0,"enemies":"Shell Parasite","floor":19.0,"turns":8.0},{"damage":21.0,"enemies":"Centurion and Healer","floor":21.0,"turns":11.0},{"damage":12.0,"enemies":"Slavers","floor":23.0,"turns":5.0},{"damage":18.0,"enemies":"Book of Stabbing","floor":25.0,"turns":5.0},{"damage":46,"enemies":"Snecko","floor":29,"turns":7},{"damage":6,"enemies":"Gremlin Leader","floor":31,"turns":1}],"seed_played":"-957004442004520296","potions_obtained":[{"floor":1.0,"key":"EntropicBrew"},{"floor":4.0,"key":"Swift Potion"},{"floor":12.0,"key":"Regen Potion"},{"floor":14.0,"key":"Block Potion"},{"floor":16.0,"key":"Fruit Juice"},{"floor":18.0,"key":"LiquidBronze"},{"floor":21.0,"key":"EssenceOfSteel"},{"floor":29,"key":"Energy Potion"}],"is_trial":false,"path_per_floor":["M","M","$","M","?","R","E","M","T","E","R","?","T","E","R","B",null,"M","M","?","M","$","E","R","E","T","R","?","M","?","E"],"character_chosen":"THE_SILENT","items_purchased":["SkillPotion","Underhanded Strike","Bane","PiercingWail","All Out Attack"],"campfire_rested":2,"item_purchase_floors":[3,22,22,22,22],"current_hp_per_floor":[63,63,63,63,63,63,43,43,43,33,33,31,31,28,28,13,60,56,54,54,33,33,21,43,25,25,47,47,1,1,0],"gold":73,"neow_bonus":"RANDOM_COLORLESS","is_prod":false,"is_daily":false,"chose_seed":false,"campfire_upgraded":3,"win_rate":0,"timestamp":1564001769,"path_taken":["M","M","$","M","?","R","E","M","T","E","R","?","?","E","R","BOSS","M","M","?","M","$","E","R","E","T","R","?","M","?","E"],"build_version":"2019-07-17","purchased_purges":1,"victory":false,"max_hp_per_floor":[70,70,70,70,70,70,70,70,70,70,70,70,70,70,70,75,75,75,75,75,75,75,75,75,75,75,75,75,75,75,75],"card_choices":[{"not_picked":["Deadly Poison","Bane"],"picked":"Flying Knee","floor":1.0},{"not_picked":["Underhanded Strike","Deflect"],"picked":"Blur","floor":2.0},{"not_picked":["Quick Slash","Setup"],"picked":"Noxious Fumes","floor":4.0},{"not_picked":["Poisoned Stab","Outmaneuver"],"picked":"PiercingWail","floor":7.0},{"not_picked":["Distraction","Acrobatics"],"picked":"Burst","floor":8.0},{"not_picked":["Prepared","Bouncing Flask"],"picked":"Dodge and Roll","floor":10.0},{"not_picked":["Sucker Punch","All Out Attack"],"picked":"Bane","floor":12.0},{"not_picked":["Calculated Gamble","Infinite Blades"],"picked":"Backflip","floor":14.0},{"not_picked":["Malaise","Grand Finale"],"picked":"Tools of the Trade","floor":16.0},{"not_picked":["Endless Agony","Slice"],"picked":"Terror","floor":18.0},{"not_picked":["Blade Dance","Well Laid Plans"],"picked":"Dodge and Roll","floor":19.0},{"not_picked":["Slice","Flying Knee"],"picked":"Outmaneuver+1","floor":21.0},{"not_picked":["Outmaneuver","Burst"],"picked":"Underhanded Strike","floor":23.0},{"not_picked":["Deadly Poison","Quick Slash"],"picked":"Flying Knee","floor":25.0},{"not_picked":["Backflip","Cloak And Dagger"],"picked":"Dodge and Roll","floor":29}],"player_experience":460081,"relics_obtained":[{"floor":7.0,"key":"PreservedInsect"},{"floor":9.0,"key":"Bronze Scales"},{"floor":10.0,"key":"Bottled Lightning"},{"floor":12.0,"key":"Odd Mushroom"},{"floor":13.0,"key":"Paper Crane"},{"floor":14.0,"key":"Peace Pipe"},{"floor":23.0,"key":"Torii"},{"floor":25.0,"key":"Whetstone"},{"floor":26.0,"key":"Ornamental Fan"}],"event_choices":[{"damage_healed":0.0,"max_hp_gain":0.0,"max_hp_loss":0.0,"gold_gain":0.0,"event_name":"World of Goop","player_choice":"Left Gold","floor":5.0,"gold_loss":24.0,"damage_taken":0.0},{"damage_healed":0.0,"max_hp_gain":0.0,"max_hp_loss":0.0,"gold_gain":0.0,"event_name":"Mushrooms","player_choice":"Fought Mushrooms","floor":12.0,"gold_loss":0.0,"damage_taken":0.0},{"damage_healed":0.0,"max_hp_gain":0.0,"max_hp_loss":0.0,"gold_gain":0.0,"event_name":"Addict","player_choice":"Obtained Relic","floor":20.0,"gold_loss":85.0,"damage_taken":0.0,"relics_obtained":["The Courier"]},{"damage_healed":0.0,"max_hp_gain":0.0,"max_hp_loss":0.0,"gold_gain":0.0,"event_name":"Ghosts","player_choice":"Ignored","floor":28.0,"gold_loss":0.0,"damage_taken":0.0},{"damage_healed":0,"gold_gain":0,"player_choice":"Simplicity","damage_taken":0,"max_hp_gain":0,"max_hp_loss":0,"event_name":"Back to Basics","floor":30,"gold_loss":0,"cards_upgraded":["Strike_G","Strike_G","Strike_G","Strike_G","Defend_G","Defend_G","Defend_G","Defend_G","Defend_G"]}],"is_beta":false,"boss_relics":[{"not_picked":["Velvet Choker","Busted Crown"],"picked":"Runic Pyramid"}],"items_purged_floors":[3],"is_endless":false,"potions_floor_spawned":[1,4,12,14,16,18,21,29],"killed_by":"Gremlin Leader","ascension_level":10}