{"gold_per_floor":[15,15,34,54,54,80,80,92,92,110,85,85],"floor_reached":12,"playtime":1389,"items_purged":[],"score":108,"play_id":"185051dc-f8e6-45e2-b0b5-cf60bf5fa513","local_time":"20190716092113","is_ascension_mode":true,"campfire_choices":[{"data":"Concentrate","floor":7,"key":"SMITH"}],"neow_cost":"NO_GOLD","seed_source_timestamp":328819845665374,"circlet_count":0,"master_deck":["Strike_G","Strike_G","Strike_G","Strike_G","Defend_G","Defend_G","Defend_G","Defend_G","Defend_G","Survivor","Neutralize","Panacea","Thinking Ahead","Terror+1","Outmaneuver","Dodge and Roll","Concentrate+1","Sucker Punch","PiercingWail","Dagger Spray"],"relics":["Ring of the Snake","Paper Crane","Frozen Egg 2"],"potions_floor_usage":[10,10,12,12,12,12,12],"damage_taken":[{"damage":16,"enemies":"Jaw Worm","floor":1,"turns":5},{"damage":4,"enemies":"2 Louse","floor":3,"turns":4},{"damage":0,"enemies":"Cultist","floor":4,"turns":3},{"damage":37,"enemies":"3 Sentries","floor":6,"turns":19},{"damage":5,"enemies":"Red Slaver","floor":8,"turns":5},{"damage":0,"enemies":"Lots of Slimes","floor":10,"turns":7},{"damage":13,"enemies":"Exordium Thugs","floor":12,"turns":2}],"seed_played":"-862176564691877280","potions_obtained":[{"floor":1,"key":"EntropicBrew"},{"floor":3,"key":"Swift Potion"},{"floor":6,"key":"GhostInAJar"},{"floor":10,"key":"Fire Potion"}],"is_trial":false,"path_per_floor":["M","?","M","M","?","E","R","M","T","M","$","M"],"character_chosen":"THE_SILENT","items_purchased":["Dagger Spray"],"campfire_rested":0,"item_purchase_floors":[11],"current_hp_per_floor":[47,47,43,43,43,6,6,1,1,1,1,0],"gold":85,"neow_bonus":"RANDOM_COLORLESS_2","is_prod":false,"is_daily":false,"chose_seed":false,"campfire_upgraded":1,"win_rate":0,"timestamp":1563294073,"path_taken":["M","?","M","M","?","E","R","M","T","?","?","M"],"build_version":"2019-07-05","purchased_purges":0,"victory":false,"max_hp_per_floor":[70,70,70,70,70,70,70,70,70,70,70,70],"card_choices":[{"not_picked":["Poisoned Stab","Slice"],"picked":"Terror","floor":1},{"not_picked":["Accuracy","Crippling Poison"],"picked":"Outmaneuver","floor":3},{"not_picked":["Eviscerate","Blade Dance"],"picked":"Dodge and Roll","floor":4},{"not_picked":["PiercingWail","Backstab"],"picked":"Concentrate","floor":6},{"not_picked":["Dagger Spray","Backstab"],"picked":"Sucker Punch","floor":8},{"not_picked":["Backstab","Phantasmal Killer"],"picked":"PiercingWail","floor":10}],"player_experience":293491,"relics_obtained":[{"floor":6,"key":"Paper Crane"},{"floor":9,"key":"Frozen Egg 2"}],"event_choices":[{"damage_healed":0,"gold_gain":0,"player_choice":"Grow","damage_taken":0,"max_hp_gain":0,"max_hp_loss":0,"event_name":"Living Wall","floor":2,"gold_loss":0,"cards_upgraded":["Terror"]},{"cards_removed":["Strike_G"],"damage_healed":0,"gold_gain":0,"player_choice":"Purged","damage_taken":0,"max_hp_gain":0,"max_hp_loss":0,"event_name":"Purifier","floor":5,"gold_loss":0}],"is_beta":false,"boss_relics":[],"items_purged_floors":[],"is_endless":false,"potions_floor_spawned":[1,3,6,10],"killed_by":"Exordium Thugs","ascension_level":7}