{"gold_per_floor":[114,131,150,15,33,67,67,102,102,102,102,121,135,168,168,264,264,275,37,37,137,149,182,182,215,264,280,310,3,23,43,43,145,145,165,178,178,192,206,233,233,261,261,261,4,104,104,136,136,136,136,136,19,44,44],"floor_reached":55,"playtime":10775,"items_purged":["Strike_G"],"score":1042,"play_id":"d2101be5-db69-48a9-9905-f042c42a575b","local_time":"20190712112752","is_ascension_mode":true,"campfire_choices":[{"data":"Infinite Blades","floor":7,"key":"SMITH"},{"data":"Wraith Form v2","floor":10,"key":"SMITH"},{"data":"Outmaneuver","floor":15,"key":"SMITH"},{"data":"Tactician","floor":24,"key":"SMITH"},{"data":"Acrobatics","floor":32,"key":"SMITH"},{"floor":41,"key":"RECALL"},{"data":"Well Laid Plans","floor":44,"key":"SMITH"},{"data":"Concentrate","floor":47,"key":"SMITH"},{"data":"Burst","floor":49,"key":"SMITH"},{"data":"Mayhem","floor":52,"key":"SMITH"}],"neow_cost":"NONE","seed_source_timestamp":87599824153414,"circlet_count":0,"master_deck":["Survivor","Neutralize","Infinite Blades+1","Leg Sweep+1","Dagger Throw","Well Laid Plans+1","Cloak And Dagger","Backflip","Outmaneuver+1","Heel Hook","Wraith Form v2+1","Heel Hook+1","After Image","PiercingWail","Adrenaline","Crippling Poison","Noxious Fumes","Prepared","Tactician+1","Dagger Spray+1","Quick Slash","Backflip+1","Expertise","Footwork","Mayhem+1","Outmaneuver","Catalyst+1","Acrobatics+1","Doppelganger+1","Dagger Throw","Doppelganger","Finisher","Bouncing Flask","Heel Hook","Choke","Concentrate+1","Skewer","Noxious Fumes","Bouncing Flask+1","Heel Hook","Bane","Eviscerate","Sucker Punch+1","Concentrate+1","Well Laid Plans","Predator","Burst+1","Calculated Gamble","Dagger Throw","Sucker Punch+1"],"relics":["Ring of the Snake","Meat on the Bone","Regal Pillow","Ninja Scroll","Tingsha","Pen Nib","HoveringKite","Bag of Preparation","Vajra","Orichalcum","Whetstone","Boot","Pandora\u0027s Box","StoneCalendar","War Paint","Pantograph","TwistedFunnel","Thread and Needle","Shuriken","Oddly Smooth Stone"],"potions_floor_usage":[6,6,14,28,31,42,50,50,55],"damage_taken":[{"damage":0,"enemies":"Cultist","floor":1,"turns":4},{"damage":1,"enemies":"Jaw Worm","floor":2,"turns":6},{"damage":2,"enemies":"2 Louse","floor":3,"turns":4},{"damage":0,"enemies":"Red Slaver","floor":5,"turns":5},{"damage":29,"enemies":"Gremlin Nob","floor":6,"turns":5},{"damage":8,"enemies":"Lagavulin","floor":8,"turns":9},{"damage":0,"enemies":"Looter","floor":12,"turns":3},{"damage":2,"enemies":"Gremlin Gang","floor":13,"turns":6},{"damage":4,"enemies":"Gremlin Nob","floor":14,"turns":4},{"damage":26,"enemies":"The Guardian","floor":16,"turns":19},{"damage":0,"enemies":"Chosen","floor":18,"turns":6},{"damage":0,"enemies":"Spheric Guardian","floor":22,"turns":4},{"damage":43,"enemies":"Slavers","floor":23,"turns":7},{"damage":23,"enemies":"Book of Stabbing","floor":25,"turns":6},{"damage":2,"enemies":"Snake Plant","floor":27,"turns":4},{"damage":10,"enemies":"Slavers","floor":28,"turns":5},{"damage":0,"enemies":"3 Cultists","floor":30,"turns":2},{"damage":9,"enemies":"Chosen and Byrds","floor":31,"turns":6},{"damage":1,"enemies":"Champ","floor":33,"turns":9},{"damage":18,"enemies":"Orb Walker","floor":35,"turns":3},{"damage":18,"enemies":"3 Shapes","floor":36,"turns":3},{"damage":0,"enemies":"Transient","floor":38,"turns":5},{"damage":10,"enemies":"Jaw Worm Horde","floor":39,"turns":5},{"damage":17,"enemies":"Giant Head","floor":40,"turns":7},{"damage":30,"enemies":"Reptomancer","floor":42,"turns":6},{"damage":13,"enemies":"Mind Bloom Boss Battle","floor":46,"turns":4},{"damage":3,"enemies":"Giant Head","floor":48,"turns":6},{"damage":58,"enemies":"Time Eater","floor":50,"turns":9},{"damage":69,"enemies":"Shield and Spear","floor":54,"turns":6},{"damage":77,"enemies":"The Heart","floor":55,"turns":3}],"seed_played":"-1713428698418315784","potions_obtained":[{"floor":3,"key":"Poison Potion"},{"floor":5,"key":"PowerPotion"},{"floor":6,"key":"Block Potion"},{"floor":12,"key":"Ancient Potion"},{"floor":18,"key":"SteroidPotion"},{"floor":22,"key":"Poison Potion"},{"floor":23,"key":"Swift Potion"},{"floor":25,"key":"Swift Potion"},{"floor":30,"key":"Explosive Potion"},{"floor":35,"key":"LiquidBronze"},{"floor":38,"key":"SkillPotion"},{"floor":48,"key":"Dexterity Potion"}],"is_trial":false,"path_per_floor":["M","M","M","$","M","E","R","E","T","R","?","M","M","E","R","B",null,"M","$","?","?","M","E","R","E","T","M","E","$","M","M","R","B",null,"M","M","?","M","M","E","R","E","T","R","$","?","R","E","R","B",null,"R","$","E","B"],"character_chosen":"THE_SILENT","items_purchased":["Well Laid Plans","Cloak And Dagger","Backflip","Bag of Preparation","Noxious Fumes","Prepared","Mayhem","Outmaneuver","TwistedFunnel","Well Laid Plans","Calculated Gamble","Dagger Throw"],"campfire_rested":0,"item_purchase_floors":[4,4,4,19,19,19,29,29,45,45,53,53],"current_hp_per_floor":[77,76,74,74,74,45,45,49,49,49,42,42,40,48,48,34,77,77,77,77,77,77,46,46,35,35,45,47,47,47,50,50,49,77,59,41,41,41,43,38,38,20,20,20,20,44,44,41,41,20,77,77,77,20,0],"gold":44,"neow_bonus":"TEN_PERCENT_HP_BONUS","is_prod":false,"is_daily":false,"chose_seed":false,"campfire_upgraded":9,"win_rate":0,"timestamp":1562956072,"path_taken":["M","M","M","$","M","E","R","E","T","R","?","M","M","E","R","BOSS","M","$","?","?","M","E","R","E","T","?","E","$","M","M","R","BOSS","M","M","?","?","M","E","R","E","T","R","$","?","R","E","R","BOSS","R","$","E","BOSS"],"build_version":"2019-07-05","purchased_purges":1,"victory":false,"max_hp_per_floor":[77,77,77,77,77,77,77,77,77,77,77,77,77,77,77,77,77,77,77,77,77,77,77,77,77,77,77,77,77,77,77,77,77,77,77,77,77,77,77,77,77,77,77,77,77,77,77,77,77,77,77,77,77,77,77],"card_choices":[{"not_picked":["Outmaneuver","Poisoned Stab"],"picked":"Infinite Blades","floor":1},{"not_picked":["Distraction","Catalyst"],"picked":"Leg Sweep","floor":2},{"not_picked":["Sucker Punch","Deflect"],"picked":"Dagger Throw","floor":3},{"not_picked":["Backflip","Crippling Poison"],"picked":"Outmaneuver","floor":5},{"not_picked":["PiercingWail","Outmaneuver"],"picked":"Heel Hook","floor":6},{"not_picked":["Slice","Dagger Throw"],"picked":"Wraith Form v2","floor":8},{"not_picked":["Sucker Punch","Deflect"],"picked":"Heel Hook","floor":12},{"not_picked":["Flying Knee","Leg Sweep"],"picked":"After Image","floor":13},{"not_picked":["Tools of the Trade","Unload"],"picked":"PiercingWail","floor":14},{"not_picked":["Wraith Form v2","Night Terror"],"picked":"Adrenaline","floor":16},{"not_picked":["Blur","Dagger Spray"],"picked":"Crippling Poison","floor":18},{"not_picked":["Prepared","Cloak And Dagger"],"picked":"Dagger Spray+1","floor":22},{"not_picked":["Deadly Poison","Dagger Spray+1"],"picked":"Quick Slash","floor":23},{"not_picked":["Dash","Prepared"],"picked":"Backflip+1","floor":25},{"not_picked":["After Image","Well Laid Plans"],"picked":"Expertise","floor":27},{"not_picked":["Cloak And Dagger","Accuracy"],"picked":"Footwork","floor":28},{"not_picked":["All Out Attack","Outmaneuver"],"picked":"Catalyst+1","floor":30},{"not_picked":["Prepared","Accuracy"],"picked":"Acrobatics","floor":31},{"not_picked":["Wraith Form v2","Night Terror"],"picked":"Doppelganger","floor":33},{"not_picked":["Accuracy+1","Poisoned Stab"],"picked":"Bouncing Flask+1","floor":35},{"not_picked":["Flying Knee","Concentrate"],"picked":"Heel Hook","floor":36},{"not_picked":["Backstab","Riddle With Holes"],"picked":"Bane","floor":38},{"not_picked":["Underhanded Strike+1","Poisoned Stab+1"],"picked":"Eviscerate","floor":39},{"not_picked":["Expertise","Corpse Explosion"],"picked":"Sucker Punch+1","floor":40},{"not_picked":["Slice","Deadly Poison"],"picked":"Concentrate+1","floor":42},{"not_picked":["Bouncing Flask","Flying Knee+1"],"picked":"Predator","floor":46},{"not_picked":["Eviscerate+1","Caltrops"],"picked":"Burst","floor":48},{"not_picked":["Dodge and Roll+1","Bane+1"],"picked":"Sucker Punch+1","floor":54}],"player_experience":227367,"relics_obtained":[{"floor":6,"key":"Meat on the Bone"},{"floor":8,"key":"Regal Pillow"},{"floor":9,"key":"Ninja Scroll"},{"floor":14,"key":"Pen Nib"},{"floor":23,"key":"Vajra"},{"floor":25,"key":"Orichalcum"},{"floor":26,"key":"Whetstone"},{"floor":28,"key":"Boot"},{"floor":40,"key":"War Paint"},{"floor":42,"key":"Pantograph"},{"floor":46,"key":"Thread and Needle"},{"floor":48,"key":"Shuriken"},{"floor":54,"key":"Oddly Smooth Stone"}],"event_choices":[{"damage_healed":0,"gold_gain":0,"player_choice":"Success","damage_taken":7,"relics_obtained":["Tingsha"],"max_hp_gain":0,"max_hp_loss":0,"event_name":"Scrap Ooze","floor":11,"gold_loss":0},{"damage_healed":0,"gold_gain":0,"player_choice":"Read","damage_taken":0,"max_hp_gain":0,"max_hp_loss":0,"event_name":"The Library","floor":20,"gold_loss":0,"cards_obtained":["Tactician"]},{"damage_healed":0,"gold_gain":100,"player_choice":"Pray","damage_taken":0,"max_hp_gain":0,"max_hp_loss":0,"event_name":"Golden Shrine","floor":21,"gold_loss":0},{"damage_healed":0,"gold_gain":0,"player_choice":"Gave Potion","damage_taken":0,"relics_obtained":["StoneCalendar"],"max_hp_gain":0,"max_hp_loss":0,"event_name":"WeMeetAgain","floor":37,"gold_loss":0},{"damage_healed":0,"gold_gain":0,"player_choice":"Fight","damage_taken":0,"max_hp_gain":0,"max_hp_loss":0,"event_name":"MindBloom","floor":46,"gold_loss":0}],"is_beta":false,"boss_relics":[{"not_picked":["Ring of the Serpent","Fusion Hammer"],"picked":"HoveringKite"},{"not_picked":["Sozu","White Beast Statue"],"picked":"Pandora\u0027s Box"}],"items_purged_floors":[29],"is_endless":false,"potions_floor_spawned":[3,5,6,12,18,22,23,25,30,35,38,48],"killed_by":"The Heart","ascension_level":4}