{"gold_per_floor":[16,16,36,36,49,49,62,89,89,89,99,99,20,36,36,114,114,134,168,88],"floor_reached":20,"playtime":935,"items_purged":[],"score":348,"play_id":"f4c45c93-d11e-4e6a-9aa6-e02559887ba7","local_time":"20190814114112","is_ascension_mode":true,"campfire_choices":[{"data":"Noxious Fumes","floor":6.0,"key":"SMITH"},{"floor":10.0,"key":"REST"},{"floor":12.0,"key":"REST"},{"data":"Caltrops","floor":15.0,"key":"SMITH"}],"neow_cost":"NO_GOLD","seed_source_timestamp":1825597778886482,"circlet_count":0,"master_deck":["AscendersBane","Survivor","Neutralize","A Thousand Cuts+1","Noxious Fumes+1","Dagger Spray","Footwork","Bane","Catalyst","Crippling Poison","Caltrops+1","Dodge and Roll","Envenom","Grand Finale","Sucker Punch","Tactician","Heel Hook","After Image","Bouncing Flask","Flechettes","Backflip","Dagger Throw","Slice","Flying Knee+1","Underhanded Strike"],"special_seed":0,"relics":["Ring of the Snake","Bag of Preparation","Kunai","Happy Flower","Pandora\u0027s Box","Red Mask"],"potions_floor_usage":[16,19],"damage_taken":[{"damage":6.0,"enemies":"2 Louse","floor":1.0,"turns":3.0},{"damage":0.0,"enemies":"Small Slimes","floor":3.0,"turns":4.0},{"damage":0.0,"enemies":"Jaw Worm","floor":5.0,"turns":5.0},{"damage":10.0,"enemies":"Exordium Wildlife","floor":7.0,"turns":5.0},{"damage":25.0,"enemies":"Gremlin Nob","floor":8.0,"turns":5.0},{"damage":3.0,"enemies":"Blue Slaver","floor":11.0,"turns":5.0},{"damage":12.0,"enemies":"3 Louse","floor":14.0,"turns":2.0},{"damage":10,"enemies":"Hexaghost","floor":16,"turns":9},{"damage":1,"enemies":"3 Byrds","floor":18,"turns":2},{"damage":42,"enemies":"Masked Bandits","floor":19,"turns":4},{"damage":15,"enemies":"2 Thieves","floor":20,"turns":2}],"seed_played":"7709808125500156924","potions_obtained":[{"floor":1.0,"key":"Ancient Potion"},{"floor":8.0,"key":"FearPotion"},{"floor":11.0,"key":"Fire Potion"},{"floor":14.0,"key":"Strength Potion"}],"is_trial":false,"path_per_floor":["M","?","M","?","M","R","M","E","T","R","M","R","$","M","R","B",null,"M","?","M"],"character_chosen":"THE_SILENT","items_purchased":["Caltrops"],"campfire_rested":2,"item_purchase_floors":[13],"current_hp_per_floor":[53,53,53,42,42,42,32,7,7,26,23,42,42,30,30,20,55,54,12,0],"gold":88,"neow_bonus":"THREE_RARE_CARDS","is_prod":false,"is_daily":false,"chose_seed":false,"campfire_upgraded":2,"win_rate":0,"timestamp":1565808072,"path_taken":["M","?","M","?","M","R","M","E","T","R","M","R","$","M","R","BOSS","M","?","M"],"build_version":"2019-07-17","purchased_purges":0,"victory":false,"max_hp_per_floor":[66,66,66,66,66,66,66,66,66,66,66,66,66,66,66,66,66,66,66,66],"card_choices":[{"not_picked":["Doppelganger","Die Die Die"],"picked":"A Thousand Cuts","floor":0.0},{"not_picked":["Predator","Finisher"],"picked":"Noxious Fumes","floor":1.0},{"not_picked":["Underhanded Strike","Eviscerate"],"picked":"Dagger Spray","floor":3.0},{"not_picked":["Expertise","Leg Sweep"],"picked":"Footwork","floor":5.0},{"not_picked":["Dodge and Roll","Skewer"],"picked":"Bane","floor":7.0},{"not_picked":["Sucker Punch","Poisoned Stab"],"picked":"Catalyst","floor":8.0},{"not_picked":["Caltrops","Flying Knee"],"picked":"Crippling Poison","floor":11.0},{"not_picked":["Escape Plan","Calculated Gamble"],"picked":"Dodge and Roll","floor":14.0},{"not_picked":["Burst","Wraith Form v2"],"picked":"Envenom","floor":16},{"not_picked":["Prepared","Dodge and Roll"],"picked":"Flying Knee+1","floor":18},{"not_picked":["Caltrops","Endless Agony"],"picked":"Underhanded Strike","floor":19}],"player_experience":723250,"relics_obtained":[{"floor":8.0,"key":"Kunai"},{"floor":9.0,"key":"Happy Flower"},{"floor":19,"key":"Red Mask"}],"event_choices":[{"damage_healed":0.0,"max_hp_gain":0.0,"max_hp_loss":0.0,"gold_gain":0.0,"event_name":"Living Wall","player_choice":"Grow","floor":2.0,"gold_loss":0.0,"damage_taken":0.0,"cards_upgraded":["A Thousand Cuts"]},{"damage_healed":0.0,"max_hp_gain":0.0,"max_hp_loss":0.0,"gold_gain":0.0,"event_name":"Scrap Ooze","player_choice":"Success","floor":4.0,"gold_loss":0.0,"damage_taken":11.0,"relics_obtained":["Bag of Preparation"]},{"damage_healed":0,"gold_gain":0,"player_choice":"Fought Bandits","damage_taken":0,"max_hp_gain":0,"max_hp_loss":0,"event_name":"Masked Bandits","floor":19,"gold_loss":0}],"is_beta":false,"boss_relics":[{"not_picked":["Empty Cage","White Beast Statue"],"picked":"Pandora\u0027s Box"}],"items_purged_floors":[],"is_endless":false,"potions_floor_spawned":[1,8,11,14],"killed_by":"2 Thieves","ascension_level":20}