{"gold_per_floor":[109,126,126,144,2,35,66,66,141,141,181,75,114,114,114,242,242,257,281,302,316,241,274,274,287,287,320,320,320,335,335],"floor_reached":31,"playtime":3299,"items_purged":[],"score":396,"play_id":"b2dbc907-b522-491e-a92c-636e1c89d395","local_time":"20190716142453","is_ascension_mode":true,"campfire_choices":[{"floor":8,"key":"REST"},{"data":"Glass Knife","floor":10,"key":"SMITH"},{"data":"Madness","floor":15,"key":"SMITH"},{"data":"After Image","floor":24,"key":"SMITH"},{"data":"Adrenaline","floor":29,"key":"SMITH"}],"neow_cost":"NONE","seed_source_timestamp":345128445348098,"circlet_count":0,"master_deck":["Survivor","Neutralize","Madness+1","PiercingWail","Poisoned Stab","Flying Knee","Glass Knife+1","Corpse Explosion","Outmaneuver","All Out Attack","Noxious Fumes","Deflect","Flying Knee","Die Die Die","Doppelganger","Deadly Poison","Malaise","Adrenaline+1","Predator","Endless Agony","PiercingWail","Backflip","Crippling Poison","Poisoned Stab","Slice+1","Distraction","Backflip","After Image+1","Flying Knee+1","Riddle With Holes","Madness+1","Dagger Throw","PiercingWail+1"],"relics":["Ring of the Snake","Golden Idol","Centennial Puzzle","Odd Mushroom","Meat on the Bone","Bag of Preparation","Smiling Mask","Pen Nib","Pandora\u0027s Box","The Courier","Letter Opener","Prayer Wheel"],"potions_floor_usage":[6,6,13,16,16,16,18,21,23],"damage_taken":[{"damage":20,"enemies":"Jaw Worm","floor":1,"turns":10},{"damage":2,"enemies":"2 Louse","floor":2,"turns":4},{"damage":0,"enemies":"Cultist","floor":4,"turns":5},{"damage":14,"enemies":"Gremlin Nob","floor":6,"turns":4},{"damage":0,"enemies":"The Mushroom Lair","floor":7,"turns":2},{"damage":10,"enemies":"3 Sentries","floor":11,"turns":2},{"damage":9,"enemies":"Lagavulin","floor":13,"turns":5},{"damage":2,"enemies":"Slime Boss","floor":16,"turns":9},{"damage":13,"enemies":"Spheric Guardian","floor":18,"turns":6},{"damage":3,"enemies":"3 Byrds","floor":19,"turns":3},{"damage":0,"enemies":"3 Cultists","floor":20,"turns":3},{"damage":0,"enemies":"Snecko","floor":21,"turns":3},{"damage":17,"enemies":"Slavers","floor":23,"turns":2},{"damage":5,"enemies":"Centurion and Healer","floor":25,"turns":4},{"damage":9,"enemies":"Gremlin Leader","floor":27,"turns":5},{"damage":8,"enemies":"3 Cultists","floor":30,"turns":3},{"damage":47,"enemies":"Book of Stabbing","floor":31,"turns":5}],"seed_played":"2038867705094223321","potions_obtained":[{"floor":2,"key":"EntropicBrew"},{"floor":7,"key":"GhostInAJar"},{"floor":11,"key":"EntropicBrew"},{"floor":19,"key":"Energy Potion"},{"floor":25,"key":"Dexterity Potion"}],"is_trial":false,"path_per_floor":["M","M","?","M","$","E","?","R","T","R","E","$","E","?","R","B",null,"M","M","M","M","?","E","R","M","T","E","?","R","M","E"],"character_chosen":"THE_SILENT","items_purchased":["Glass Knife","Noxious Fumes","Deflect"],"campfire_rested":1,"item_purchase_floors":[5,12,12],"current_hp_per_floor":[43,41,24,24,24,10,10,31,31,31,33,33,36,29,29,39,62,49,46,46,46,46,41,41,36,36,39,39,39,43,0],"gold":335,"neow_bonus":"RANDOM_COLORLESS","is_prod":false,"is_daily":false,"chose_seed":false,"campfire_upgraded":4,"win_rate":0,"timestamp":1563312293,"path_taken":["M","M","?","M","$","E","?","R","T","R","E","$","E","?","R","BOSS","M","M","M","M","?","E","R","M","T","E","?","R","M","E"],"build_version":"2019-07-05","purchased_purges":0,"victory":false,"max_hp_per_floor":[70,70,70,70,70,70,70,70,70,70,70,70,70,70,70,70,70,70,70,70,70,70,70,70,70,70,70,70,70,70,70],"card_choices":[{"not_picked":["Flechettes","Dagger Spray"],"picked":"PiercingWail","floor":1},{"not_picked":["Dagger Spray","Cloak And Dagger"],"picked":"Poisoned Stab","floor":2},{"not_picked":["Distraction","Dagger Spray"],"picked":"Flying Knee","floor":4},{"not_picked":["Sucker Punch","Leg Sweep"],"picked":"Corpse Explosion","floor":6},{"not_picked":["PiercingWail","Dagger Throw"],"picked":"Outmaneuver","floor":7},{"not_picked":["Eviscerate","Deadly Poison"],"picked":"All Out Attack","floor":11},{"not_picked":["Doppelganger","Riddle With Holes"],"picked":"Flying Knee","floor":13},{"not_picked":["Malaise","Unload"],"picked":"Die Die Die","floor":16},{"not_picked":["Skewer","Escape Plan"],"picked":"Poisoned Stab","floor":18},{"not_picked":["Deadly Poison","Underhanded Strike"],"picked":"Slice+1","floor":19},{"not_picked":["Quick Slash","Dash"],"picked":"Distraction","floor":20},{"not_picked":["Choke","Sucker Punch"],"picked":"Backflip","floor":21},{"not_picked":["Sucker Punch","Dagger Spray"],"picked":"After Image","floor":23},{"not_picked":["Quick Slash","Eviscerate"],"picked":"Flying Knee+1","floor":25},{"not_picked":["Dodge and Roll","Corpse Explosion"],"picked":"Riddle With Holes","floor":27},{"not_picked":["Sucker Punch","Endless Agony"],"picked":"Dagger Throw","floor":30},{"not_picked":["Distraction","Dagger Spray"],"picked":"PiercingWail+1","floor":30}],"player_experience":308926,"relics_obtained":[{"floor":6,"key":"Centennial Puzzle"},{"floor":7,"key":"Odd Mushroom"},{"floor":9,"key":"Meat on the Bone"},{"floor":11,"key":"Bag of Preparation"},{"floor":13,"key":"Smiling Mask"},{"floor":23,"key":"The Courier"},{"floor":26,"key":"Letter Opener"},{"floor":27,"key":"Prayer Wheel"}],"event_choices":[{"damage_healed":0,"gold_gain":0,"player_choice":"Take Damage","damage_taken":17,"relics_obtained":["Golden Idol"],"max_hp_gain":0,"max_hp_loss":0,"event_name":"Golden Idol","floor":3,"gold_loss":0},{"damage_healed":0,"gold_gain":0,"player_choice":"Fought Mushrooms","damage_taken":0,"max_hp_gain":0,"max_hp_loss":0,"event_name":"Mushrooms","floor":7,"gold_loss":0},{"damage_healed":0,"gold_gain":0,"player_choice":"Success","damage_taken":7,"relics_obtained":["Pen Nib"],"max_hp_gain":0,"max_hp_loss":0,"event_name":"Scrap Ooze","floor":14,"gold_loss":0},{"cards_removed":["Blade Dance"],"damage_healed":0,"gold_gain":0,"player_choice":"Gave Gold","damage_taken":0,"max_hp_gain":0,"max_hp_loss":0,"event_name":"Beggar","floor":22,"gold_loss":75},{"damage_healed":0,"gold_gain":0,"player_choice":"Copied","damage_taken":0,"max_hp_gain":0,"max_hp_loss":0,"event_name":"Duplicator","floor":28,"gold_loss":0,"cards_obtained":["Madness"]}],"is_beta":false,"boss_relics":[{"not_picked":["WristBlade","Philosopher\u0027s Stone"],"picked":"Pandora\u0027s Box"}],"items_purged_floors":[],"is_endless":false,"potions_floor_spawned":[2,7,11,19,25],"killed_by":"Book of Stabbing","ascension_level":7}