{"gold_per_floor":[109,121,132,132,207,242,242,34,104,204,235,252,285,300,300,396,396,406,38,34,34,34,34],"floor_reached":23,"playtime":1308,"items_purged":[],"score":314,"play_id":"8fd091ad-9017-4f05-b4db-03fd3d90287a","local_time":"20190723113118","is_ascension_mode":true,"campfire_choices":[{"data":"Deadly Poison","floor":7.0,"key":"SMITH"},{"floor":15.0,"key":"REST"}],"neow_cost":"NONE","seed_source_timestamp":8832632439801,"circlet_count":0,"master_deck":["AscendersBane","Strike_G","Strike_G","Strike_G","Strike_G","Strike_G","Defend_G","Defend_G","Defend_G","Defend_G","Defend_G","Survivor","Neutralize","Bouncing Flask+1","Dodge and Roll","Deadly Poison+1","Apotheosis","Bouncing Flask","Dodge and Roll","Crippling Poison","Concentrate+1","Adrenaline+1","Outmaneuver+1","Burst+1","Well Laid Plans","Blur+1","Enlightenment+1"],"special_seed":0,"relics":["Ring of the Snake","NeowsBlessing","Bag of Preparation","Ornamental Fan","Gremlin Horn","Toxic Egg 2","Regal Pillow"],"potions_floor_usage":[23],"damage_taken":[{"damage":0.0,"enemies":"Jaw Worm","floor":1.0,"turns":1.0},{"damage":0.0,"enemies":"Small Slimes","floor":2.0,"turns":1.0},{"damage":0.0,"enemies":"Cultist","floor":3.0,"turns":1.0},{"damage":16.0,"enemies":"Gremlin Nob","floor":6.0,"turns":4.0},{"damage":7.0,"enemies":"Lagavulin","floor":11.0,"turns":4.0},{"damage":10.0,"enemies":"Large Slime","floor":12.0,"turns":7.0},{"damage":11.0,"enemies":"Gremlin Nob","floor":13.0,"turns":5.0},{"damage":4.0,"enemies":"Lots of Slimes","floor":14.0,"turns":4.0},{"damage":22.0,"enemies":"Slime Boss","floor":16.0,"turns":14.0},{"damage":35.0,"enemies":"Chosen","floor":18.0,"turns":7.0},{"damage":11.0,"enemies":"2 Thieves","floor":20.0,"turns":4.0},{"damage":19,"enemies":"Gremlin Leader","floor":23,"turns":3}],"seed_played":"2544592053207629833","potions_obtained":[{"floor":1.0,"key":"GhostInAJar"},{"floor":3.0,"key":"PowerPotion"},{"floor":12.0,"key":"FairyPotion"},{"floor":13.0,"key":"Fire Potion"},{"floor":16.0,"key":"FearPotion"},{"floor":18.0,"key":"Block Potion"},{"floor":20.0,"key":"Swift Potion"}],"is_trial":false,"path_per_floor":["M","M","M","?","?","E","R","$","T","?","E","M","E","M","R","B",null,"M","$","M","?","$","E"],"character_chosen":"THE_SILENT","items_purchased":["Apotheosis","Bouncing Flask","Burst+1","Well Laid Plans","Regal Pillow"],"campfire_rested":1,"item_purchase_floors":[8,8,19,19,19],"current_hp_per_floor":[63,63,63,63,52,36,36,36,36,36,29,19,8,4,25,3,53,18,18,7,7,7,0],"gold":34,"neow_bonus":"THREE_ENEMY_KILL","is_prod":false,"is_daily":false,"chose_seed":false,"campfire_upgraded":1,"win_rate":0,"timestamp":1563906678,"path_taken":["M","M","M","?","?","E","R","$","T","?","E","?","E","M","R","BOSS","M","$","M","?","$","E"],"build_version":"2019-07-17","purchased_purges":0,"victory":false,"max_hp_per_floor":[70,70,70,70,70,70,70,70,70,70,70,70,70,70,70,70,70,70,70,70,70,70,70],"card_choices":[{"not_picked":["Deflect","Bane"],"picked":"Bouncing Flask","floor":1.0},{"not_picked":["Choke","Slice"],"picked":"Dodge and Roll","floor":2.0},{"not_picked":["Backflip","All Out Attack"],"picked":"Deadly Poison","floor":3.0},{"not_picked":["Endless Agony","Prepared","Phantasmal Killer"],"picked":"SKIP","floor":6.0},{"not_picked":["Unload","Dash"],"picked":"Dodge and Roll","floor":11.0},{"not_picked":["Finisher","Tactician"],"picked":"Crippling Poison","floor":12.0},{"not_picked":["Outmaneuver","Crippling Poison"],"picked":"Concentrate","floor":13.0},{"not_picked":["Cloak And Dagger+1","Underhanded Strike","Endless Agony"],"picked":"SKIP","floor":14.0},{"not_picked":["Storm of Steel+1","Doppelganger+1"],"picked":"Adrenaline+1","floor":16.0},{"not_picked":["Sucker Punch+1","Acrobatics+1"],"picked":"Outmaneuver+1","floor":18.0},{"not_picked":["Sucker Punch","Backflip+1"],"picked":"Blur+1","floor":20.0}],"player_experience":430829,"relics_obtained":[{"floor":6.0,"key":"Bag of Preparation"},{"floor":9.0,"key":"Ornamental Fan"},{"floor":11.0,"key":"Gremlin Horn"},{"floor":13.0,"key":"Toxic Egg 2"}],"event_choices":[{"damage_healed":0.0,"max_hp_gain":0.0,"max_hp_loss":0.0,"gold_gain":0.0,"event_name":"Living Wall","player_choice":"Grow","floor":4.0,"gold_loss":0.0,"damage_taken":0.0,"cards_upgraded":["Bouncing Flask"]},{"damage_healed":0.0,"max_hp_gain":0.0,"max_hp_loss":0.0,"gold_gain":75.0,"event_name":"World of Goop","player_choice":"Gather Gold","floor":5.0,"gold_loss":0.0,"damage_taken":11.0},{"damage_healed":0.0,"max_hp_gain":0.0,"max_hp_loss":0.0,"gold_gain":100.0,"event_name":"Golden Shrine","player_choice":"Pray","floor":10.0,"gold_loss":0.0,"damage_taken":0.0},{"damage_healed":0.0,"max_hp_gain":0.0,"max_hp_loss":0.0,"gold_gain":0.0,"event_name":"Match and Keep!","player_choice":"1 cards matched","floor":21.0,"gold_loss":0.0,"damage_taken":0.0,"cards_obtained":["Enlightenment"]}],"is_beta":false,"boss_relics":[{"not_picked":["Velvet Choker","Philosopher\u0027s Stone","Snecko Eye"]}],"items_purged_floors":[],"is_endless":false,"potions_floor_spawned":[1,3,12,13,16,18,20],"killed_by":"Gremlin Leader","ascension_level":10}