{"gold_per_floor":[111,130,130,0,14,49,61,86,162,189,201,232,250,250,250,323,323,334,234,234,7,21,21,50,50,50,82,102,129,129,141,141,217,217,235,110,120,134,134,134,161,161,185,215,215,215,65,75,75,75,75,75,75,20,54,54],"floor_reached":57,"playtime":8576,"items_purged":["Strike_B","Strike_B","Writhe","Clumsy"],"score":4046,"play_id":"b8ce7c23-3c56-4a67-afa5-74b53c528e5d","local_time":"20190815024038","is_ascension_mode":true,"campfire_choices":[{"data":"Apotheosis","floor":15.0,"key":"SMITH"},{"floor":23.0,"key":"DIG"},{"floor":32.0,"key":"DIG"},{"floor":40.0,"key":"DIG"},{"floor":42.0,"key":"DIG"},{"floor":49,"key":"RECALL"},{"floor":53,"key":"DIG"}],"neow_cost":"","seed_source_timestamp":0,"circlet_count":0,"master_deck":["AscendersBane","Strike_B","Strike_B","Defend_B","Defend_B","Defend_B","Defend_B+1","Zap","Dualcast+1","Consume","Apotheosis+1","Genetic Algorithm","Cold Snap","Genetic Algorithm+1","Cold Snap+1","Seek","Ball Lightning","Tempest","Conserve Battery","Echo Form","Blizzard","Hologram","Recycle","Conserve Battery+1","Echo Form","Defragment","Defragment+1","Double Energy","Core Surge","Turbo+1","Glacier+1","Coolheaded","Storm"],"special_seed":0,"relics":["Cracked Core","Calipers","Strawberry","Dead Branch","Runic Capacitor","Bag of Preparation","Ice Cream","Shovel","Centennial Puzzle","Mummified Hand","Pear","Prayer Wheel","Fusion Hammer","Oddly Smooth Stone","Vajra","Omamori","Mango","Shuriken","Necronomicon","Sundial","Calling Bell","Orichalcum","Ornamental Fan","Gambling Chip","Dodecahedron","Unceasing Top","Bird Faced Urn","Bronze Scales","Bag of Marbles","Blue Candle","War Paint"],"potions_floor_usage":[56,56],"damage_taken":[{"damage":0.0,"enemies":"Cultist","floor":1.0,"turns":4.0},{"damage":4.0,"enemies":"Jaw Worm","floor":2.0,"turns":4.0},{"damage":0.0,"enemies":"Small Slimes","floor":5.0,"turns":5.0},{"damage":54.0,"enemies":"Gremlin Nob","floor":6.0,"turns":5.0},{"damage":11.0,"enemies":"Exordium Wildlife","floor":7.0,"turns":6.0},{"damage":7.0,"enemies":"Lagavulin","floor":8.0,"turns":5.0},{"damage":6.0,"enemies":"3 Sentries","floor":10.0,"turns":3.0},{"damage":3.0,"enemies":"Lots of Slimes","floor":11.0,"turns":5.0},{"damage":15.0,"enemies":"Gremlin Nob","floor":12.0,"turns":4.0},{"damage":0.0,"enemies":"Large Slime","floor":13.0,"turns":7.0},{"damage":0.0,"enemies":"The Guardian","floor":16.0,"turns":10.0},{"damage":3.0,"enemies":"Chosen","floor":18.0,"turns":20.0},{"damage":1.0,"enemies":"3 Byrds","floor":22.0,"turns":7.0},{"damage":13.0,"enemies":"Slavers","floor":24.0,"turns":13.0},{"damage":12.0,"enemies":"Book of Stabbing","floor":27.0,"turns":5.0},{"damage":0.0,"enemies":"Sentry and Sphere","floor":28.0,"turns":5.0},{"damage":4.0,"enemies":"Gremlin Leader","floor":29.0,"turns":6.0},{"damage":0.0,"enemies":"Snake Plant","floor":31.0,"turns":6.0},{"damage":1.0,"enemies":"Champ","floor":33.0,"turns":10.0},{"damage":0.0,"enemies":"Orb Walker","floor":35.0,"turns":4.0},{"damage":19.0,"enemies":"3 Darklings","floor":37.0,"turns":9.0},{"damage":7.0,"enemies":"Sphere and 2 Shapes","floor":38.0,"turns":11.0},{"damage":0.0,"enemies":"Giant Head","floor":41.0,"turns":6.0},{"damage":0.0,"enemies":"Reptomancer","floor":44.0,"turns":6.0},{"damage":0.0,"enemies":"Jaw Worm Horde","floor":48.0,"turns":5.0},{"damage":0,"enemies":"Time Eater","floor":50,"turns":7},{"damage":9,"enemies":"Donu and Deca","floor":51,"turns":4},{"damage":0,"enemies":"Shield and Spear","floor":55,"turns":6},{"damage":0,"enemies":"The Heart","floor":56,"turns":8}],"seed_played":"-6862228549532965885","potions_obtained":[{"floor":6.0,"key":"AttackPotion"},{"floor":7.0,"key":"Ancient Potion"},{"floor":8.0,"key":"PowerPotion"},{"floor":11.0,"key":"SpeedPotion"},{"floor":24.0,"key":"Poison Potion"},{"floor":27.0,"key":"Weak Potion"},{"floor":31.0,"key":"Explosive Potion"},{"floor":33.0,"key":"PowerPotion"},{"floor":55,"key":"EssenceOfSteel"}],"is_trial":false,"path_per_floor":["M","M","?","$","M","E","M","E","T","E","M","E","M","?","R","B",null,"M","$","?","$","M","R","E","?","T","E","M","E","?","M","R","B",null,"M","$","M","M","$","R","E","R","T","E","?","?","$","M","R","B","B",null,"R","$","E","B",null],"character_chosen":"DEFECT","items_purchased":["Calipers","Strawberry","Runic Capacitor","Consume","Apotheosis","Bag of Preparation","Self Repair","PowerPotion","Oddly Smooth Stone","Hologram","SkillPotion"],"campfire_rested":0,"item_purchase_floors":[0,0,0,0,0,0,4,4,21,21,54],"current_hp_per_floor":[64,60,55,55,65,18,17,20,20,34,41,36,46,20,20,30,74,88,88,88,88,88,88,88,88,88,97,102,102,81,101,101,102,102,102,102,102,102,102,102,102,102,102,102,102,112,112,112,112,112,112,112,112,112,112,112],"gold":54,"neow_bonus":"","is_prod":false,"is_daily":false,"chose_seed":false,"campfire_upgraded":1,"win_rate":0,"timestamp":1565854838,"path_taken":["M","M","?","$","M","E","M","E","T","E","M","E","M","?","R","BOSS","M","$","?","$","M","R","E","?","T","E","M","E","?","?","R","BOSS","M","?","M","M","$","R","E","R","T","E","?","?","$","M","R","BOSS","BOSS","R","$","E","BOSS"],"build_version":"2019-07-17","purchased_purges":4,"victory":true,"max_hp_per_floor":[78,78,78,78,78,78,78,78,78,88,88,88,88,88,88,88,88,88,88,88,88,88,88,88,88,88,102,102,102,102,102,102,102,102,102,102,102,102,102,102,102,102,102,102,102,112,112,112,112,112,112,112,112,112,112,112],"card_choices":[{"not_picked":["Turbo","Storm","Force Field"],"picked":"SKIP","floor":1.0},{"not_picked":["Melter","Ball Lightning"],"picked":"Genetic Algorithm","floor":2.0},{"not_picked":["Sweeping Beam","Leap"],"picked":"Cold Snap","floor":5.0},{"not_picked":["Self Repair","Steam Power"],"picked":"Genetic Algorithm","floor":6.0},{"not_picked":["Rip and Tear","Streamline"],"picked":"Cold Snap","floor":7.0},{"not_picked":["Streamline","Melter"],"picked":"Rainbow","floor":8.0},{"not_picked":["Auto Shields","Turbo"],"picked":"Seek","floor":10.0},{"not_picked":["Hello World","Gash"],"picked":"Ball Lightning","floor":11.0},{"not_picked":["Darkness","Barrage"],"picked":"Tempest","floor":12.0},{"not_picked":["Steam","Reprogram"],"picked":"Conserve Battery","floor":13.0},{"not_picked":["Doom and Gloom","Steam Power","Force Field"],"picked":"SKIP","floor":13.0},{"not_picked":["Seek","Creative AI"],"picked":"Echo Form","floor":16.0},{"not_picked":["Stack","Ball Lightning"],"picked":"Blizzard","floor":18.0},{"not_picked":["Streamline","Cold Snap","Reprogram"],"picked":"SKIP","floor":18.0},{"not_picked":["Reprogram","Skim"],"picked":"Recycle","floor":22.0},{"not_picked":["Sweeping Beam","Streamline"],"picked":"Conserve Battery+1","floor":22.0},{"not_picked":["Heatsinks","Coolheaded"],"picked":"Echo Form","floor":24.0},{"not_picked":["BootSequence","Machine Learning"],"picked":"Defragment+1","floor":27.0},{"not_picked":["Steam","Stack+1","Streamline+1"],"picked":"SKIP","floor":28.0},{"not_picked":["Cold Snap","Rip and Tear","Storm"],"picked":"SKIP","floor":28.0},{"not_picked":["Scrape","Hologram","Conserve Battery"],"picked":"SKIP","floor":29.0},{"not_picked":["Lockon","Steam"],"picked":"Double Energy","floor":31.0},{"not_picked":["Conserve Battery+1","Hyperbeam","Go for the Eyes"],"picked":"SKIP","floor":31.0},{"not_picked":["Hyperbeam","Fission"],"picked":"Core Surge","floor":33.0},{"not_picked":["Barrage","Gash"],"picked":"Turbo+1","floor":35.0},{"not_picked":["Beam Cell+1","Redo","Stack"],"picked":"SKIP","floor":35.0},{"not_picked":["Fusion","Storm"],"picked":"Glacier+1","floor":37.0},{"not_picked":["Recycle+1","Gash+1"],"picked":"Coolheaded","floor":37.0},{"not_picked":["Coolheaded+1","Steam","Stack"],"picked":"SKIP","floor":38.0},{"not_picked":["Beam Cell","Force Field","Reinforced Body"],"picked":"SKIP","floor":38.0},{"not_picked":["Undo+1","Genetic Algorithm+1","Sweeping Beam"],"picked":"SKIP","floor":41.0},{"not_picked":["Darkness","Steam","Beam Cell"],"picked":"SKIP","floor":44.0},{"not_picked":["Stack+1","Sweeping Beam"],"picked":"Storm","floor":48.0},{"not_picked":["Redo","Machine Learning","Go for the Eyes"],"picked":"SKIP","floor":48.0},{"not_picked":["Steam","Reprogram+1","Beam Cell"],"picked":"SKIP","floor":55}],"player_experience":2024955,"relics_obtained":[{"floor":6.0,"key":"Shovel"},{"floor":8.0,"key":"Centennial Puzzle"},{"floor":9.0,"key":"Mummified Hand"},{"floor":10.0,"key":"Pear"},{"floor":12.0,"key":"Prayer Wheel"},{"floor":23.0,"key":"Vajra"},{"floor":24.0,"key":"Omamori"},{"floor":27.0,"key":"Mango"},{"floor":29.0,"key":"Shuriken"},{"floor":30.0,"key":"Necronomicon"},{"floor":32.0,"key":"Sundial"},{"floor":34.0,"key":"Orichalcum"},{"floor":34.0,"key":"Ornamental Fan"},{"floor":34.0,"key":"Gambling Chip"},{"floor":40.0,"key":"Dodecahedron"},{"floor":41.0,"key":"Unceasing Top"},{"floor":42.0,"key":"Bird Faced Urn"},{"floor":43.0,"key":"Bronze Scales"},{"floor":44.0,"key":"Bag of Marbles"},{"floor":53,"key":"Blue Candle"},{"floor":55,"key":"War Paint"}],"event_choices":[{"damage_healed":0.0,"max_hp_gain":0.0,"max_hp_loss":0.0,"gold_gain":0.0,"event_name":"Scrap Ooze","player_choice":"Success","floor":3.0,"gold_loss":0.0,"damage_taken":5.0,"relics_obtained":["Ice Cream"]},{"damage_healed":0.0,"max_hp_gain":0.0,"max_hp_loss":0.0,"gold_gain":0.0,"event_name":"Shining Light","player_choice":"Entered Light","floor":14.0,"gold_loss":0.0,"damage_taken":26.0,"cards_upgraded":["Cold Snap","Dualcast"]},{"damage_healed":0.0,"max_hp_gain":0.0,"max_hp_loss":0.0,"gold_gain":0.0,"event_name":"Vampires","player_choice":"Ignored","floor":20.0,"gold_loss":0.0,"damage_taken":0.0},{"damage_healed":0.0,"max_hp_gain":0.0,"max_hp_loss":0.0,"gold_gain":0.0,"event_name":"The Library","player_choice":"Read","floor":25.0,"gold_loss":0.0,"damage_taken":0.0,"cards_obtained":["Defragment"]},{"damage_healed":0.0,"max_hp_gain":0.0,"max_hp_loss":0.0,"gold_gain":0.0,"event_name":"Cursed Tome","player_choice":"Obtained Book","floor":30.0,"gold_loss":0.0,"damage_taken":21.0},{"cards_removed":["Self Repair"],"damage_healed":0.0,"max_hp_gain":0.0,"max_hp_loss":0.0,"gold_gain":0.0,"event_name":"Falling","player_choice":"Removed Power","floor":45.0,"gold_loss":0.0,"damage_taken":0.0},{"cards_removed":["Rainbow"],"damage_healed":0.0,"max_hp_gain":10.0,"max_hp_loss":0.0,"gold_gain":0.0,"event_name":"Bonfire Elementals","player_choice":"Offered Rare","floor":46.0,"gold_loss":0.0,"damage_taken":0.0}],"is_beta":false,"boss_relics":[{"not_picked":["Empty Cage","Pandora\u0027s Box"],"picked":"Fusion Hammer"},{"not_picked":["White Beast Statue","Runic Dome"],"picked":"Calling Bell"}],"items_purged_floors":[0,19,36,47],"is_endless":false,"potions_floor_spawned":[6,7,8,11,13,22,24,27,31,33,37,41,48,55],"ascension_level":20}