{"gold_per_floor":[115,115,115,134,58,87,87,105,105,105,118,161,161,161],"floor_reached":14,"playtime":718,"items_purged":[],"score":118,"play_id":"94e25a3e-2599-435c-b6b7-da306b95b010","local_time":"20180902214309","is_ascension_mode":true,"campfire_choices":[],"neow_cost":"NONE","seed_source_timestamp":1403225347245551,"circlet_count":0,"master_deck":["Strike_R+1","Strike_R","Strike_R","Strike_R+1","Defend_R","Defend_R","Defend_R","Defend_R","Bash","Offering","Combust+1","Rage","Rupture","Heavy Blade","Regret","Dual Wield","Infernal Blade","Shrug It Off"],"relics":["Burning Blood","Ornamental Fan","Gremlin Horn","Regal Pillow","Golden Idol","Prayer Wheel"],"potions_floor_usage":[11,12,12],"damage_taken":[{"damage":7,"enemies":"2 Louse","floor":1,"turns":3},{"damage":0,"enemies":"Cultist","floor":4,"turns":2},{"damage":24,"enemies":"3 Sentries","floor":6,"turns":5},{"damage":14,"enemies":"Jaw Worm","floor":8,"turns":2},{"damage":11,"enemies":"Looter","floor":11,"turns":3},{"damage":34,"enemies":"Gremlin Nob","floor":12,"turns":5},{"damage":10,"enemies":"Large Slime","floor":14,"turns":1}],"seed_played":"9113296718474074933","potions_obtained":[{"floor":1,"key":"Block Potion"},{"floor":4,"key":"Dexterity Potion"},{"floor":6,"key":"Dexterity Potion"}],"is_trial":false,"path_per_floor":["M","?","?","M","$","E","?","M","T","?","M","E","?"],"character_chosen":"IRONCLAD","items_purchased":["Rupture"],"campfire_rested":0,"item_purchase_floors":[5],"current_hp_per_floor":[79,79,63,69,69,51,51,43,43,43,38,10,10,0],"gold":161,"neow_bonus":"ONE_RANDOM_RARE_CARD","is_prod":false,"is_daily":false,"chose_seed":false,"campfire_upgraded":0,"win_rate":0,"timestamp":1535917389,"path_taken":["M","?","?","M","$","E","?","M","T","?","M","E","?","M"],"build_version":"2018-08-30","purchased_purges":0,"victory":false,"max_hp_per_floor":[80,80,80,80,80,80,80,80,80,74,74,74,74,74],"card_choices":[{"not_picked":["Battle Trance","Cleave"],"picked":"Combust","floor":1},{"not_picked":["Wild Strike","Heavy Blade"],"picked":"Rage","floor":4},{"not_picked":["Perfected Strike","Iron Wave"],"picked":"Heavy Blade","floor":6},{"not_picked":["Havoc","Flex"],"picked":"Dual Wield","floor":8},{"not_picked":["Perfected Strike","Flame Barrier"],"picked":"Infernal Blade","floor":11},{"not_picked":["Corruption","Feed"],"picked":"Shrug It Off","floor":12}],"player_experience":431171,"relics_obtained":[{"floor":6,"key":"Ornamental Fan"},{"floor":9,"key":"Regal Pillow"},{"floor":12,"key":"Prayer Wheel"}],"event_choices":[{"event_name":"Accursed Blacksmith","player_choice":"Forge","floor":2,"damage_taken":0},{"event_name":"Shining Light","player_choice":"Entered Light","floor":3,"damage_taken":0},{"event_name":"Big Fish","player_choice":"Box","floor":7,"damage_taken":0},{"event_name":"Golden Idol","player_choice":"Lose Max HP","floor":10,"damage_taken":0},{"event_name":"Living Wall","player_choice":"Forget","floor":13,"damage_taken":0}],"is_beta":false,"boss_relics":[],"items_purged_floors":[],"is_endless":false,"potions_floor_spawned":[1,4,6],"killed_by":"Large Slime","ascension_level":4}