{"gold_per_floor":[116,41,52,52,68,68,68,68,95,112,187,187,30,43,43,43],"floor_reached":16,"playtime":603,"items_purged":["Strike_G"],"score":180,"play_id":"65ce64b5-e754-41fd-86c6-d9aa18372ea5","local_time":"20190812133713","is_ascension_mode":true,"campfire_choices":[{"data":"Footwork","floor":6.0,"key":"SMITH"},{"data":"Outmaneuver","floor":8.0,"key":"SMITH"},{"data":"Dagger Spray","floor":12.0,"key":"SMITH"},{"data":"Dagger Spray","floor":15.0,"key":"SMITH"}],"neow_cost":"NONE","seed_source_timestamp":1659753549083875,"circlet_count":0,"master_deck":["AscendersBane","Strike_G","Strike_G","Strike_G","Defend_G","Defend_G","Defend_G","Defend_G","Defend_G","Survivor","Neutralize","Outmaneuver+1","Leg Sweep","Footwork+1","Dagger Spray+1","Dagger Spray+1","Quick Slash","Blur"],"special_seed":0,"relics":["Ring of the Snake","Lantern","Strawberry"],"potions_floor_usage":[16,16],"damage_taken":[{"damage":3.0,"enemies":"2 Louse","floor":1.0,"turns":4.0},{"damage":7.0,"enemies":"Jaw Worm","floor":3.0,"turns":5.0},{"damage":0.0,"enemies":"Small Slimes","floor":5.0,"turns":4.0},{"damage":1.0,"enemies":"3 Louse","floor":10.0,"turns":8.0},{"damage":0.0,"enemies":"Exordium Wildlife","floor":14.0,"turns":6.0},{"damage":66,"enemies":"Slime Boss","floor":16,"turns":14}],"seed_played":"6094004387961423033","potions_obtained":[{"floor":3.0,"key":"Explosive Potion"},{"floor":10.0,"key":"SteroidPotion"}],"is_trial":false,"path_per_floor":["M","?","M","?","M","R","?","R","T","M","?","R","$","M","R","B"],"character_chosen":"THE_SILENT","items_purchased":["Dagger Spray","Quick Slash"],"campfire_rested":0,"item_purchase_floors":[13,13],"current_hp_per_floor":[56,56,49,66,66,66,66,66,73,72,61,61,61,61,61,0],"gold":43,"neow_bonus":"RANDOM_COMMON_RELIC","is_prod":false,"is_daily":false,"chose_seed":false,"campfire_upgraded":4,"win_rate":0,"timestamp":1565642233,"path_taken":["M","?","M","?","M","R","?","R","T","M","?","R","$","M","R","BOSS"],"build_version":"2019-07-17","purchased_purges":1,"victory":false,"max_hp_per_floor":[66,66,66,66,66,66,66,66,73,73,73,73,73,73,73,73],"card_choices":[{"not_picked":["Blade Dance","Flying Knee"],"picked":"Outmaneuver","floor":1.0},{"not_picked":["Finisher","Riddle With Holes"],"picked":"Leg Sweep","floor":3.0},{"not_picked":["Dash","Leg Sweep"],"picked":"Footwork","floor":5.0},{"not_picked":["PiercingWail","Acrobatics"],"picked":"Dagger Spray","floor":10.0},{"not_picked":["PiercingWail","Infinite Blades"],"picked":"Blur","floor":14.0}],"player_experience":687579,"relics_obtained":[{"floor":9.0,"key":"Strawberry"}],"event_choices":[{"cards_removed":["Strike_G"],"damage_healed":0.0,"max_hp_gain":0.0,"max_hp_loss":0.0,"gold_gain":0.0,"event_name":"The Cleric","player_choice":"Card Removal","floor":2.0,"gold_loss":75.0,"damage_taken":0.0},{"damage_healed":22.0,"max_hp_gain":0.0,"max_hp_loss":0.0,"gold_gain":0.0,"event_name":"Big Fish","player_choice":"Banana","floor":4.0,"gold_loss":0.0,"damage_taken":0.0},{"damage_healed":0.0,"max_hp_gain":0.0,"max_hp_loss":0.0,"gold_gain":0.0,"event_name":"Dead Adventurer","player_choice":"Searched \u00270\u0027 times","floor":7.0,"gold_loss":0.0,"damage_taken":0.0},{"damage_healed":0.0,"max_hp_gain":0.0,"max_hp_loss":0.0,"gold_gain":75.0,"event_name":"World of Goop","player_choice":"Gather Gold","floor":11.0,"gold_loss":0.0,"damage_taken":11.0}],"is_beta":false,"boss_relics":[],"items_purged_floors":[13],"is_endless":false,"potions_floor_spawned":[3,10],"killed_by":"Slime Boss","ascension_level":20}