{"gold_per_floor":[112,187,207,207,225,225,254,254,254,254,272,284,295,61,61,61],"floor_reached":16,"playtime":1386,"items_purged":["Strike_G"],"score":204,"play_id":"a48f208f-ce4b-4e86-8e30-96fa95513488","local_time":"20190815111726","is_ascension_mode":true,"campfire_choices":[{"data":"Glass Knife","floor":6.0,"key":"SMITH"},{"floor":8.0,"key":"REST"},{"data":"Deadly Poison","floor":10.0,"key":"SMITH"},{"floor":15.0,"key":"REST"}],"neow_cost":"NONE","seed_source_timestamp":1910101727066030,"circlet_count":0,"master_deck":["AscendersBane","Strike_G","Strike_G","Strike_G","Defend_G","Defend_G","Defend_G","Defend_G","Defend_G","Survivor","Neutralize","Glass Knife+1","Deadly Poison","Dodge and Roll","Deadly Poison+1","Dagger Spray+1","Sucker Punch+1","PiercingWail","Deflect","Noxious Fumes","Adrenaline"],"special_seed":0,"relics":["Ring of the Snake","Molten Egg 2","Question Card"],"potions_floor_usage":[16,16],"damage_taken":[{"damage":2.0,"enemies":"2 Louse","floor":1.0,"turns":3.0},{"damage":0.0,"enemies":"Jaw Worm","floor":3.0,"turns":3.0},{"damage":0.0,"enemies":"Cultist","floor":5.0,"turns":3.0},{"damage":30.0,"enemies":"3 Sentries","floor":7.0,"turns":9.0},{"damage":0.0,"enemies":"Exordium Wildlife","floor":11.0,"turns":2.0},{"damage":7.0,"enemies":"Looter","floor":12.0,"turns":3.0},{"damage":9.0,"enemies":"Gremlin Gang","floor":13.0,"turns":4.0},{"damage":38,"enemies":"Slime Boss","floor":16,"turns":5}],"seed_played":"4355824262637721263","potions_obtained":[{"floor":3.0,"key":"SkillPotion"},{"floor":11.0,"key":"Dexterity Potion"},{"floor":12.0,"key":"Dexterity Potion"}],"is_trial":false,"path_per_floor":["M","?","M","?","M","R","E","R","T","R","M","M","M","$","R","B"],"character_chosen":"THE_SILENT","items_purchased":["Noxious Fumes","Adrenaline"],"campfire_rested":2,"item_purchase_floors":[14,14],"current_hp_per_floor":[57,46,46,46,46,46,16,35,35,35,35,28,19,19,38,0],"gold":61,"neow_bonus":"ONE_RANDOM_RARE_CARD","is_prod":false,"is_daily":false,"chose_seed":false,"campfire_upgraded":2,"win_rate":0,"timestamp":1565893046,"path_taken":["M","?","M","?","M","R","E","R","T","R","M","M","?","$","R","BOSS"],"build_version":"2019-07-17","purchased_purges":1,"victory":false,"max_hp_per_floor":[66,66,66,66,66,66,66,66,66,66,66,66,66,66,66,66],"card_choices":[{"not_picked":["PiercingWail","Expertise"],"picked":"Deadly Poison","floor":1.0},{"not_picked":["All Out Attack","Slice"],"picked":"Dodge and Roll","floor":3.0},{"not_picked":["Underhanded Strike","Skewer"],"picked":"Deadly Poison","floor":5.0},{"not_picked":["Underhanded Strike","Outmaneuver"],"picked":"Dagger Spray","floor":7.0},{"not_picked":["Dagger Spray+1","Poisoned Stab+1","Blade Dance"],"picked":"Sucker Punch+1","floor":11.0},{"not_picked":["Acrobatics","Setup","Escape Plan"],"picked":"PiercingWail","floor":12.0},{"not_picked":["Cloak And Dagger","Phantasmal Killer","Dagger Throw+1"],"picked":"Deflect","floor":13.0}],"player_experience":742736,"relics_obtained":[{"floor":7.0,"key":"Molten Egg 2"},{"floor":9.0,"key":"Question Card"}],"event_choices":[{"damage_healed":0.0,"max_hp_gain":0.0,"max_hp_loss":0.0,"gold_gain":75.0,"event_name":"World of Goop","player_choice":"Gather Gold","floor":2.0,"gold_loss":0.0,"damage_taken":11.0},{"cards_removed":["Strike_G"],"damage_healed":0.0,"max_hp_gain":0.0,"max_hp_loss":0.0,"gold_gain":0.0,"event_name":"Bonfire Elementals","player_choice":"Offered Basic","floor":4.0,"gold_loss":0.0,"damage_taken":0.0}],"is_beta":false,"boss_relics":[],"items_purged_floors":[14],"is_endless":false,"potions_floor_spawned":[3,11,12],"killed_by":"Slime Boss","ascension_level":20}