{"gold_per_floor":[118,118,118,135,151,151,184,202,228,260,276,276,288,288,288,391,391,381,414,414,34,34,34,34,34,34,46,388,40,70,80,80,177,177,195,208,208,208,219,245,245,278,303,320,320,339,359,66,66,66],"floor_reached":51,"playtime":6480,"items_purged":["Parasite"],"score":1189,"play_id":"7b2d7d2e-a720-4f59-859a-716bb886516e","local_time":"20190717130205","is_ascension_mode":true,"campfire_choices":[{"data":"Glass Knife","floor":6,"key":"SMITH"},{"data":"Terror","floor":12,"key":"SMITH"},{"data":"Footwork","floor":15,"key":"SMITH"},{"floor":23,"key":"REST"},{"data":"Wraith Form v2","floor":25,"key":"SMITH"},{"data":"Adrenaline","floor":27,"key":"SMITH"},{"floor":32,"key":"REST"},{"data":"Concentrate","floor":41,"key":"SMITH"},{"data":"Adrenaline","floor":49,"key":"SMITH"}],"neow_cost":"NONE","seed_source_timestamp":423371817279696,"circlet_count":0,"master_deck":["Defend_G","Defend_G","Defend_G","Defend_G","Defend_G","Survivor","Neutralize","Leg Sweep","Neutralize","Glass Knife+1","Backflip","Acrobatics","Corpse Explosion","Footwork+1","Terror+1","Masterful Stab","Dodge and Roll","Adrenaline+1","Caltrops+1","Acrobatics","Wraith Form v2+1","Bite","Bite","Bite","Bite","Bite","Sucker Punch+1","Adrenaline+1","Well Laid Plans","Concentrate+1","Quick Slash","Dagger Throw","Calculated Gamble+1","Envenom","Deflect","Crippling Poison+1","Adrenaline+1","Acrobatics+1","Predator+1","Dodge and Roll+1","Acrobatics+1","Madness+1","Madness+1","Reflex+1","Heel Hook+1","Flying Knee","Deflect+1"],"relics":["Ring of the Serpent","Juzu Bracelet","Ancient Tea Set","Black Star","Red Mask","Regal Pillow","Ice Cream","Thread and Needle","MawBank","Pear","Old Coin","Membership Card","Ninja Scroll","Oddly Smooth Stone","Toxic Egg 2","Strawberry","Paper Crane","Incense Burner","Omamori","Pantograph","Blood Vial"],"potions_floor_usage":[8,16,16,18,33,39,40],"damage_taken":[{"damage":2,"enemies":"2 Louse","floor":1,"turns":3},{"damage":0,"enemies":"Jaw Worm","floor":4,"turns":3},{"damage":0,"enemies":"Cultist","floor":5,"turns":3},{"damage":11,"enemies":"3 Sentries","floor":7,"turns":15},{"damage":0,"enemies":"Red Slaver","floor":8,"turns":2},{"damage":25,"enemies":"Lagavulin","floor":10,"turns":10},{"damage":6,"enemies":"Looter","floor":11,"turns":4},{"damage":0,"enemies":"Blue Slaver","floor":13,"turns":2},{"damage":0,"enemies":"The Guardian","floor":16,"turns":12},{"damage":4,"enemies":"2 Thieves","floor":18,"turns":4},{"damage":60,"enemies":"Masked Bandits","floor":19,"turns":5},{"damage":47,"enemies":"Gremlin Leader","floor":28,"turns":9},{"damage":29,"enemies":"Slavers","floor":30,"turns":4},{"damage":0,"enemies":"Spheric Guardian","floor":31,"turns":5},{"damage":51,"enemies":"Collector","floor":33,"turns":13},{"damage":0,"enemies":"3 Darklings","floor":35,"turns":4},{"damage":1,"enemies":"3 Shapes","floor":36,"turns":4},{"damage":0,"enemies":"Writhing Mass","floor":39,"turns":7},{"damage":44,"enemies":"Giant Head","floor":40,"turns":12},{"damage":0,"enemies":"Nemesis","floor":42,"turns":9},{"damage":0,"enemies":"3 Darklings","floor":44,"turns":2},{"damage":0,"enemies":"Sphere and 2 Shapes","floor":46,"turns":8},{"damage":14,"enemies":"Spire Growth","floor":47,"turns":5},{"damage":9,"enemies":"Awakened One","floor":50,"turns":16}],"seed_played":"-5444711043235771795","potions_obtained":[{"floor":5,"key":"SpeedPotion"},{"floor":7,"key":"AttackPotion"},{"floor":13,"key":"Swift Potion"},{"floor":14,"key":"FairyPotion"},{"floor":14,"key":"Fire Potion"},{"floor":16,"key":"SpeedPotion"},{"floor":18,"key":"FearPotion"},{"floor":30,"key":"Swift Potion"},{"floor":33,"key":"GhostInAJar"},{"floor":35,"key":"SkillPotion"},{"floor":46,"key":"Strength Potion"},{"floor":47,"key":"Block Potion"}],"is_trial":false,"path_per_floor":["M","?","?","M","M","R","E","M","T","E","M","R","M","?","R","B",null,"M","?","?","$","?","R","?","R","T","R","E","$","E","M","R","B",null,"M","M","?","?","M","E","R","E","T","M","?","M","M","$","R","B",null],"character_chosen":"THE_SILENT","items_purchased":["Wraith Form v2","Ice Cream","Membership Card","Adrenaline","Well Laid Plans","Concentrate","Quick Slash","Pantograph","Blood Vial","Flying Knee","Deflect+1"],"campfire_rested":2,"item_purchase_floors":[21,21,29,29,29,29,29,48,48,48,48],"current_hp_per_floor":[68,73,73,73,73,73,62,62,62,37,31,31,31,31,31,31,69,65,5,5,5,5,44,44,44,44,44,23,23,8,18,53,20,55,59,64,64,64,67,32,32,52,52,56,47,53,47,47,47,65],"gold":66,"neow_bonus":"TEN_PERCENT_HP_BONUS","is_prod":false,"is_daily":false,"chose_seed":false,"campfire_upgraded":7,"win_rate":0,"timestamp":1563393725,"path_taken":["M","?","?","M","M","R","E","M","T","E","M","R","M","?","R","BOSS","M","?","?","$","?","R","?","R","T","R","E","$","E","M","R","BOSS","M","M","?","?","M","E","R","E","T","M","?","M","M","$","R","BOSS"],"build_version":"2019-07-05","purchased_purges":1,"victory":true,"max_hp_per_floor":[77,82,82,82,82,82,82,82,82,82,82,82,82,82,82,82,82,82,82,82,82,82,82,57,57,57,57,67,67,67,67,67,67,67,67,67,67,67,67,74,74,74,74,74,74,74,74,71,71,71],"card_choices":[{"not_picked":["Bane","Distraction"],"picked":"Leg Sweep","floor":1},{"not_picked":["Blade Dance","Cloak And Dagger"],"picked":"Backflip","floor":4},{"not_picked":["Sucker Punch","Predator"],"picked":"Acrobatics","floor":5},{"not_picked":["Flechettes","Bane"],"picked":"Corpse Explosion","floor":7},{"not_picked":["Terror","Dodge and Roll"],"picked":"Footwork","floor":8},{"not_picked":["Blade Dance","Backflip"],"picked":"Terror","floor":10},{"not_picked":["Flechettes","Bane"],"picked":"Masterful Stab","floor":11},{"not_picked":["Bane","Cloak And Dagger"],"picked":"Dodge and Roll","floor":13},{"not_picked":["Corpse Explosion","Unload"],"picked":"Adrenaline","floor":16},{"not_picked":["Dagger Spray","Blade Dance"],"picked":"Caltrops+1","floor":18},{"not_picked":["Eviscerate+1","Deflect"],"picked":"Acrobatics","floor":19},{"not_picked":["Skewer","Prepared"],"picked":"Sucker Punch+1","floor":28},{"not_picked":["Envenom","Distraction"],"picked":"Dagger Throw","floor":30},{"not_picked":["Dagger Throw","Slice"],"picked":"Calculated Gamble+1","floor":31},{"not_picked":["Night Terror","Wraith Form v2"],"picked":"Envenom","floor":33},{"not_picked":["Dagger Spray+1","Blade Dance"],"picked":"Deflect","floor":35},{"not_picked":["Distraction+1","Poisoned Stab+1"],"picked":"Crippling Poison+1","floor":36},{"not_picked":["Flying Knee+1","Dodge and Roll"],"picked":"Acrobatics+1","floor":39},{"not_picked":["Blade Dance+1","Quick Slash"],"picked":"Predator+1","floor":40},{"not_picked":["Well Laid Plans+1","Dagger Throw"],"picked":"Dodge and Roll+1","floor":42},{"not_picked":["Sucker Punch+1","Prepared+1"],"picked":"Acrobatics+1","floor":44},{"not_picked":["Acrobatics+1","Leg Sweep+1"],"picked":"Reflex+1","floor":46},{"not_picked":["Quick Slash","Sucker Punch+1"],"picked":"Heel Hook+1","floor":47}],"player_experience":330937,"relics_obtained":[{"floor":7,"key":"Juzu Bracelet"},{"floor":10,"key":"Ancient Tea Set"},{"floor":19,"key":"Red Mask"},{"floor":26,"key":"MawBank"},{"floor":28,"key":"Pear"},{"floor":28,"key":"Old Coin"},{"floor":30,"key":"Ninja Scroll"},{"floor":30,"key":"Oddly Smooth Stone"},{"floor":40,"key":"Toxic Egg 2"},{"floor":40,"key":"Strawberry"},{"floor":42,"key":"Paper Crane"},{"floor":42,"key":"Incense Burner"},{"floor":43,"key":"Omamori"}],"event_choices":[{"damage_healed":0,"gold_gain":0,"player_choice":"Donut","damage_taken":0,"max_hp_gain":5,"max_hp_loss":0,"event_name":"Big Fish","floor":2,"gold_loss":0},{"damage_healed":0,"gold_gain":0,"player_choice":"2 cards matched","damage_taken":0,"max_hp_gain":0,"max_hp_loss":0,"event_name":"Match and Keep!","floor":3,"gold_loss":0,"cards_obtained":["Neutralize","Glass Knife"]},{"damage_healed":0,"gold_gain":0,"player_choice":"Got Potions","damage_taken":0,"max_hp_gain":0,"max_hp_loss":0,"event_name":"Lab","floor":14,"gold_loss":0},{"damage_healed":0,"gold_gain":0,"player_choice":"Fought Bandits","damage_taken":0,"max_hp_gain":0,"max_hp_loss":0,"event_name":"Masked Bandits","floor":19,"gold_loss":0},{"damage_healed":0,"gold_gain":0,"player_choice":"Opened","damage_taken":0,"relics_obtained":["Regal Pillow"],"max_hp_gain":0,"max_hp_loss":0,"event_name":"The Mausoleum","floor":20,"gold_loss":0,"cards_obtained":["Writhe"]},{"damage_healed":0,"gold_gain":0,"player_choice":"Gave Potion","damage_taken":0,"relics_obtained":["Thread and Needle"],"max_hp_gain":0,"max_hp_loss":0,"event_name":"WeMeetAgain","floor":22,"gold_loss":0},{"damage_healed":0,"gold_gain":0,"player_choice":"Became a vampire","damage_taken":0,"max_hp_gain":0,"max_hp_loss":25,"event_name":"Vampires","floor":24,"gold_loss":0,"cards_obtained":["Bite","Bite","Bite","Bite","Bite"]},{"cards_removed":["Writhe"],"damage_healed":0,"gold_gain":0,"player_choice":"Removed Curses","damage_taken":0,"max_hp_gain":0,"max_hp_loss":0,"event_name":"Fountain of Cleansing","floor":37,"gold_loss":0},{"damage_healed":0,"gold_gain":0,"player_choice":"Copied","damage_taken":0,"max_hp_gain":0,"max_hp_loss":0,"event_name":"Duplicator","floor":38,"gold_loss":0,"cards_obtained":["Adrenaline"]},{"damage_healed":0,"gold_gain":0,"player_choice":"Embrace Madness","damage_taken":9,"max_hp_gain":0,"max_hp_loss":0,"event_name":"Winding Halls","floor":45,"gold_loss":0,"cards_obtained":["Madness","Madness"]}],"is_beta":false,"boss_relics":[{"not_picked":["Snecko Eye","Calling Bell"],"picked":"Black Star"},{"not_picked":["Velvet Choker","Empty Cage"],"picked":"Ring of the Serpent"}],"items_purged_floors":[48],"is_endless":false,"potions_floor_spawned":[5,7,13,16,18,30,33,35,46,47],"ascension_level":8}