{"gold_per_floor":[114,64,64,64,64,98,115,143,143,161,178,32,32,50,50,145,145,160,259,309,24,43,43,71,24,24,24,44,71,71,71,71,71],"floor_reached":33,"playtime":2588,"items_purged":["Strike_R"],"score":349,"play_id":"e42b88b8-ac56-4be0-865e-4e363f5b49ba","local_time":"20180828001757","is_ascension_mode":true,"campfire_choices":[{"data":"Spot Weakness","floor":13,"key":"SMITH"},{"data":"Dark Embrace","floor":15,"key":"SMITH"},{"data":"Warcry","floor":23,"key":"SMITH"},{"data":"True Grit","floor":27,"key":"SMITH"},{"data":"Warcry","floor":30,"key":"SMITH"},{"data":"Havoc","floor":32,"key":"SMITH"}],"neow_cost":"NONE","seed_source_timestamp":892174966276435,"circlet_count":0,"master_deck":["Strike_R+1","Defend_R","Defend_R","Defend_R","Defend_R+1","Bash","Shrug It Off","Dark Embrace+1","Inflame","Havoc+1","Reaper","Disarm","Anger","Spot Weakness+1","Warcry+1","Offering","Burning Pact","Warcry+1","Feel No Pain+1","Reaper","True Grit+1","Anger","Offering","Anger"],"relics":["Burning Blood","Gambling Chip","Pear","Frozen Egg 2","Mark of Pain","Bottled Tornado","Singing Bowl","Lantern","Dodecahedron"],"potions_floor_usage":[6,8,16],"damage_taken":[{"damage":2,"enemies":"Jaw Worm","floor":1,"turns":3},{"damage":25,"enemies":"3 Sentries","floor":6,"turns":14},{"damage":0,"enemies":"Small Slimes","floor":7,"turns":3},{"damage":36,"enemies":"Gremlin Nob","floor":8,"turns":5},{"damage":19,"enemies":"2 Louse","floor":10,"turns":3},{"damage":14,"enemies":"2 Fungi Beasts","floor":11,"turns":4},{"damage":6,"enemies":"3 Louse","floor":14,"turns":3},{"damage":38,"enemies":"Slime Boss","floor":16,"turns":9},{"damage":10,"enemies":"Chosen","floor":18,"turns":5},{"damage":22,"enemies":"Shell Parasite","floor":22,"turns":7},{"damage":39,"enemies":"Gremlin Leader","floor":24,"turns":5},{"damage":8,"enemies":"Cultist and Chosen","floor":28,"turns":4},{"damage":67,"enemies":"Slavers","floor":29,"turns":7},{"damage":84,"enemies":"Champ","floor":33,"turns":8}],"seed_played":"944987895936085106","potions_obtained":[{"floor":1,"key":"Weak Potion"},{"floor":6,"key":"SteroidPotion"},{"floor":14,"key":"GamblersBrew"},{"floor":28,"key":"FearPotion"},{"floor":29,"key":"EssenceOfSteel"}],"is_trial":false,"path_per_floor":["M","?","?","?","?","E","M","E","T","M","M","$","R","M","R","B",null,"M","?","?","$","M","R","E","$","T","R","M","E","R","?","R"],"character_chosen":"IRONCLAD","items_purchased":["Spot Weakness","Bottled Tornado","Warcry","True Grit"],"campfire_rested":0,"item_purchase_floors":[12,21,21,25],"current_hp_per_floor":[80,80,64,64,64,45,51,31,31,28,32,32,32,60,60,52,90,90,90,90,90,74,74,62,62,62,62,90,65,65,65,65,0],"gold":71,"neow_bonus":"REMOVE_CARD","is_prod":false,"is_daily":false,"chose_seed":false,"campfire_upgraded":6,"win_rate":0,"timestamp":1535408277,"path_taken":["M","?","?","?","?","E","M","E","T","M","?","?","R","M","R","BOSS","M","?","?","$","?","R","E","?","T","R","M","E","R","?","R","BOSS"],"build_version":"2018-08-23v2","purchased_purges":1,"victory":false,"max_hp_per_floor":[80,80,80,80,80,80,80,90,90,90,90,90,90,90,90,90,90,90,90,90,90,90,90,90,90,90,90,90,90,90,90,90,90],"card_choices":[{"not_picked":["Seeing Red","Dual Wield"],"picked":"Shrug It Off","floor":1},{"not_picked":["Perfected Strike","Havoc"],"picked":"Inflame","floor":6},{"not_picked":["Twin Strike","Sever Soul"],"picked":"Havoc","floor":7},{"not_picked":["Pommel Strike","Warcry"],"picked":"Reaper","floor":8},{"not_picked":["Wild Strike","Clothesline"],"picked":"Disarm","floor":10},{"not_picked":["Headbutt","Iron Wave"],"picked":"Anger","floor":11},{"not_picked":["Pummel","Body Slam"],"picked":"Warcry","floor":14},{"not_picked":["Dark Embrace+1","Brutality+1"],"picked":"Offering","floor":16},{"not_picked":["Warcry","Flex"],"picked":"Burning Pact","floor":18},{"not_picked":["Metallicize+1","Heavy Blade+1"],"picked":"Feel No Pain+1","floor":22},{"not_picked":["Flame Barrier+1","Sword Boomerang"],"picked":"Reaper","floor":24},{"not_picked":["Iron Wave+1","True Grit+1"],"picked":"Anger","floor":28},{"not_picked":["Rage+1","Clash+1"],"picked":"Offering","floor":29}],"player_experience":393058,"relics_obtained":[{"floor":6,"key":"Gambling Chip"},{"floor":8,"key":"Pear"},{"floor":9,"key":"Frozen Egg 2"},{"floor":24,"key":"Singing Bowl"},{"floor":26,"key":"Lantern"},{"floor":29,"key":"Dodecahedron"}],"event_choices":[{"event_name":"The Cleric","player_choice":"Card Removal","floor":2,"damage_taken":0},{"event_name":"Shining Light","player_choice":"Entered Light","floor":3,"damage_taken":0},{"event_name":"Liars Game","player_choice":"disagreed","floor":4,"damage_taken":0},{"event_name":"Living Wall","player_choice":"Change","floor":5,"damage_taken":0},{"event_name":"Nest","player_choice":"Stole From Cult","floor":19,"damage_taken":0},{"event_name":"The Joust","player_choice":"Bet on Murderer","floor":20,"damage_taken":0},{"event_name":"The Library","player_choice":"Read","floor":31,"damage_taken":0}],"is_beta":false,"boss_relics":[{"not_picked":["Sozu","Astrolabe"],"picked":"Mark of Pain"}],"items_purged_floors":[12],"is_endless":false,"potions_floor_spawned":[1,6,14,28,29],"killed_by":"Champ","ascension_level":4}