{"gold_per_floor":[109,109,11,21,296,296,329,329,352,5,80,99,99,109,109,207,207,226,237,21,21,41,41,73,100,112,124,136],"floor_reached":28,"playtime":1642,"items_purged":["Regret"],"score":283,"play_id":"ffd8e33c-77e5-493b-8619-dcb201ae9e07","local_time":"20180902221048","is_ascension_mode":true,"campfire_choices":[{"data":"Armaments","floor":6,"key":"SMITH"},{"data":"Whirlwind","floor":8,"key":"SMITH"},{"data":"Inflame","floor":15,"key":"SMITH"},{"data":"Inflame","floor":23,"key":"SMITH"}],"neow_cost":"","seed_source_timestamp":1403959407426007,"circlet_count":0,"master_deck":["Strike_R","Strike_R+1","Strike_R","Strike_R","Defend_R","Defend_R","Defend_R","Defend_R","Bash+1","Shockwave","Whirlwind+1","Armaments+1","Warcry","Thunderclap","Inflame+1","Inflame+1","Dual Wield","Reaper","Heavy Blade","Shrug It Off+1","Hemokinesis","Heavy Blade","Heavy Blade","Berserk+1"],"relics":["Burning Blood","Bag of Marbles","Happy Flower","DollysMirror","Calipers","Velvet Choker","Whetstone","MawBank","Centennial Puzzle"],"potions_floor_usage":[14,19,22,25,28,28],"damage_taken":[{"damage":5,"enemies":"Small Slimes","floor":1,"turns":3},{"damage":0,"enemies":"2 Louse","floor":4,"turns":3},{"damage":46,"enemies":"Lagavulin","floor":7,"turns":7},{"damage":0,"enemies":"Cultist","floor":12,"turns":3},{"damage":6,"enemies":"Looter","floor":14,"turns":2},{"damage":24,"enemies":"Hexaghost","floor":16,"turns":8},{"damage":24,"enemies":"Spheric Guardian","floor":18,"turns":4},{"damage":5,"enemies":"Shell Parasite","floor":19,"turns":4},{"damage":10,"enemies":"3 Cultists","floor":22,"turns":4},{"damage":53,"enemies":"Book of Stabbing","floor":24,"turns":5},{"damage":27,"enemies":"Snake Plant","floor":25,"turns":3},{"damage":51,"enemies":"Chosen and Byrds","floor":28,"turns":4}],"seed_played":"4234174615528779044","potions_obtained":[{"floor":4,"key":"BloodPotion"},{"floor":12,"key":"Energy Potion"},{"floor":18,"key":"Swift Potion"},{"floor":24,"key":"SpeedPotion"}],"is_trial":false,"path_per_floor":["M","?","$","M","?","R","E","R","T","$","?","M","T","M","R","B",null,"M","M","$","?","M","R","E","M","T","?"],"character_chosen":"IRONCLAD","items_purchased":["Whirlwind","Armaments","Inflame","DollysMirror","Whetstone","Hemokinesis"],"campfire_rested":0,"item_purchase_floors":[3,3,10,10,20,20],"current_hp_per_floor":[80,73,73,79,79,79,39,39,39,39,28,34,34,34,34,16,80,62,63,63,39,73,73,36,33,33,33,0],"gold":136,"neow_bonus":"","is_prod":false,"is_daily":false,"chose_seed":false,"campfire_upgraded":4,"win_rate":0,"timestamp":1535919048,"path_taken":["M","?","?","?","?","R","E","R","T","$","?","?","?","M","R","BOSS","M","M","$","?","M","R","E","M","T","?","M"],"build_version":"2018-08-30","purchased_purges":1,"victory":false,"max_hp_per_floor":[80,80,80,80,80,80,80,80,80,80,80,80,80,80,80,80,80,80,80,80,80,80,80,80,80,80,80,80],"card_choices":[{"not_picked":["Warcry","Armaments"],"picked":"Shockwave","floor":1},{"not_picked":["Clash","Iron Wave"],"picked":"Warcry","floor":4},{"not_picked":["Rampage","Body Slam"],"picked":"Thunderclap","floor":7},{"not_picked":["Wild Strike","Anger","Infernal Blade"],"picked":"SKIP","floor":12},{"not_picked":["Body Slam","Warcry"],"picked":"Dual Wield","floor":14},{"not_picked":["Bludgeon","Exhume"],"picked":"Reaper","floor":16},{"not_picked":["Uppercut+1","Warcry"],"picked":"Heavy Blade","floor":18},{"not_picked":["Iron Wave","Flex"],"picked":"Shrug It Off+1","floor":19},{"not_picked":["Twin Strike","True Grit"],"picked":"Heavy Blade","floor":22},{"not_picked":["Cleave","Twin Strike"],"picked":"Heavy Blade","floor":24},{"not_picked":["Wild Strike+1","Perfected Strike+1"],"picked":"Berserk","floor":25}],"player_experience":431889,"relics_obtained":[{"floor":7,"key":"Bag of Marbles"},{"floor":9,"key":"Happy Flower"},{"floor":13,"key":"Calipers"},{"floor":24,"key":"MawBank"},{"floor":26,"key":"Centennial Puzzle"}],"event_choices":[{"event_name":"Golden Wing","player_choice":"Card Removal","floor":2,"damage_taken":0},{"event_name":"Golden Shrine","player_choice":"Desecrate","floor":5,"damage_taken":0},{"event_name":"World of Goop","player_choice":"Gather Gold","floor":11,"damage_taken":0},{"event_name":"Knowing Skull","player_choice":"POTION POTION ","floor":21,"damage_taken":0},{"event_name":"Accursed Blacksmith","player_choice":"Forge","floor":27,"damage_taken":0}],"is_beta":false,"boss_relics":[{"not_picked":["Runic Cube","Lizard Tail"],"picked":"Velvet Choker"}],"items_purged_floors":[10],"is_endless":false,"potions_floor_spawned":[4,12,18,24],"killed_by":"Chosen and Byrds","ascension_level":4}