{"gold_per_floor":[110,110,25,38,1,1,36,36,336,350,370,401,421,421],"floor_reached":14,"playtime":933,"items_purged":[],"score":145,"play_id":"cb33bbea-3ccc-4075-9f09-3144a4e6b436","local_time":"20190718091652","is_ascension_mode":true,"campfire_choices":[{"data":"Acrobatics","floor":6,"key":"SMITH"},{"data":"Infinite Blades","floor":8,"key":"SMITH"}],"neow_cost":"NONE","seed_source_timestamp":501815781833968,"circlet_count":0,"master_deck":["Strike_G","Strike_G","Strike_G","Strike_G","Strike_G","Defend_G","Defend_G","Defend_G","Defend_G","Defend_G","Survivor","Neutralize","Terror+1","Acrobatics+1","Infinite Blades+1","Dagger Throw","Crippling Poison","Envenom","Quick Slash","Prepared","Acrobatics","Tactician"],"relics":["Ring of the Snake","Vajra","Old Coin","Strawberry"],"potions_floor_usage":[11,12,14],"damage_taken":[{"damage":3,"enemies":"Jaw Worm","floor":1,"turns":4},{"damage":0,"enemies":"Cultist","floor":4,"turns":3},{"damage":29,"enemies":"Lagavulin","floor":7,"turns":8},{"damage":3,"enemies":"2 Louse","floor":10,"turns":3},{"damage":0,"enemies":"Gremlin Gang","floor":11,"turns":3},{"damage":31,"enemies":"3 Sentries","floor":12,"turns":8},{"damage":0,"enemies":"3 Louse","floor":13,"turns":3},{"damage":17,"enemies":"Gremlin Nob","floor":14,"turns":3}],"seed_played":"1268101559559390676","potions_obtained":[{"floor":7,"key":"Explosive Potion"},{"floor":11,"key":"EntropicBrew"},{"floor":13,"key":"PowerPotion"}],"is_trial":false,"path_per_floor":["M","?","$","M","$","R","E","R","T","M","M","E","M","E"],"character_chosen":"THE_SILENT","items_purchased":["Acrobatics","Infinite Blades","Crippling Poison"],"campfire_rested":0,"item_purchase_floors":[3,3,5],"current_hp_per_floor":[67,67,67,67,67,67,38,38,38,35,35,11,11,0],"gold":421,"neow_bonus":"TEN_PERCENT_HP_BONUS","is_prod":false,"is_daily":false,"chose_seed":false,"campfire_upgraded":2,"win_rate":0,"timestamp":1563466612,"path_taken":["M","?","$","M","?","R","E","R","T","M","M","E","M","E"],"build_version":"2019-07-17","purchased_purges":0,"victory":false,"max_hp_per_floor":[77,77,77,77,77,77,77,77,77,77,77,84,84,84],"card_choices":[{"not_picked":["Blade Dance","Prepared"],"picked":"Terror","floor":1},{"not_picked":["Crippling Poison","Dash"],"picked":"Dagger Throw","floor":4},{"not_picked":["Bane","Dash"],"picked":"Envenom","floor":7},{"not_picked":["Skewer","Endless Agony"],"picked":"Quick Slash","floor":10},{"not_picked":["Flechettes","Backstab"],"picked":"Prepared","floor":11},{"not_picked":["Bane","Cloak And Dagger"],"picked":"Acrobatics","floor":12},{"not_picked":["Riddle With Holes","Accuracy"],"picked":"Tactician","floor":13}],"player_experience":345496,"relics_obtained":[{"floor":7,"key":"Vajra"},{"floor":9,"key":"Old Coin"},{"floor":12,"key":"Strawberry"}],"event_choices":[{"damage_healed":0,"gold_gain":0,"player_choice":"Forge","damage_taken":0,"max_hp_gain":0,"max_hp_loss":0,"event_name":"Accursed Blacksmith","floor":2,"gold_loss":0,"cards_upgraded":["Terror"]}],"is_beta":false,"boss_relics":[],"items_purged_floors":[],"is_endless":false,"potions_floor_spawned":[7,11,13],"killed_by":"Gremlin Nob","ascension_level":9}