{"gold_per_floor":[114,40,56,71,71,71,97,97,124,141,32,32,44,67,79,187,199,199,50,50,50],"floor_reached":21,"playtime":1981,"items_purged":[],"score":260,"play_id":"9e2b1bfd-0eb7-4806-b7e4-55d6c3b80e97","local_time":"20190717144900","is_ascension_mode":true,"campfire_choices":[{"data":"Bullet Time","floor":6,"key":"SMITH"},{"data":"Outmaneuver","floor":8,"key":"SMITH"},{"floor":15,"key":"REST"}],"neow_cost":"NONE","seed_source_timestamp":434292368077203,"circlet_count":0,"master_deck":["Strike_G","Strike_G+1","Strike_G","Strike_G","Strike_G","Defend_G","Defend_G","Defend_G","Defend_G","Defend_G","Survivor","Neutralize","Caltrops","Bullet Time+1","Outmaneuver+1","Underhanded Strike+1","All Out Attack","Prepared","Noxious Fumes","Leg Sweep","Acrobatics","Envenom","Acrobatics","Dagger Throw"],"relics":["Ring of the Snake","Regal Pillow","Pen Nib","MawBank","Ectoplasm","Whetstone"],"potions_floor_usage":[7,7,16,21],"damage_taken":[{"damage":2,"enemies":"Small Slimes","floor":1,"turns":5},{"damage":1,"enemies":"2 Louse","floor":3,"turns":3},{"damage":1,"enemies":"Jaw Worm","floor":4,"turns":5},{"damage":57,"enemies":"3 Sentries","floor":7,"turns":12},{"damage":4,"enemies":"3 Louse","floor":10,"turns":5},{"damage":4,"enemies":"2 Fungi Beasts","floor":14,"turns":3},{"damage":40,"enemies":"The Guardian","floor":16,"turns":14},{"damage":2,"enemies":"3 Byrds","floor":18,"turns":5},{"damage":30,"enemies":"Spheric Guardian","floor":20,"turns":6},{"damage":37,"enemies":"3 Cultists","floor":21,"turns":5}],"seed_played":"-3882117598750780026","potions_obtained":[{"floor":1,"key":"AttackPotion"},{"floor":3,"key":"SkillPotion"},{"floor":14,"key":"EssenceOfSteel"},{"floor":16,"key":"Energy Potion"}],"is_trial":false,"path_per_floor":["M","$","M","M","?","R","E","R","T","M","$","?","?","M","R","B",null,"M","$","M","M"],"character_chosen":"THE_SILENT","items_purchased":["Bullet Time","Noxious Fumes","Leg Sweep","Whetstone"],"campfire_rested":1,"item_purchase_floors":[2,11,11,19],"current_hp_per_floor":[68,68,67,66,71,71,14,14,14,10,10,7,7,3,42,2,62,60,60,30,0],"gold":50,"neow_bonus":"TEN_PERCENT_HP_BONUS","is_prod":false,"is_daily":false,"chose_seed":false,"campfire_upgraded":2,"win_rate":0,"timestamp":1563400140,"path_taken":["M","$","M","M","?","R","E","R","T","M","$","?","?","M","R","BOSS","M","$","M","M"],"build_version":"2019-07-05","purchased_purges":0,"victory":false,"max_hp_per_floor":[77,77,77,77,82,82,82,82,82,82,82,82,82,82,82,82,82,82,82,82,82],"card_choices":[{"not_picked":["Blade Dance","Reflex"],"picked":"Caltrops","floor":1},{"not_picked":["Terror","Blur"],"picked":"Outmaneuver","floor":3},{"not_picked":["Caltrops","Dagger Throw"],"picked":"Underhanded Strike","floor":4},{"not_picked":["Dodge and Roll","Venomology"],"picked":"All Out Attack","floor":7},{"not_picked":["Poisoned Stab","Bane"],"picked":"Prepared","floor":10},{"not_picked":["Poisoned Stab","Deflect"],"picked":"Acrobatics","floor":14},{"not_picked":["Night Terror","Venomology"],"picked":"Envenom","floor":16},{"not_picked":["Outmaneuver","Skewer"],"picked":"Acrobatics","floor":18},{"not_picked":["Bouncing Flask","Deadly Poison+1"],"picked":"Dagger Throw","floor":20}],"player_experience":341737,"relics_obtained":[{"floor":7,"key":"Regal Pillow"},{"floor":9,"key":"Pen Nib"}],"event_choices":[{"damage_healed":0,"gold_gain":0,"player_choice":"Donut","damage_taken":0,"max_hp_gain":5,"max_hp_loss":0,"event_name":"Big Fish","floor":5,"gold_loss":0},{"damage_healed":0,"gold_gain":0,"player_choice":"Success","damage_taken":3,"relics_obtained":["MawBank"],"max_hp_gain":0,"max_hp_loss":0,"event_name":"Scrap Ooze","floor":12,"gold_loss":0},{"damage_healed":0,"gold_gain":0,"player_choice":"Ignored","damage_taken":0,"max_hp_gain":0,"max_hp_loss":0,"event_name":"Shining Light","floor":13,"gold_loss":0}],"is_beta":false,"boss_relics":[{"not_picked":["Calling Bell","Velvet Choker"],"picked":"Ectoplasm"}],"items_purged_floors":[],"is_endless":false,"potions_floor_spawned":[1,3,14,16],"killed_by":"3 Cultists","ascension_level":9}