{"gold_per_floor":[117,127,141,141,164,164,182,182,252,283,296,320,333,352,352,473,473,486,61,421,421,421,455,455,498,570,220,258,258,271,284,284,414,414,439,439,115,133,8,44,44,64,64,80,104,104,165,228,228,228],"floor_reached":51,"playtime":3824,"items_purged":["Strike_G","Catalyst","Blur"],"score":903,"play_id":"8d74e342-c4ae-4dbb-a3d3-b5bc07d67698","local_time":"20180831220953","is_ascension_mode":true,"campfire_choices":[{"data":"Neutralize","floor":6,"key":"SMITH"},{"data":"Cloak And Dagger","floor":8,"key":"SMITH"},{"data":"Cloak And Dagger","floor":15,"key":"SMITH"},{"data":"Accuracy","floor":24,"key":"SMITH"},{"floor":29,"key":"REST"},{"data":"Accuracy","floor":32,"key":"SMITH"},{"data":"Blade Dance","floor":41,"key":"SMITH"},{"floor":46,"key":"REST"},{"floor":49,"key":"REST"}],"neow_cost":"NONE","seed_source_timestamp":1228875399479455,"circlet_count":0,"master_deck":["Survivor","Neutralize+1","Escape Plan","Blade Dance+1","Masterful Stab","Deflect","Cloak And Dagger+1","Cloak And Dagger+1","After Image","Footwork+1","Outmaneuver+1","Blade Dance+1","Accuracy+1","Blade Dance","Slice","Infinite Blades+1","Accuracy+1","Panache","Prepared","Burst","Poisoned Stab","Dagger Throw","Expertise","PiercingWail","Blade Dance+1","Accuracy+1","Cloak And Dagger","Backstab+1","Infinite Blades"],"relics":["WristBlade","Golden Idol","Pear","Incense Burner","Astrolabe","Bottled Tornado","Vajra","Bag of Preparation","Blood Vial","Matryoshka","Juzu Bracelet","Bottled Lightning","War Paint","Pandora\u0027s Box","DollysMirror","Bag of Marbles","Letter Opener","Shuriken","Centennial Puzzle","Unceasing Top","Tiny Chest"],"potions_floor_usage":[7,10,10,25,28,31,33,35,40,44,50,50],"damage_taken":[{"damage":0,"enemies":"Cultist","floor":1,"turns":4},{"damage":1,"enemies":"Small Slimes","floor":2,"turns":4},{"damage":0,"enemies":"2 Louse","floor":3,"turns":2},{"damage":0,"enemies":"Blue Slaver","floor":5,"turns":3},{"damage":0,"enemies":"Lots of Slimes","floor":7,"turns":3},{"damage":15,"enemies":"Gremlin Nob","floor":10,"turns":4},{"damage":1,"enemies":"Red Slaver","floor":11,"turns":2},{"damage":4,"enemies":"3 Louse","floor":12,"turns":3},{"damage":1,"enemies":"Looter","floor":13,"turns":3},{"damage":0,"enemies":"Large Slime","floor":14,"turns":4},{"damage":9,"enemies":"Slime Boss","floor":16,"turns":11},{"damage":6,"enemies":"Chosen","floor":18,"turns":6},{"damage":5,"enemies":"Book of Stabbing","floor":23,"turns":4},{"damage":1,"enemies":"Gremlin Leader","floor":25,"turns":6},{"damage":16,"enemies":"Book of Stabbing","floor":28,"turns":4},{"damage":0,"enemies":"3 Byrds","floor":30,"turns":3},{"damage":0,"enemies":"Snecko","floor":31,"turns":2},{"damage":5,"enemies":"Champ","floor":33,"turns":6},{"damage":1,"enemies":"3 Darklings","floor":35,"turns":3},{"damage":26,"enemies":"Flame Bruiser 1 Orb","floor":38,"turns":4},{"damage":14,"enemies":"Giant Head","floor":40,"turns":6},{"damage":0,"enemies":"Transient","floor":42,"turns":5},{"damage":28,"enemies":"4 Shapes","floor":44,"turns":3},{"damage":5,"enemies":"Mysterious Sphere","floor":47,"turns":2},{"damage":0,"enemies":"2 Orb Walkers","floor":48,"turns":3},{"damage":28,"enemies":"Awakened One","floor":50,"turns":6}],"seed_played":"8534386309871807981","potions_obtained":[{"floor":2,"key":"Explosive Potion"},{"floor":3,"key":"EssenceOfSteel"},{"floor":7,"key":"Regen Potion"},{"floor":13,"key":"GhostInAJar"},{"floor":14,"key":"Strength Potion"},{"floor":25,"key":"Swift Potion"},{"floor":28,"key":"SkillPotion"},{"floor":31,"key":"Energy Potion"},{"floor":38,"key":"Block Potion"},{"floor":40,"key":"SkillPotion"},{"floor":44,"key":"EssenceOfSteel"},{"floor":48,"key":"Swift Potion"}],"is_trial":false,"path_per_floor":["M","M","M","?","M","R","M","R","T","E","M","M","M","M","R","B",null,"M","$","?","?","?","E","R","E","T","$","E","R","M","M","R","B",null,"M","?","$","M","$","E","R","M","T","M","T","R","?","E","R","B"],"character_chosen":"THE_SILENT","items_purchased":["Bottled Tornado","Vajra","Blade Dance","Accuracy","Panache","DollysMirror","Cloak And Dagger"],"campfire_rested":3,"item_purchase_floors":[19,19,19,27,27,37,37],"current_hp_per_floor":[70,69,69,52,52,52,52,52,62,59,58,54,53,53,53,44,80,74,74,26,52,52,47,47,48,48,48,34,58,60,62,62,59,80,79,79,79,54,54,42,42,44,44,18,18,42,39,41,65,39],"gold":228,"neow_bonus":"BOSS_RELIC","is_prod":false,"is_daily":false,"chose_seed":false,"campfire_upgraded":6,"win_rate":0,"timestamp":1535746193,"path_taken":["M","M","?","?","?","R","M","R","T","E","M","M","?","M","R","BOSS","M","$","?","?","?","E","R","E","T","$","E","R","M","M","R","BOSS","M","?","$","M","$","E","R","M","T","M","?","R","?","E","R","BOSS"],"build_version":"2018-08-23v2","purchased_purges":3,"victory":true,"max_hp_per_floor":[70,70,70,70,70,70,70,70,80,80,80,80,80,80,80,80,80,80,80,80,80,80,80,80,80,80,80,80,80,80,80,80,80,80,80,80,80,80,80,80,80,80,80,80,80,80,80,80,80,80],"card_choices":[{"not_picked":["Sucker Punch","Quick Slash"],"picked":"Escape Plan","floor":1},{"not_picked":["Deadly Poison","Escape Plan"],"picked":"Blade Dance","floor":2},{"not_picked":["Slice","Cloak And Dagger"],"picked":"Masterful Stab","floor":3},{"not_picked":["Underhanded Strike","Unload"],"picked":"Deflect","floor":5},{"not_picked":["Bane","Prepared"],"picked":"Cloak And Dagger","floor":7},{"not_picked":["Bouncing Flask","Calculated Gamble","Deadly Poison"],"picked":"SKIP","floor":10},{"not_picked":["PiercingWail","Bouncing Flask"],"picked":"Cloak And Dagger","floor":11},{"not_picked":["All Out Attack","Caltrops","Outmaneuver"],"picked":"SKIP","floor":12},{"not_picked":["Calculated Gamble","Tactician","Noxious Fumes"],"picked":"SKIP","floor":13},{"not_picked":["Sucker Punch","Flechettes","Poisoned Stab"],"picked":"SKIP","floor":14},{"not_picked":["Die Die Die","Adrenaline"],"picked":"After Image","floor":16},{"not_picked":["Poisoned Stab","Skewer"],"picked":"Accuracy","floor":18},{"not_picked":["Tools of the Trade","Flying Knee"],"picked":"Slice","floor":23},{"not_picked":["Calculated Gamble","Bane"],"picked":"Infinite Blades+1","floor":25},{"not_picked":["Sucker Punch","Poisoned Stab","Quick Slash"],"picked":"SKIP","floor":28},{"not_picked":["Distraction","Slice"],"picked":"Prepared","floor":30},{"not_picked":["Backflip","Dagger Throw","Bane"],"picked":"SKIP","floor":31},{"not_picked":["Unload","Phantasmal Killer"],"picked":"Burst","floor":33},{"not_picked":["Concentrate+1","Dash+1"],"picked":"Blade Dance+1","floor":35},{"not_picked":["Blur+1","PiercingWail","Outmaneuver"],"picked":"SKIP","floor":38},{"not_picked":["Infinite Blades+1","Expertise"],"picked":"Backstab+1","floor":40},{"not_picked":["Setup","Catalyst","Deflect"],"picked":"SKIP","floor":42},{"not_picked":["Sucker Punch","Flying Knee","Poisoned Stab+1"],"picked":"SKIP","floor":44},{"not_picked":["Noxious Fumes+1","Terror+1"],"picked":"Infinite Blades","floor":48}],"player_experience":415626,"relics_obtained":[{"floor":9,"key":"Pear"},{"floor":10,"key":"Incense Burner"},{"floor":23,"key":"Blood Vial"},{"floor":25,"key":"Matryoshka"},{"floor":26,"key":"Juzu Bracelet"},{"floor":26,"key":"Bottled Lightning"},{"floor":28,"key":"War Paint"},{"floor":40,"key":"Bag of Marbles"},{"floor":43,"key":"Letter Opener"},{"floor":43,"key":"Shuriken"},{"floor":45,"key":"Centennial Puzzle"},{"floor":47,"key":"Unceasing Top"},{"floor":48,"key":"Tiny Chest"}],"event_choices":[{"event_name":"Golden Idol","player_choice":"Take Damage","floor":4,"damage_taken":0},{"event_name":"Knowing Skull","player_choice":"POTION GOLD GOLD GOLD GOLD ","floor":20,"damage_taken":0},{"event_name":"The Library","player_choice":"Heal","floor":21,"damage_taken":0},{"event_name":"The Mausoleum","player_choice":"Yes","floor":22,"damage_taken":0},{"event_name":"Tomb of Lord Red Mask","player_choice":"Ignored","floor":36,"damage_taken":0},{"event_name":"Mysterious Sphere","player_choice":"Fight","floor":47,"damage_taken":0}],"is_beta":false,"boss_relics":[{"not_picked":["Sozu","Busted Crown"],"picked":"Astrolabe"},{"not_picked":["Runic Pyramid","Coffee Dripper"],"picked":"Pandora\u0027s Box"}],"items_purged_floors":[27,37,39],"is_endless":false,"potions_floor_spawned":[2,3,7,13,14,23,25,28,31,38,40,44,48],"ascension_level":3}