{"gold_per_floor":[114,132,150,225,237,237,237,272,298,298,336,336,336,355,355,355],"floor_reached":16,"playtime":1097,"items_purged":[],"score":110,"play_id":"6e7d9038-a99f-4eee-b7d0-701b292573ad","local_time":"20180808215539","is_ascension_mode":false,"campfire_choices":[{"floor":6,"key":"REST"},{"floor":10,"key":"REST"},{"floor":12,"key":"REST"},{"floor":15,"key":"REST"}],"neow_cost":"FIFTY_PERCENT_DAMAGE","seed_source_timestamp":389028337785290,"circlet_count":0,"master_deck":["Defend_G","Defend_G","Defend_G","Defend_G","Strike_G","Strike_G","Strike_G","Strike_G","Survivor","Neutralize","Slice","Riddle With Holes","Cloak And Dagger","Footwork","Injury","Backflip","Quick Slash","Terror"],"relics":["Ring of the Snake","Golden Idol","Juzu Bracelet","Anchor","Happy Flower","Kunai"],"potions_floor_usage":[8,16,16],"damage_taken":[{"damage":2,"enemies":"Small Slimes","floor":1,"turns":6},{"damage":0,"enemies":"2 Louse","floor":2,"turns":2},{"damage":0,"enemies":"Cultist","floor":3,"turns":4},{"damage":0,"enemies":"Blue Slaver","floor":5,"turns":4},{"damage":29,"enemies":"Gremlin Nob","floor":8,"turns":6},{"damage":30,"enemies":"Lagavulin","floor":11,"turns":10},{"damage":0,"enemies":"2 Fungi Beasts","floor":14,"turns":4},{"damage":38,"enemies":"Hexaghost","floor":16,"turns":10}],"seed_played":"-3331761395191330756","potions_obtained":[{"floor":2,"key":"LiquidBronze"},{"floor":3,"key":"SpeedPotion"},{"floor":14,"key":"SkillPotion"}],"is_trial":false,"path_per_floor":["M","M","M","?","M","R","?","E","T","R","E","R","?","M","R"],"character_chosen":"THE_SILENT","items_purchased":[],"campfire_rested":4,"item_purchase_floors":[],"current_hp_per_floor":[33,33,33,22,22,43,43,14,14,35,5,26,14,14,35,0],"gold":355,"neow_bonus":"REMOVE_TWO","is_prod":false,"is_daily":false,"chose_seed":false,"campfire_upgraded":0,"win_rate":0,"timestamp":1533758139,"path_taken":["M","M","M","?","M","R","?","E","T","R","E","R","?","M","R","BOSS"],"build_version":"2018-08-02","purchased_purges":0,"victory":false,"max_hp_per_floor":[70,70,70,70,70,70,70,70,70,70,70,70,70,70,70,70],"card_choices":[{"not_picked":["Dodge and Roll","Well Laid Plans"],"picked":"Slice","floor":1},{"not_picked":["Acrobatics","Underhanded Strike"],"picked":"Riddle With Holes","floor":2},{"not_picked":["Calculated Gamble","Accuracy"],"picked":"Cloak And Dagger","floor":3},{"not_picked":["Accuracy","Quick Slash"],"picked":"Footwork","floor":5},{"not_picked":["Bane","Deadly Poison"],"picked":"Backflip","floor":8},{"not_picked":["Underhanded Strike","Bullet Time"],"picked":"Quick Slash","floor":11},{"not_picked":["Bane","Outmaneuver"],"picked":"Terror","floor":14}],"player_experience":253353,"relics_obtained":[{"floor":8,"key":"Juzu Bracelet"},{"floor":9,"key":"Anchor"},{"floor":11,"key":"Happy Flower"}],"event_choices":[{"event_name":"World of Goop","player_choice":"Gather Gold","floor":4,"damage_taken":0},{"event_name":"Golden Idol","player_choice":"Take Wound","floor":7,"damage_taken":0},{"event_name":"Scrap Ooze","player_choice":"success","floor":13,"damage_taken":12}],"is_beta":false,"boss_relics":[],"items_purged_floors":[],"is_endless":false,"potions_floor_spawned":[2,3,14],"killed_by":"Hexaghost","ascension_level":0}