{"gold_per_floor":[113,126,126,40,59,59,75,75,101,132,144,164,75,103,103,103],"floor_reached":16,"playtime":796,"items_purged":["Strike_G"],"score":224,"play_id":"751dd1a9-5f70-4de2-972d-f6a51f634815","local_time":"20190814143340","is_ascension_mode":true,"campfire_choices":[{"data":"Sucker Punch","floor":6.0,"key":"SMITH"},{"data":"Prepared","floor":8.0,"key":"SMITH"},{"floor":15.0,"key":"REST"}],"neow_cost":"NONE","seed_source_timestamp":1835873158957453,"circlet_count":0,"master_deck":["AscendersBane","Strike_G","Strike_G","Strike_G","Strike_G","Defend_G","Defend_G","Defend_G","Defend_G","Defend_G","Survivor","Neutralize","Underhanded Strike","Leg Sweep","Sucker Punch+1","Dagger Spray","PiercingWail","Prepared+1","Corpse Explosion","Prepared","Dagger Throw","Footwork","Deflect"],"special_seed":0,"relics":["Ring of the Snake","NeowsBlessing","Omamori","Smiling Mask","Oddly Smooth Stone"],"potions_floor_usage":[],"damage_taken":[{"damage":0.0,"enemies":"Cultist","floor":1.0,"turns":1.0},{"damage":0.0,"enemies":"Jaw Worm","floor":2.0,"turns":1.0},{"damage":0.0,"enemies":"Small Slimes","floor":5.0,"turns":1.0},{"damage":6.0,"enemies":"Blue Slaver","floor":7.0,"turns":6.0},{"damage":23.0,"enemies":"3 Sentries","floor":10.0,"turns":12.0},{"damage":1.0,"enemies":"2 Fungi Beasts","floor":11.0,"turns":4.0},{"damage":0.0,"enemies":"Looter","floor":12.0,"turns":4.0},{"damage":21.0,"enemies":"Gremlin Nob","floor":14.0,"turns":4.0},{"damage":36,"enemies":"Slime Boss","floor":16,"turns":7}],"seed_played":"7312794037207293194","potions_obtained":[{"floor":7.0,"key":"Fire Potion"},{"floor":11.0,"key":"Poison Potion"},{"floor":12.0,"key":"Energy Potion"}],"is_trial":false,"path_per_floor":["M","M","$","$","M","R","M","R","T","E","M","M","$","E","R","B"],"character_chosen":"THE_SILENT","items_purchased":["Sucker Punch","Dagger Spray","Footwork"],"campfire_rested":1,"item_purchase_floors":[4,4,13],"current_hp_per_floor":[59,59,59,59,59,59,53,53,53,30,29,29,29,8,27,0],"gold":103,"neow_bonus":"THREE_ENEMY_KILL","is_prod":false,"is_daily":false,"chose_seed":false,"campfire_upgraded":2,"win_rate":0,"timestamp":1565818420,"path_taken":["M","M","?","$","M","R","M","R","T","E","M","M","$","E","R","BOSS"],"build_version":"2019-07-17","purchased_purges":1,"victory":false,"max_hp_per_floor":[66,66,66,66,66,66,66,66,66,66,66,66,66,66,66,66],"card_choices":[{"not_picked":["Flying Knee","Infinite Blades"],"picked":"Underhanded Strike","floor":1.0},{"not_picked":["Deadly Poison","Predator"],"picked":"Leg Sweep","floor":2.0},{"not_picked":["Heel Hook","Cloak And Dagger"],"picked":"PiercingWail","floor":5.0},{"not_picked":["Caltrops","Quick Slash"],"picked":"Prepared","floor":7.0},{"not_picked":["PiercingWail","Deadly Poison"],"picked":"Corpse Explosion","floor":10.0},{"not_picked":["Escape Plan","Dagger Spray"],"picked":"Prepared","floor":11.0},{"not_picked":["Eviscerate","Dagger Spray"],"picked":"Dagger Throw","floor":12.0},{"not_picked":["Backstab","Accuracy"],"picked":"Deflect","floor":14.0}],"player_experience":728620,"relics_obtained":[{"floor":9.0,"key":"Omamori"},{"floor":10.0,"key":"Smiling Mask"},{"floor":14.0,"key":"Oddly Smooth Stone"}],"event_choices":[],"is_beta":false,"boss_relics":[],"items_purged_floors":[13],"is_endless":false,"potions_floor_spawned":[7,11,12],"killed_by":"Slime Boss","ascension_level":20}