{"gold_per_floor":[363,438,450,28,39,39,70,70,118,140,157,157,172,198,198,275,275,275,255,255,255,54,54,54,54,54,54,54,54,54,54,54,54],"floor_reached":33,"playtime":1708,"items_purged":["Defend_R"],"score":686,"play_id":"063e3050-72e8-4e14-beea-66ea6cce81b8","local_time":"20190817004251","is_ascension_mode":true,"campfire_choices":[{"data":"Bash","floor":6.0,"key":"SMITH"},{"data":"Armaments","floor":8.0,"key":"SMITH"},{"floor":12.0,"key":"REST"},{"floor":15.0,"key":"REST"},{"data":"True Grit","floor":24,"key":"SMITH"},{"data":"True Grit","floor":29,"key":"SMITH"},{"floor":32,"key":"REST"}],"neow_cost":"PERCENT_DAMAGE","seed_source_timestamp":174965284609100,"circlet_count":0,"master_deck":["AscendersBane","Strike_R","Strike_R","Strike_R","Strike_R","Defend_R","Defend_R","Defend_R","Bash+1","Wild Strike","Armaments+1","Dropkick","Sword Boomerang","Pummel","Rage","Clothesline","True Grit+1","Iron Wave","Iron Wave","Headbutt","Immolate","Anger+1","Pommel Strike","Metallicize","Thunderclap","True Grit+1","Spot Weakness","Feel No Pain","Offering","Metallicize","True Grit","Thunderclap+1"],"special_seed":0,"relics":["Burning Blood","Shuriken","Dream Catcher","Omamori","Odd Mushroom","Turnip","Ectoplasm","Bird Faced Urn","Mummified Hand","Juzu Bracelet","Darkstone Periapt"],"potions_floor_usage":[19,23,23,33],"damage_taken":[{"damage":6.0,"enemies":"Cultist","floor":1.0,"turns":3.0},{"damage":7.0,"enemies":"2 Louse","floor":3.0,"turns":3.0},{"damage":7.0,"enemies":"Jaw Worm","floor":5.0,"turns":3.0},{"damage":25.0,"enemies":"Lagavulin","floor":7.0,"turns":7.0},{"damage":12.0,"enemies":"The Mushroom Lair","floor":10.0,"turns":3.0},{"damage":1.0,"enemies":"Exordium Wildlife","floor":11.0,"turns":3.0},{"damage":6.0,"enemies":"Looter","floor":13.0,"turns":3.0},{"damage":33.0,"enemies":"3 Sentries","floor":14.0,"turns":13.0},{"damage":0.0,"enemies":"Slime Boss","floor":16.0,"turns":6.0},{"damage":13.0,"enemies":"3 Byrds","floor":18.0,"turns":4.0},{"damage":11,"enemies":"2 Thieves","floor":19,"turns":2},{"damage":14,"enemies":"3 Cultists","floor":20,"turns":5},{"damage":12,"enemies":"Gremlin Leader","floor":23,"turns":5},{"damage":13,"enemies":"Centurion and Healer","floor":28,"turns":5},{"damage":22,"enemies":"Book of Stabbing","floor":31,"turns":4},{"damage":51,"enemies":"Automaton","floor":33,"turns":6}],"seed_played":"-2655782083361120572","potions_obtained":[{"floor":7.0,"key":"Strength Potion"},{"floor":11.0,"key":"PowerPotion"},{"floor":13.0,"key":"Dexterity Potion"},{"floor":16.0,"key":"Strength Potion"},{"floor":18.0,"key":"Strength Potion"},{"floor":20,"key":"LiquidBronze"},{"floor":31,"key":"AttackPotion"}],"is_trial":false,"path_per_floor":["M","?","M","$","M","R","E","R","T","?","M","R","M","E","R","B",null,"M","M","M","?","$","E","R","?","T","?","M","R","T","E","R","B"],"character_chosen":"IRONCLAD","items_purchased":["Shuriken","Dropkick","Thunderclap","True Grit","Spot Weakness"],"campfire_rested":3,"item_purchase_floors":[4,4,22,22,22],"current_hp_per_floor":[50,39,38,38,37,37,18,18,18,12,17,39,39,12,34,40,66,59,54,46,46,46,40,40,40,40,40,35,35,35,23,45,0],"gold":54,"neow_bonus":"TWO_FIFTY_GOLD","is_prod":false,"is_daily":false,"chose_seed":false,"campfire_upgraded":4,"win_rate":0,"timestamp":1565995371,"path_taken":["M","?","M","$","M","R","E","R","T","?","M","R","M","E","R","BOSS","M","M","M","?","$","E","R","?","T","?","?","R","?","E","R","BOSS"],"build_version":"2019-07-17","purchased_purges":1,"victory":false,"max_hp_per_floor":[75,75,75,75,75,75,75,75,75,75,75,75,75,75,75,75,75,75,75,75,75,75,75,75,75,75,75,75,75,75,75,75,75],"card_choices":[{"not_picked":["Shrug It Off","Heavy Blade"],"picked":"Wild Strike","floor":1.0},{"not_picked":["Warcry","Corruption"],"picked":"Armaments","floor":3.0},{"not_picked":["Sentinel","Blood for Blood"],"picked":"Sword Boomerang","floor":5.0},{"not_picked":["Armaments","Hemokinesis"],"picked":"Pummel","floor":7.0},{"not_picked":["Pommel Strike","Wild Strike"],"picked":"Rage","floor":10.0},{"not_picked":["Demon Form","Feel No Pain"],"picked":"Clothesline","floor":11.0},{"not_picked":["Heavy Blade","Cleave"],"picked":"True Grit","floor":12.0},{"not_picked":["Rage","Wild Strike"],"picked":"Iron Wave","floor":13.0},{"not_picked":["Second Wind","Twin Strike"],"picked":"Iron Wave","floor":14.0},{"not_picked":["Warcry","Sentinel"],"picked":"Headbutt","floor":15.0},{"not_picked":["Double Tap","Impervious"],"picked":"Immolate","floor":16.0},{"not_picked":["Blood for Blood+1","Pommel Strike"],"picked":"Anger+1","floor":18.0},{"not_picked":["Perfected Strike","Warcry"],"picked":"Pommel Strike","floor":19},{"not_picked":["Sentinel","Pummel"],"picked":"Metallicize","floor":20},{"not_picked":["Spot Weakness","Ghostly Armor"],"picked":"Feel No Pain","floor":23},{"not_picked":["Intimidate","Dual Wield"],"picked":"Metallicize","floor":28},{"not_picked":["Blood for Blood","Ghostly Armor"],"picked":"True Grit","floor":31},{"not_picked":["Uppercut","Anger"],"picked":"Thunderclap+1","floor":32}],"player_experience":1503631,"relics_obtained":[{"floor":7.0,"key":"Dream Catcher"},{"floor":9.0,"key":"Omamori"},{"floor":10.0,"key":"Odd Mushroom"},{"floor":14.0,"key":"Turnip"},{"floor":23,"key":"Bird Faced Urn"},{"floor":26,"key":"Mummified Hand"},{"floor":30,"key":"Juzu Bracelet"},{"floor":31,"key":"Darkstone Periapt"}],"event_choices":[{"damage_healed":0.0,"max_hp_gain":0.0,"max_hp_loss":0.0,"gold_gain":75.0,"event_name":"World of Goop","player_choice":"Gather Gold","floor":2.0,"gold_loss":0.0,"damage_taken":11.0},{"damage_healed":0.0,"max_hp_gain":0.0,"max_hp_loss":0.0,"gold_gain":0.0,"event_name":"Mushrooms","player_choice":"Fought Mushrooms","floor":10.0,"gold_loss":0.0,"damage_taken":0.0},{"cards_removed":["Strike_R"],"damage_healed":0,"gold_gain":0,"player_choice":"Elegance","damage_taken":0,"max_hp_gain":0,"max_hp_loss":0,"event_name":"Back to Basics","floor":21,"gold_loss":0},{"damage_healed":0,"gold_gain":0,"player_choice":"Read","damage_taken":0,"max_hp_gain":0,"max_hp_loss":0,"event_name":"The Library","floor":25,"gold_loss":0,"cards_obtained":["Offering"]},{"damage_healed":0,"gold_gain":50,"player_choice":"Stole From Cult","damage_taken":0,"max_hp_gain":0,"max_hp_loss":0,"event_name":"Nest","floor":27,"gold_loss":0}],"is_beta":false,"boss_relics":[{"not_picked":["Busted Crown","White Beast Statue"],"picked":"Ectoplasm"}],"items_purged_floors":[4],"is_endless":false,"potions_floor_spawned":[7,11,13,16,18,20,31],"killed_by":"Automaton","ascension_level":20}