{"gold_per_floor":[109,109,125,143,143,143,170,180,180,14,14],"floor_reached":11,"playtime":464,"items_purged":[],"score":146,"play_id":"1e67443f-cb60-43d2-9c8e-e8921abe9596","local_time":"20190820082443","is_ascension_mode":true,"campfire_choices":[{"data":"Bane","floor":6.0,"key":"SMITH"}],"neow_cost":"NONE","seed_source_timestamp":2332746207830822,"circlet_count":0,"master_deck":["AscendersBane","Strike_G","Strike_G","Strike_G","Strike_G","Strike_G","Defend_G","Defend_G","Defend_G","Defend_G","Defend_G","Survivor","Neutralize","Adrenaline","Bouncing Flask+1","Bane+1","Deflect","Catalyst","Catalyst"],"special_seed":0,"relics":["Ring of the Snake","Centennial Puzzle","Ornamental Fan","Snake Skull"],"potions_floor_usage":[],"damage_taken":[{"damage":0.0,"enemies":"Small Slimes","floor":1.0,"turns":4.0},{"damage":2.0,"enemies":"Jaw Worm","floor":3.0,"turns":3.0},{"damage":0.0,"enemies":"2 Louse","floor":4.0,"turns":3.0},{"damage":35.0,"enemies":"Gremlin Nob","floor":7.0,"turns":4.0},{"damage":1.0,"enemies":"2 Fungi Beasts","floor":8.0,"turns":3.0},{"damage":30,"enemies":"3 Sentries","floor":11,"turns":5}],"seed_played":"6276743408669478385","potions_obtained":[{"floor":3.0,"key":"PowerPotion"},{"floor":7.0,"key":"Ancient Potion"}],"is_trial":false,"path_per_floor":["M","?","M","M","?","R","E","M","T","$","E"],"character_chosen":"THE_SILENT","items_purchased":["Snake Skull"],"campfire_rested":0,"item_purchase_floors":[10],"current_hp_per_floor":[59,59,57,57,57,57,22,21,21,21,0],"gold":14,"neow_bonus":"ONE_RANDOM_RARE_CARD","is_prod":false,"is_daily":false,"chose_seed":false,"campfire_upgraded":1,"win_rate":0,"timestamp":1566314683,"path_taken":["M","?","M","M","?","R","E","M","T","$","E"],"build_version":"2019-07-17","purchased_purges":0,"victory":false,"max_hp_per_floor":[66,66,66,66,66,66,66,66,66,66,66],"card_choices":[{"not_picked":["Bane","Outmaneuver"],"picked":"Bouncing Flask","floor":1.0},{"not_picked":["Dagger Throw","Prepared"],"picked":"Bane","floor":3.0},{"not_picked":["Reflex","Predator"],"picked":"Deflect","floor":4.0},{"not_picked":["PiercingWail","Blur"],"picked":"Catalyst","floor":7.0},{"not_picked":["Well Laid Plans","Bane"],"picked":"Catalyst","floor":8.0}],"player_experience":785377,"relics_obtained":[{"floor":7.0,"key":"Centennial Puzzle"},{"floor":9.0,"key":"Ornamental Fan"}],"event_choices":[{"damage_healed":0.0,"max_hp_gain":0.0,"max_hp_loss":0.0,"gold_gain":0.0,"event_name":"Living Wall","player_choice":"Grow","floor":2.0,"gold_loss":0.0,"damage_taken":0.0,"cards_upgraded":["Bouncing Flask"]},{"damage_healed":0.0,"max_hp_gain":0.0,"max_hp_loss":0.0,"gold_gain":0.0,"event_name":"Liars Game","player_choice":"Ignored","floor":5.0,"gold_loss":0.0,"damage_taken":0.0}],"is_beta":false,"boss_relics":[],"items_purged_floors":[],"is_endless":false,"potions_floor_spawned":[3,7],"killed_by":"3 Sentries","ascension_level":20}