{"gold_per_floor":[119,119,139,192,40,40,68,68,68,83,83,99,17,17,17,93,93,103,128,144,158,158,158,193,193,193,193,193,205,205,49,49,123,123,133,133,133,49,61,61],"floor_reached":40,"playtime":4263,"items_purged":["Strike_G"],"score":894,"play_id":"9c3819ec-646e-4033-a969-5a24de9f56a3","local_time":"20190805093447","is_ascension_mode":true,"campfire_choices":[{"data":"Infinite Blades","floor":6.0,"key":"SMITH"},{"data":"Predator","floor":8.0,"key":"SMITH"},{"floor":15.0,"key":"REST"},{"data":"Adrenaline","floor":23.0,"key":"SMITH"},{"data":"Outmaneuver","floor":25.0,"key":"SMITH"},{"data":"Bullet Time","floor":32.0,"key":"SMITH"}],"neow_cost":"NONE","seed_source_timestamp":0,"circlet_count":0,"master_deck":["AscendersBane","Defend_G","Defend_G","Defend_G","Defend_G","Defend_G","Survivor","Neutralize","Flechettes","Backflip","Predator+1","Infinite Blades+1","Well Laid Plans","Sucker Punch","Heel Hook","Sucker Punch","Dagger Spray","Cloak And Dagger","Outmaneuver+1","Adrenaline+1","Flying Knee","Heel Hook","Calculated Gamble+1","Bite","Bite","Bite","Bite","Bite","Setup","Footwork+1","Bullet Time+1","Adrenaline","Tools of the Trade","Leg Sweep","PanicButton","Heel Hook","Blur+1"],"special_seed":0,"relics":["Ring of the Serpent","Tiny Chest","Omamori","Peace Pipe","Runic Pyramid","Ancient Tea Set","Darkstone Periapt","Shuriken"],"potions_floor_usage":[],"damage_taken":[{"damage":4.0,"enemies":"Small Slimes","floor":1.0,"turns":4.0},{"damage":0.0,"enemies":"Jaw Worm","floor":3.0,"turns":8.0},{"damage":23.0,"enemies":"Gremlin Nob","floor":7.0,"turns":4.0},{"damage":0.0,"enemies":"Cultist","floor":10.0,"turns":4.0},{"damage":3.0,"enemies":"Large Slime","floor":12.0,"turns":6.0},{"damage":18.0,"enemies":"Exordium Thugs","floor":14.0,"turns":4.0},{"damage":16.0,"enemies":"Hexaghost","floor":16.0,"turns":12.0},{"damage":5.0,"enemies":"3 Byrds","floor":18.0,"turns":5.0},{"damage":13.0,"enemies":"Spheric Guardian","floor":20.0,"turns":4.0},{"damage":20.0,"enemies":"Centurion and Healer","floor":21.0,"turns":8.0},{"damage":18.0,"enemies":"Gremlin Leader","floor":24.0,"turns":6.0},{"damage":0.0,"enemies":"Slavers","floor":28.0,"turns":1.0},{"damage":6.0,"enemies":"3 Cultists","floor":29.0,"turns":5.0},{"damage":36.0,"enemies":"Automaton","floor":33.0,"turns":11.0},{"damage":26.0,"enemies":"Orb Walker","floor":35.0,"turns":4.0},{"damage":6.0,"enemies":"3 Shapes","floor":39.0,"turns":7.0},{"damage":35,"enemies":"Giant Head","floor":40,"turns":5}],"seed_played":"-2360045044013713541","potions_obtained":[{"floor":1.0,"key":"SkillPotion"},{"floor":10.0,"key":"SmokeBomb"},{"floor":14.0,"key":"Dexterity Potion"},{"floor":16.0,"key":"Energy Potion"},{"floor":24.0,"key":"Regen Potion"},{"floor":33.0,"key":"Poison Potion"}],"is_trial":false,"path_per_floor":["M","?","M","T","$","R","E","R","T","M","?","M","$","M","R","B",null,"M","T","M","M","?","R","E","R","T","$","E","M","?","$","R","B",null,"M","?","?","$","M","E"],"character_chosen":"THE_SILENT","items_purchased":["Infinite Blades","Dagger Spray","Cloak And Dagger","Adrenaline","Heel Hook"],"campfire_rested":1,"item_purchase_floors":[5,13,13,31,38],"current_hp_per_floor":[55,60,60,60,60,60,37,37,37,37,37,34,34,16,37,21,59,54,54,41,21,21,21,21,21,21,21,21,25,25,25,25,15,41,21,21,21,21,23,0],"gold":61,"neow_bonus":"TRANSFORM_CARD","is_prod":false,"is_daily":false,"chose_seed":false,"campfire_upgraded":5,"win_rate":0,"timestamp":1565022887,"path_taken":["M","?","M","?","$","R","E","R","T","?","?","M","$","?","R","BOSS","M","?","M","M","?","R","E","R","T","$","E","M","?","$","R","BOSS","M","?","?","$","M","E"],"build_version":"2019-07-17","purchased_purges":1,"victory":false,"max_hp_per_floor":[66,71,71,71,71,71,71,71,71,71,71,71,71,71,71,71,71,71,71,71,71,49,49,49,49,49,49,49,49,49,49,49,49,49,49,49,49,49,49,49],"card_choices":[{"not_picked":["Riddle With Holes","Poisoned Stab"],"picked":"Backflip","floor":1.0},{"not_picked":["Deadly Poison","Masterful Stab"],"picked":"Predator","floor":3.0},{"not_picked":["Outmaneuver","Burst"],"picked":"Well Laid Plans","floor":7.0},{"not_picked":["Blade Dance","Flying Knee"],"picked":"Sucker Punch","floor":10.0},{"not_picked":["Slice","Dagger Throw"],"picked":"Sucker Punch","floor":12.0},{"not_picked":["Dagger Spray","Acrobatics"],"picked":"Outmaneuver","floor":14.0},{"not_picked":["Venomology","Night Terror"],"picked":"Adrenaline","floor":16.0},{"not_picked":["Slice","Underhanded Strike"],"picked":"Flying Knee","floor":18.0},{"not_picked":["PiercingWail","Backflip"],"picked":"Heel Hook","floor":20.0},{"not_picked":["Flying Knee","Outmaneuver"],"picked":"Calculated Gamble+1","floor":21.0},{"not_picked":["Crippling Poison","Quick Slash"],"picked":"Setup","floor":24.0},{"not_picked":["Deadly Poison","Underhanded Strike"],"picked":"Footwork+1","floor":29.0},{"not_picked":["Adrenaline","Malaise"],"picked":"Tools of the Trade","floor":33.0},{"not_picked":["Sucker Punch","Setup+1"],"picked":"Leg Sweep","floor":35.0},{"not_picked":["Master of Strategy","HandOfGreed"],"picked":"PanicButton","floor":36.0},{"not_picked":["Deadly Poison","Calculated Gamble"],"picked":"Blur+1","floor":39.0}],"player_experience":635807,"relics_obtained":[{"floor":4.0,"key":"Tiny Chest"},{"floor":7.0,"key":"Omamori"},{"floor":9.0,"key":"Peace Pipe"},{"floor":19.0,"key":"Ancient Tea Set"},{"floor":24.0,"key":"Darkstone Periapt"},{"floor":26.0,"key":"Shuriken"}],"event_choices":[{"damage_healed":0.0,"max_hp_gain":5.0,"max_hp_loss":0.0,"gold_gain":0.0,"event_name":"Big Fish","player_choice":"Donut","floor":2.0,"gold_loss":0.0,"damage_taken":0.0},{"damage_healed":0.0,"max_hp_gain":0.0,"max_hp_loss":0.0,"gold_gain":0.0,"cards_transformed":["Strike_G"],"event_name":"Transmorgrifier","player_choice":"Transformed","floor":11.0,"gold_loss":0.0,"damage_taken":0.0,"cards_obtained":["Heel Hook"]},{"damage_healed":0.0,"max_hp_gain":0.0,"max_hp_loss":22.0,"gold_gain":0.0,"event_name":"Vampires","player_choice":"Became a vampire","floor":22.0,"gold_loss":0.0,"damage_taken":0.0,"cards_obtained":["Bite","Bite","Bite","Bite","Bite"]},{"damage_healed":0.0,"max_hp_gain":0.0,"max_hp_loss":0.0,"gold_gain":0.0,"event_name":"The Library","player_choice":"Read","floor":30.0,"gold_loss":0.0,"damage_taken":0.0,"cards_obtained":["Bullet Time"]},{"damage_healed":0.0,"max_hp_gain":0.0,"max_hp_loss":0.0,"gold_gain":0.0,"event_name":"SensoryStone","player_choice":"Memory 1","floor":36.0,"gold_loss":0.0,"damage_taken":0.0},{"damage_healed":0.0,"max_hp_gain":0.0,"max_hp_loss":0.0,"gold_gain":0.0,"event_name":"Mysterious Sphere","player_choice":"Ignored","floor":37.0,"gold_loss":0.0,"damage_taken":0.0}],"is_beta":false,"boss_relics":[{"not_picked":["Orrery","Coffee Dripper"],"picked":"Runic Pyramid"},{"not_picked":["Pandora\u0027s Box","Astrolabe"],"picked":"Ring of the Serpent"}],"items_purged_floors":[5],"is_endless":false,"potions_floor_spawned":[1,10,14,16,24,28,33],"killed_by":"Giant Head","ascension_level":20}