{"gold_per_floor":[117,67,67,81,9,9,35,53,80,108,134,42,101,101,101,101],"floor_reached":16,"playtime":1256,"items_purged":[],"score":130,"play_id":"9925bc11-090f-49f6-8ee1-295c75ed0661","local_time":"20190708091404","is_ascension_mode":true,"campfire_choices":[{"data":"Outmaneuver","floor":6,"key":"SMITH"},{"floor":15,"key":"REST"}],"neow_cost":"NONE","seed_source_timestamp":512855976763158,"circlet_count":0,"master_deck":["Strike_G","Strike_G","Strike_G","Strike_G","Defend_G","Defend_G","Defend_G","Defend_G","Survivor","Neutralize","Flying Knee","Quick Slash","Outmaneuver+1","Underhanded Strike","Poisoned Stab","Backflip","Burst","Acrobatics","Backflip","Endless Agony","Acrobatics","Finisher"],"relics":["Ring of the Snake","Dream Catcher","Lantern","MawBank","Tiny Chest"],"potions_floor_usage":[10,13,13,13,13,13,16],"damage_taken":[{"damage":1,"enemies":"Small Slimes","floor":1,"turns":4},{"damage":1,"enemies":"Cultist","floor":4,"turns":3},{"damage":40,"enemies":"3 Sentries","floor":7,"turns":11},{"damage":3,"enemies":"2 Louse","floor":8,"turns":3},{"damage":19,"enemies":"Lagavulin","floor":10,"turns":6},{"damage":2,"enemies":"2 Fungi Beasts","floor":11,"turns":4},{"damage":15,"enemies":"Gremlin Nob","floor":13,"turns":5},{"damage":28,"enemies":"The Guardian","floor":16,"turns":7}],"seed_played":"-6128348251075508182","potions_obtained":[{"floor":4,"key":"PowerPotion"},{"floor":10,"key":"Fruit Juice"},{"floor":11,"key":"EntropicBrew"},{"floor":13,"key":"Weak Potion"}],"is_trial":false,"path_per_floor":["M","?","?","M","$","R","E","M","T","E","M","$","E","?","R","B"],"character_chosen":"THE_SILENT","items_purchased":["Outmaneuver","Underhanded Strike","Backflip","Endless Agony"],"campfire_rested":1,"item_purchase_floors":[5,5,12,12],"current_hp_per_floor":[76,76,76,75,75,75,35,32,32,18,16,16,1,1,25,0],"gold":101,"neow_bonus":"TEN_PERCENT_HP_BONUS","is_prod":false,"is_daily":false,"chose_seed":false,"campfire_upgraded":1,"win_rate":0,"timestamp":1562602444,"path_taken":["M","?","?","?","$","R","E","M","T","E","M","$","E","?","R","BOSS"],"build_version":"2019-07-05","purchased_purges":0,"victory":false,"max_hp_per_floor":[77,77,77,77,77,77,77,77,77,82,82,82,82,82,82,82],"card_choices":[{"not_picked":["Bane","Distraction"],"picked":"Flying Knee","floor":1},{"not_picked":["Acrobatics","Dodge and Roll"],"picked":"Quick Slash","floor":4},{"not_picked":["Eviscerate","Deflect"],"picked":"Poisoned Stab","floor":7},{"not_picked":["Blade Dance","PiercingWail"],"picked":"Backflip","floor":8},{"not_picked":["Glass Knife","Slice"],"picked":"Burst","floor":10},{"not_picked":["Deflect","Bane"],"picked":"Acrobatics","floor":11},{"not_picked":["Burst","Bane"],"picked":"Acrobatics","floor":13},{"not_picked":["Eviscerate","Endless Agony"],"picked":"Finisher","floor":15}],"player_experience":121390,"relics_obtained":[{"floor":7,"key":"Dream Catcher"},{"floor":9,"key":"Lantern"},{"floor":10,"key":"MawBank"},{"floor":13,"key":"Tiny Chest"}],"event_choices":[{"cards_removed":["Strike_G"],"damage_healed":0,"gold_gain":0,"player_choice":"Card Removal","damage_taken":0,"max_hp_gain":0,"max_hp_loss":0,"event_name":"The Cleric","floor":2,"gold_loss":50},{"cards_removed":["Defend_G"],"damage_healed":0,"gold_gain":0,"player_choice":"Purged","damage_taken":0,"max_hp_gain":0,"max_hp_loss":0,"event_name":"Purifier","floor":3,"gold_loss":0},{"damage_healed":0,"gold_gain":0,"player_choice":"Ignored","damage_taken":0,"max_hp_gain":0,"max_hp_loss":0,"event_name":"Shining Light","floor":14,"gold_loss":0}],"is_beta":false,"boss_relics":[],"items_purged_floors":[],"is_endless":false,"potions_floor_spawned":[4,10,11,13],"killed_by":"The Guardian","ascension_level":2}