{"gold_per_floor":[111,131,144,0,0,0,0,16,16,16,44,44,70,22,22,117,117,127,137,58,58,75,103,103,133,133,133,164,164,164,190,190,292,292,307,318,318,328,328,363,363,389,389,389,407,424,99,99,99,99,99,99,45,71,71],"floor_reached":56,"playtime":6169,"items_purged":["Catalyst"],"score":1601,"play_id":"60508caa-17c3-4c9f-a008-007a763fd5d4","local_time":"20190716160827","is_ascension_mode":true,"campfire_choices":[{"data":"Footwork","floor":6,"key":"SMITH"},{"data":"Acrobatics","floor":10,"key":"SMITH"},{"data":"Caltrops","floor":12,"key":"SMITH"},{"floor":15,"key":"REST"},{"data":"Tactician","floor":24,"key":"SMITH"},{"data":"Outmaneuver","floor":27,"key":"SMITH"},{"floor":29,"key":"RECALL"},{"data":"Neutralize","floor":32,"key":"SMITH"},{"data":"Acrobatics","floor":41,"key":"SMITH"},{"data":"Calculated Gamble","floor":44,"key":"SMITH"},{"data":"Adrenaline","floor":49,"key":"SMITH"},{"data":"Terror","floor":52,"key":"SMITH"}],"neow_cost":"NONE","seed_source_timestamp":348442230417537,"circlet_count":0,"master_deck":["Defend_G","Defend_G","Defend_G","Survivor","Neutralize+1","PiercingWail","Flying Knee","Caltrops+1","Footwork+1","Deflect","Flying Knee","Acrobatics+1","Caltrops","Wraith Form v2+1","Underhanded Strike","A Thousand Cuts+1","Outmaneuver+1","Backstab+1","Well Laid Plans+1","Tactician+1","Caltrops+1","Wraith Form v2+1","Setup+1","Prepared+1","Bite","Bite","Bite","Bite","Bite","Dash+1","Tools of the Trade+1","Calculated Gamble+1","Riddle With Holes+1","Acrobatics+1","Backflip+1","Skewer","Underhanded Strike+1","Adrenaline+1","Concentrate+1","Leg Sweep","Terror+1","Tactician","Underhanded Strike+1"],"relics":["Ring of the Snake","Vajra","Meat on the Bone","Paper Crane","Potion Belt","Frozen Egg 2","Coffee Dripper","Strawberry","Ninja Scroll","Mercury Hourglass","Pear","Blood Vial","Cursed Key","The Courier","Omamori","Ancient Tea Set","Pocketwatch"],"potions_floor_usage":[8,13,22,33,40,40,50,50,55],"damage_taken":[{"damage":1,"enemies":"Jaw Worm","floor":1,"turns":5},{"damage":3,"enemies":"2 Louse","floor":2,"turns":3},{"damage":0,"enemies":"Small Slimes","floor":3,"turns":3},{"damage":6,"enemies":"3 Louse","floor":8,"turns":5},{"damage":26,"enemies":"3 Sentries","floor":11,"turns":10},{"damage":21,"enemies":"Gremlin Nob","floor":13,"turns":5},{"damage":16,"enemies":"Hexaghost","floor":16,"turns":11},{"damage":5,"enemies":"Shell Parasite","floor":18,"turns":5},{"damage":2,"enemies":"Spheric Guardian","floor":19,"turns":5},{"damage":2,"enemies":"Chosen and Byrds","floor":22,"turns":5},{"damage":7,"enemies":"Gremlin Leader","floor":23,"turns":6},{"damage":5,"enemies":"Slavers","floor":25,"turns":5},{"damage":12,"enemies":"Book of Stabbing","floor":28,"turns":5},{"damage":18,"enemies":"Slavers","floor":31,"turns":5},{"damage":46,"enemies":"Collector","floor":33,"turns":10},{"damage":0,"enemies":"3 Shapes","floor":35,"turns":4},{"damage":9,"enemies":"Orb Walker","floor":36,"turns":2},{"damage":6,"enemies":"Writhing Mass","floor":38,"turns":6},{"damage":17,"enemies":"Giant Head","floor":40,"turns":9},{"damage":3,"enemies":"Nemesis","floor":42,"turns":6},{"damage":2,"enemies":"3 Darklings","floor":45,"turns":4},{"damage":26,"enemies":"Spire Growth","floor":46,"turns":5},{"damage":26,"enemies":"Time Eater","floor":50,"turns":9},{"damage":4,"enemies":"Shield and Spear","floor":54,"turns":5},{"damage":53,"enemies":"The Heart","floor":55,"turns":8}],"seed_played":"-5088429696532503814","potions_obtained":[{"floor":2,"key":"FearPotion"},{"floor":8,"key":"Fruit Juice"},{"floor":19,"key":"GhostInAJar"},{"floor":23,"key":"GamblersBrew"},{"floor":28,"key":"Poison Potion"},{"floor":33,"key":"Weak Potion"},{"floor":38,"key":"Explosive Potion"},{"floor":40,"key":"SpeedPotion"},{"floor":45,"key":"AttackPotion"}],"is_trial":false,"path_per_floor":["M","M","M","$","?","R","?","M","T","R","E","R","E","$","R","B",null,"M","M","$","?","M","E","R","E","T","R","E","R","?","E","R","B",null,"M","M","?","M","?","E","R","E","T","R","M","M","$","?","R","B",null,"R","$","E","B",null],"character_chosen":"THE_SILENT","items_purchased":["Footwork","Deflect","Flying Knee","Underhanded Strike","Well Laid Plans+1","Concentrate","Ancient Tea Set","Leg Sweep","Terror","Tactician"],"campfire_rested":1,"item_purchase_floors":[4,4,4,14,20,47,47,47,47,53],"current_hp_per_floor":[62,59,59,59,52,52,27,38,38,38,24,24,15,15,37,33,65,60,58,58,58,56,56,56,51,51,51,61,61,61,48,48,40,58,64,57,57,64,64,58,58,64,64,64,64,45,45,45,45,33,56,56,56,60,31],"gold":71,"neow_bonus":"RANDOM_COMMON_RELIC","is_prod":false,"is_daily":false,"chose_seed":false,"campfire_upgraded":10,"win_rate":0,"timestamp":1563318507,"path_taken":["M","M","M","$","?","R","?","M","T","R","E","R","E","?","R","BOSS","M","M","$","?","M","E","R","E","T","R","E","R","?","E","R","BOSS","M","M","?","M","?","E","R","E","T","R","M","?","$","?","R","BOSS","R","$","E","BOSS"],"build_version":"2019-07-05","purchased_purges":1,"victory":true,"max_hp_per_floor":[70,70,70,70,70,70,70,75,75,75,75,75,75,75,75,75,75,75,75,75,75,75,82,82,82,82,82,92,92,64,64,64,64,64,64,64,64,64,64,64,64,64,64,64,64,64,64,64,64,64,64,64,64,64,64],"card_choices":[{"not_picked":["Cloak And Dagger","Slice"],"picked":"PiercingWail","floor":1},{"not_picked":["Choke","Finisher"],"picked":"Flying Knee","floor":2},{"not_picked":["Outmaneuver","Dagger Throw"],"picked":"Caltrops","floor":3},{"not_picked":["Slice","Eviscerate"],"picked":"Acrobatics","floor":8},{"not_picked":["Deflect","Dagger Throw"],"picked":"Caltrops","floor":11},{"not_picked":["Dagger Spray","Acrobatics"],"picked":"Wraith Form v2","floor":13},{"not_picked":["Adrenaline","Glass Knife"],"picked":"A Thousand Cuts+1","floor":16},{"not_picked":["All Out Attack+1","Quick Slash"],"picked":"Outmaneuver","floor":18},{"not_picked":["Poisoned Stab","Slice"],"picked":"Backstab+1","floor":19},{"not_picked":["Underhanded Strike","Catalyst"],"picked":"Caltrops+1","floor":22},{"not_picked":["Sucker Punch","Deadly Poison"],"picked":"Wraith Form v2+1","floor":23},{"not_picked":["Flying Knee+1","Reflex"],"picked":"Setup+1","floor":25},{"not_picked":["Deflect","Outmaneuver"],"picked":"Prepared+1","floor":28},{"not_picked":["Die Die Die","Outmaneuver"],"picked":"Dash+1","floor":31},{"not_picked":["Doppelganger","Die Die Die"],"picked":"Tools of the Trade+1","floor":33},{"not_picked":["Dagger Throw+1","Backflip"],"picked":"Calculated Gamble","floor":35},{"not_picked":["Sucker Punch","Calculated Gamble"],"picked":"Riddle With Holes+1","floor":36},{"not_picked":["Flechettes","Underhanded Strike+1"],"picked":"Acrobatics","floor":38},{"not_picked":["Masterful Stab+1","Deadly Poison+1"],"picked":"Backflip+1","floor":40},{"not_picked":["Dagger Spray","Sucker Punch+1"],"picked":"Skewer","floor":42},{"not_picked":["PiercingWail","Flechettes+1"],"picked":"Underhanded Strike+1","floor":45},{"not_picked":["Acrobatics+1","Predator"],"picked":"Adrenaline","floor":46},{"not_picked":["Cloak And Dagger+1","Sucker Punch+1"],"picked":"Underhanded Strike+1","floor":54}],"player_experience":312225,"relics_obtained":[{"floor":9,"key":"Paper Crane"},{"floor":11,"key":"Potion Belt"},{"floor":13,"key":"Frozen Egg 2"},{"floor":23,"key":"Strawberry"},{"floor":25,"key":"Ninja Scroll"},{"floor":26,"key":"Mercury Hourglass"},{"floor":28,"key":"Pear"},{"floor":31,"key":"Blood Vial"},{"floor":40,"key":"The Courier"},{"floor":42,"key":"Omamori"},{"floor":54,"key":"Pocketwatch"}],"event_choices":[{"cards_removed":["Strike_G"],"damage_healed":0,"gold_gain":0,"player_choice":"Card Removal","damage_taken":7,"max_hp_gain":0,"max_hp_loss":0,"event_name":"Golden Wing","floor":5,"gold_loss":0},{"damage_healed":0,"gold_gain":0,"player_choice":"Success","damage_taken":25,"relics_obtained":["Meat on the Bone"],"max_hp_gain":0,"max_hp_loss":0,"event_name":"Scrap Ooze","floor":7,"gold_loss":0},{"damage_healed":0,"gold_gain":0,"player_choice":"Read","damage_taken":0,"max_hp_gain":0,"max_hp_loss":0,"event_name":"The Library","floor":21,"gold_loss":0,"cards_obtained":["Tactician"]},{"damage_healed":0,"gold_gain":0,"player_choice":"Became a vampire","damage_taken":0,"max_hp_gain":0,"max_hp_loss":28,"event_name":"Vampires","floor":30,"gold_loss":0,"cards_obtained":["Bite","Bite","Bite","Bite","Bite"]},{"cards_removed":["Defend_G"],"damage_healed":0,"gold_gain":0,"player_choice":"Removed Skill","damage_taken":0,"max_hp_gain":0,"max_hp_loss":0,"event_name":"Falling","floor":37,"gold_loss":0},{"damage_healed":0,"gold_gain":0,"cards_transformed":["Defend_G"],"player_choice":"Transformed","damage_taken":0,"max_hp_gain":0,"max_hp_loss":0,"event_name":"Transmorgrifier","floor":39,"gold_loss":0,"cards_obtained":["Catalyst"]},{"damage_healed":0,"gold_gain":0,"player_choice":"Forge","damage_taken":0,"max_hp_gain":0,"max_hp_loss":0,"event_name":"Accursed Blacksmith","floor":48,"gold_loss":0,"cards_upgraded":["Concentrate"]}],"is_beta":false,"boss_relics":[{"not_picked":["Busted Crown","Orrery"],"picked":"Coffee Dripper"},{"not_picked":["Calling Bell","Fusion Hammer"],"picked":"Cursed Key"}],"items_purged_floors":[47],"is_endless":false,"potions_floor_spawned":[2,8,19,23,28,33,38,40,45],"ascension_level":7}