{"gold_per_floor":[119,119,20,33,33,66,66,66,116,135,135,166,166,6,6,77,77,91,6,6,6,23,23,42,73,73,73,90,90,40,65,65,142,142,157,177,157,170,182,182,214,229,277,307,317,317,317,317],"floor_reached":48,"playtime":3933,"items_purged":["Writhe"],"score":1347,"play_id":"67695c87-a7dc-44f8-83fd-4d5ad2c4a70c","local_time":"20190814002832","is_ascension_mode":true,"campfire_choices":[{"data":"Static Discharge","floor":7,"key":"SMITH"},{"data":"Barrage","floor":11,"key":"SMITH"},{"data":"Ball Lightning","floor":15,"key":"SMITH"},{"data":"Seek","floor":23,"key":"SMITH"},{"data":"Consume","floor":27,"key":"SMITH"},{"data":"Strike_B","floor":32,"key":"PURGE"},{"data":"Defend_B","floor":40,"key":"PURGE"},{"data":"Coolheaded","floor":47,"key":"SMITH"}],"neow_cost":"NONE","seed_source_timestamp":790435033055100,"circlet_count":0,"master_deck":["AscendersBane","Defend_B+1","Defend_B+1","Defend_B","Zap","Dualcast","Ball Lightning+1","Panacea+1","Stack+1","Static Discharge+1","Barrage+1","Capacitor+1","Seek+1","Biased Cognition+1","Turbo+1","Melter+1","Conserve Battery+1","Chill","Doom and Gloom","Consume+1","Coolheaded+1","Cold Snap","Amplify","Thunder Strike","Recycle+1","Chill","Loop+1","Heatsinks+1","Decay"],"relics":["Cracked Core","NeowsBlessing","Pen Nib","War Paint","Symbiotic Virus","DataDisk","Astrolabe","Peace Pipe","Boot","Dodecahedron","Meat on the Bone","Smiling Mask","Frozen Egg 2","Sozu","Centennial Puzzle","Bronze Scales","Du-Vu Doll"],"potions_floor_usage":[12,16,24,31,31,31,36,38],"damage_taken":[{"damage":0,"enemies":"2 Louse","floor":1,"turns":1},{"damage":0,"enemies":"Cultist","floor":4,"turns":1},{"damage":0,"enemies":"3 Sentries","floor":6,"turns":2},{"damage":7,"enemies":"Jaw Worm","floor":10,"turns":3},{"damage":13,"enemies":"Gremlin Nob","floor":12,"turns":4},{"damage":10,"enemies":"Hexaghost","floor":16,"turns":6},{"damage":14,"enemies":"2 Thieves","floor":18,"turns":3},{"damage":0,"enemies":"Chosen","floor":22,"turns":3},{"damage":5,"enemies":"Snake Plant","floor":24,"turns":4},{"damage":12,"enemies":"Slavers","floor":25,"turns":5},{"damage":0,"enemies":"Centurion and Healer","floor":28,"turns":4},{"damage":5,"enemies":"Gremlin Leader","floor":31,"turns":8},{"damage":0,"enemies":"Collector","floor":33,"turns":9},{"damage":43,"enemies":"3 Darklings","floor":35,"turns":5},{"damage":0,"enemies":"3 Shapes","floor":36,"turns":6},{"damage":4,"enemies":"Transient","floor":38,"turns":6},{"damage":0,"enemies":"Sphere and 2 Shapes","floor":39,"turns":4},{"damage":26,"enemies":"Giant Head","floor":41,"turns":8},{"damage":10,"enemies":"4 Shapes","floor":42,"turns":7},{"damage":0,"enemies":"Nemesis","floor":44,"turns":7},{"damage":29,"enemies":"Jaw Worm Horde","floor":45,"turns":4},{"damage":35,"enemies":"3 Darklings","floor":48,"turns":4}],"seed_played":"-4557668671923113447","potions_obtained":[{"floor":2,"key":"Energy Potion"},{"floor":2,"key":"PowerPotion"},{"floor":4,"key":"EntropicBrew"},{"floor":12,"key":"LiquidBronze"},{"floor":22,"key":"Block Potion"},{"floor":31,"key":"EntropicBrew"},{"floor":33,"key":"GamblersBrew"}],"is_trial":false,"path_per_floor":["M","?","$","M","?","E","R","?","T","M","R","E","?","$","R","B",null,"M","?","?","T","M","R","M","E","T","R","M","?","$","E","R","B",null,"M","M","?","M","M","R","E","M","T","E","M","?","R","M"],"character_chosen":"DEFECT","items_purchased":["Panacea","DataDisk"],"campfire_rested":0,"item_purchase_floors":[3,14],"current_hp_per_floor":[64,64,64,64,64,64,64,43,43,36,36,23,23,23,23,13,57,43,43,43,43,43,43,38,26,26,26,38,38,38,45,45,45,65,34,46,46,42,42,42,28,30,30,42,25,25,25,0],"gold":317,"neow_bonus":"THREE_ENEMY_KILL","is_prod":false,"is_daily":false,"chose_seed":false,"campfire_upgraded":6,"win_rate":0,"timestamp":1565735312,"path_taken":["M","?","$","?","?","E","R","?","T","M","R","E","?","?","R","BOSS","M","?","?","?","M","R","M","E","T","R","?","?","?","E","R","BOSS","M","M","?","M","M","R","E","?","T","E","M","?","R","?"],"build_version":"2019-07-17","purchased_purges":1,"victory":false,"max_hp_per_floor":[71,71,71,71,71,71,71,71,71,71,71,71,71,71,71,71,71,71,71,71,71,71,71,71,71,71,71,71,71,71,71,71,71,71,71,71,71,71,71,71,71,71,71,71,71,71,71,71],"card_choices":[{"not_picked":["Chill","Blizzard"],"picked":"Ball Lightning","floor":1},{"not_picked":["Aggregate","Turbo"],"picked":"Stack","floor":4},{"not_picked":["Reprogram","Gash"],"picked":"Static Discharge","floor":6},{"not_picked":["BootSequence","Leap"],"picked":"Barrage","floor":10},{"not_picked":["Chill","Streamline"],"picked":"Capacitor","floor":12},{"not_picked":["Fission","Buffer"],"picked":"Seek","floor":16},{"not_picked":["Blizzard","Go for the Eyes"],"picked":"Conserve Battery+1","floor":18},{"not_picked":["Beam Cell","Double Energy+1"],"picked":"Doom and Gloom","floor":22},{"not_picked":["Compile Driver","White Noise"],"picked":"Consume","floor":24},{"not_picked":["Streamline","Go for the Eyes"],"picked":"Coolheaded","floor":25},{"not_picked":["Compile Driver","Streamline+1"],"picked":"Cold Snap","floor":28},{"not_picked":["Turbo+1","Ball Lightning"],"picked":"Amplify","floor":31},{"not_picked":["Creative AI+1","Core Surge"],"picked":"Thunder Strike","floor":33},{"not_picked":["Sweeping Beam+1","Consume"],"picked":"Recycle+1","floor":35},{"not_picked":["Cold Snap","Rip and Tear"],"picked":"Chill","floor":36},{"not_picked":["Streamline","Rebound+1","Double Energy+1"],"picked":"SKIP","floor":38},{"not_picked":["Sweeping Beam","Compile Driver","Rebound"],"picked":"SKIP","floor":39},{"not_picked":["Steam","White Noise"],"picked":"Loop+1","floor":41},{"not_picked":["Leap","Stack","Rip and Tear"],"picked":"SKIP","floor":42},{"not_picked":["Redo","Rip and Tear"],"picked":"Heatsinks+1","floor":44},{"not_picked":["All For One","Leap","Sweeping Beam"],"picked":"SKIP","floor":45}],"player_experience":1492179,"relics_obtained":[{"floor":6,"key":"Pen Nib"},{"floor":9,"key":"War Paint"},{"floor":12,"key":"Symbiotic Virus"},{"floor":21,"key":"Boot"},{"floor":25,"key":"Dodecahedron"},{"floor":26,"key":"Meat on the Bone"},{"floor":31,"key":"Frozen Egg 2"},{"floor":41,"key":"Centennial Puzzle"},{"floor":43,"key":"Bronze Scales"},{"floor":44,"key":"Du-Vu Doll"}],"event_choices":[{"damage_healed":0,"gold_gain":0,"player_choice":"Got Potions","damage_taken":0,"max_hp_gain":0,"max_hp_loss":0,"event_name":"Lab","floor":2,"gold_loss":0},{"damage_healed":0,"gold_gain":0,"player_choice":"Ignored","damage_taken":0,"max_hp_gain":0,"max_hp_loss":0,"event_name":"Liars Game","floor":5,"gold_loss":0},{"damage_healed":0,"gold_gain":0,"player_choice":"Entered Light","damage_taken":21,"max_hp_gain":0,"max_hp_loss":0,"event_name":"Shining Light","floor":8,"gold_loss":0,"cards_upgraded":["Stack","Panacea"]},{"damage_healed":0,"gold_gain":0,"player_choice":"Grow","damage_taken":0,"max_hp_gain":0,"max_hp_loss":0,"event_name":"Living Wall","floor":13,"gold_loss":0,"cards_upgraded":["Capacitor"]},{"damage_healed":0,"gold_gain":0,"player_choice":"Obtained Relic","damage_taken":0,"relics_obtained":["Peace Pipe"],"max_hp_gain":0,"max_hp_loss":0,"event_name":"Addict","floor":19,"gold_loss":85},{"damage_healed":0,"gold_gain":0,"player_choice":"Read","damage_taken":0,"max_hp_gain":0,"max_hp_loss":0,"event_name":"The Library","floor":20,"gold_loss":0,"cards_obtained":["Chill"]},{"damage_healed":0,"gold_gain":0,"player_choice":"Opened","damage_taken":0,"relics_obtained":["Smiling Mask"],"max_hp_gain":0,"max_hp_loss":0,"event_name":"The Mausoleum","floor":29,"gold_loss":0,"cards_obtained":["Writhe"]},{"damage_healed":0,"gold_gain":0,"player_choice":"Bought 1 Potion","damage_taken":0,"max_hp_gain":0,"max_hp_loss":0,"event_name":"The Woman in Blue","floor":37,"gold_loss":0},{"damage_healed":0,"gold_gain":0,"player_choice":"Cursed","damage_taken":0,"max_hp_gain":0,"max_hp_loss":0,"event_name":"Wheel of Change","floor":46,"gold_loss":0,"cards_obtained":["Decay"]}],"is_beta":false,"boss_relics":[{"not_picked":["Nuclear Battery","Orrery"],"picked":"Astrolabe"},{"not_picked":["Velvet Choker","Eternal Feather"],"picked":"Sozu"}],"items_purged_floors":[30],"is_endless":false,"potions_floor_spawned":[4,12,22,31,33,36,38,39,45],"killed_by":"3 Darklings","ascension_level":20}