{"gold_per_floor":[219,369,369,369,39,39,53,64,114,132,132,150,150,164,164,243,243,257,50,50,50,66,66,66,66,93,125,125,142,142,171,171,243,243,259,24,41,41,59,59,74,93,116,128,140,152,174,202,214,226,238],"floor_reached":51,"playtime":2295,"items_purged":["Strike_G+1"],"score":1329,"play_id":"a73f19af-b88a-4401-92a0-8abdf0110c0c","local_time":"20190812164819","is_ascension_mode":true,"campfire_choices":[{"data":"Flechettes","floor":6.0,"key":"SMITH"},{"data":"Catalyst","floor":13.0,"key":"SMITH"},{"data":"Deadly Poison","floor":15.0,"key":"SMITH"},{"data":"Catalyst","floor":23.0,"key":"SMITH"},{"data":"Adrenaline","floor":25.0,"key":"SMITH"},{"floor":28.0,"key":"REST"},{"floor":30.0,"key":"REST"},{"data":"1","floor":32.0,"key":"LIFT"},{"data":"2","floor":40.0,"key":"LIFT"},{"floor":44.0,"key":"REST"},{"floor":46.0,"key":"REST"},{"floor":49.0,"key":"REST"}],"neow_cost":"NONE","seed_source_timestamp":1669011894883239,"circlet_count":0,"master_deck":["AscendersBane","Strike_G+1","Defend_G+1","Defend_G+1","Defend_G+1","Defend_G+1","Defend_G+1","Survivor","Neutralize","Flechettes+1","Catalyst+1","Deflect","Deadly Poison+1","Bane","Terror+1","Bane","Deflect","Adrenaline+1","Sucker Punch","Noxious Fumes","Catalyst+1","Noxious Fumes","Bane","Deadly Poison","Poisoned Stab","Bullet Time","Dash+1","Escape Plan+1","All Out Attack+1","Outmaneuver+1","Decay","Poisoned Stab+1"],"special_seed":0,"relics":["Ring of the Snake","Mercury Hourglass","Sling","Centennial Puzzle","Runic Pyramid","Blood Vial","Snake Skull","Calipers","Girya","Astrolabe","Lantern","MawBank"],"potions_floor_usage":[51],"damage_taken":[{"damage":0.0,"enemies":"Small Slimes","floor":1.0,"turns":4.0},{"damage":0.0,"enemies":"2 Louse","floor":7.0,"turns":2.0},{"damage":4.0,"enemies":"Cultist","floor":8.0,"turns":3.0},{"damage":0.0,"enemies":"Looter","floor":10.0,"turns":3.0},{"damage":4.0,"enemies":"2 Fungi Beasts","floor":12.0,"turns":3.0},{"damage":3.0,"enemies":"3 Louse","floor":14.0,"turns":2.0},{"damage":20.0,"enemies":"Hexaghost","floor":16.0,"turns":6.0},{"damage":27.0,"enemies":"3 Byrds","floor":18.0,"turns":4.0},{"damage":6.0,"enemies":"2 Thieves","floor":22.0,"turns":3.0},{"damage":9.0,"enemies":"Book of Stabbing","floor":27.0,"turns":4.0},{"damage":13.0,"enemies":"Snecko","floor":29.0,"turns":4.0},{"damage":14.0,"enemies":"Slavers","floor":31.0,"turns":4.0},{"damage":28.0,"enemies":"Collector","floor":33.0,"turns":5.0},{"damage":0.0,"enemies":"3 Shapes","floor":35.0,"turns":4.0},{"damage":4.0,"enemies":"3 Darklings","floor":37.0,"turns":3.0},{"damage":9.0,"enemies":"Sphere and 2 Shapes","floor":39.0,"turns":5.0},{"damage":34.0,"enemies":"Spire Growth","floor":41.0,"turns":4.0},{"damage":7.0,"enemies":"Maw","floor":42.0,"turns":5.0},{"damage":12.0,"enemies":"Jaw Worm Horde","floor":47.0,"turns":4.0},{"damage":23.0,"enemies":"Spire Growth","floor":48.0,"turns":4.0},{"damage":28.0,"enemies":"Time Eater","floor":50.0,"turns":5.0},{"damage":11,"enemies":"Donu and Deca","floor":51,"turns":3}],"seed_played":"3059153288310233156","potions_obtained":[{"floor":1.0,"key":"Block Potion"},{"floor":10.0,"key":"SkillPotion"},{"floor":12.0,"key":"Swift Potion"},{"floor":16.0,"key":"Dexterity Potion"},{"floor":22.0,"key":"Fire Potion"},{"floor":35.0,"key":"GhostInAJar"},{"floor":37.0,"key":"Dexterity Potion"}],"is_trial":false,"path_per_floor":["M","?","?","?","$","R","M","M","T","M","?","M","R","M","R","B",null,"M","$","?","?","M","R","?","R","T","E","R","M","R","E","R","B",null,"M","$","M","?","M","R","M","M","T","R","?","R","M","M","R","B","B"],"character_chosen":"THE_SILENT","items_purchased":["Sling","Catalyst","Deflect","Noxious Fumes","Blood Vial","Lantern"],"campfire_rested":5,"item_purchase_floors":[5,5,5,19,19,36],"current_hp_per_floor":[59,59,59,48,48,48,48,44,44,44,44,40,40,37,37,17,54,27,27,27,27,23,23,23,23,23,16,35,24,43,31,31,5,51,53,53,51,51,44,44,12,7,7,25,25,43,33,12,30,4,0],"gold":238,"neow_bonus":"HUNDRED_GOLD","is_prod":false,"is_daily":false,"chose_seed":false,"campfire_upgraded":5,"win_rate":0,"timestamp":1565653699,"path_taken":["M","?","?","?","$","R","M","M","T","M","?","?","R","M","R","BOSS","M","$","?","?","M","R","?","R","T","E","R","M","R","E","R","BOSS","M","$","M","?","M","R","M","M","T","R","?","R","M","M","R","BOSS","BOSS"],"build_version":"2019-07-17","purchased_purges":1,"victory":false,"max_hp_per_floor":[66,66,66,66,66,66,66,66,66,66,66,66,66,66,66,66,66,66,66,66,66,66,66,66,66,66,66,66,66,66,66,66,66,66,66,66,66,63,63,63,63,63,63,63,63,63,63,63,63,63,63],"card_choices":[{"not_picked":["Bane","Distraction"],"picked":"Flechettes","floor":1.0},{"not_picked":["Outmaneuver","Bane"],"picked":"Deadly Poison","floor":7.0},{"not_picked":["Heel Hook","Concentrate"],"picked":"Bane","floor":8.0},{"not_picked":["Crippling Poison","Cloak And Dagger"],"picked":"Terror","floor":10.0},{"not_picked":["Finisher","Acrobatics"],"picked":"Bane","floor":12.0},{"not_picked":["Dash","Prepared"],"picked":"Deflect","floor":14.0},{"not_picked":["Doppelganger","Unload"],"picked":"Adrenaline","floor":16.0},{"not_picked":["Accuracy","Cloak And Dagger"],"picked":"Sucker Punch","floor":18.0},{"not_picked":["Underhanded Strike","Heel Hook","Cloak And Dagger"],"picked":"SKIP","floor":22.0},{"not_picked":["Cloak And Dagger+1","Tactician"],"picked":"Bane","floor":27.0},{"not_picked":["PiercingWail","Acrobatics"],"picked":"Deadly Poison","floor":29.0},{"not_picked":["A Thousand Cuts","Sucker Punch"],"picked":"Poisoned Stab","floor":31.0},{"not_picked":["Phantasmal Killer","Venomology"],"picked":"Bullet Time","floor":33.0},{"not_picked":["Bane","Underhanded Strike"],"picked":"Outmaneuver+1","floor":35.0},{"not_picked":["Blade Dance+1","Setup","Choke"],"picked":"SKIP","floor":37.0},{"not_picked":["Slice+1","Choke","Bane"],"picked":"SKIP","floor":39.0},{"not_picked":["PiercingWail","Heel Hook","Dagger Throw"],"picked":"SKIP","floor":41.0},{"not_picked":["Dagger Throw+1","Choke+1","Glass Knife"],"picked":"SKIP","floor":42.0},{"not_picked":["Dagger Spray","Reflex"],"picked":"Poisoned Stab+1","floor":47.0},{"not_picked":["Poisoned Stab","Dagger Spray+1","Slice+1"],"picked":"SKIP","floor":48.0}],"player_experience":694472,"relics_obtained":[{"floor":9.0,"key":"Centennial Puzzle"},{"floor":26.0,"key":"Snake Skull"},{"floor":27.0,"key":"Calipers"},{"floor":31.0,"key":"Girya"},{"floor":43.0,"key":"MawBank"}],"event_choices":[{"damage_healed":0.0,"max_hp_gain":0.0,"max_hp_loss":0.0,"gold_gain":150.0,"event_name":"Liars Game","player_choice":"AGREE","floor":2.0,"gold_loss":0.0,"damage_taken":0.0,"cards_obtained":["Doubt"]},{"cards_removed":["Doubt"],"damage_healed":0.0,"max_hp_gain":0.0,"max_hp_loss":0.0,"gold_gain":0.0,"event_name":"Living Wall","player_choice":"Forget","floor":3.0,"gold_loss":0.0,"damage_taken":0.0},{"damage_healed":0.0,"max_hp_gain":0.0,"max_hp_loss":0.0,"gold_gain":0.0,"event_name":"Scrap Ooze","player_choice":"Success","floor":4.0,"gold_loss":0.0,"damage_taken":11.0,"relics_obtained":["Mercury Hourglass"]},{"damage_healed":0.0,"max_hp_gain":0.0,"max_hp_loss":0.0,"gold_gain":0.0,"event_name":"Accursed Blacksmith","player_choice":"Forge","floor":11.0,"gold_loss":0.0,"damage_taken":0.0,"cards_upgraded":["Terror"]},{"damage_healed":0.0,"max_hp_gain":0.0,"max_hp_loss":0.0,"gold_gain":0.0,"event_name":"The Library","player_choice":"Read","floor":20.0,"gold_loss":0.0,"damage_taken":0.0,"cards_obtained":["Catalyst"]},{"damage_healed":0.0,"max_hp_gain":0.0,"max_hp_loss":0.0,"gold_gain":0.0,"event_name":"Back to Basics","player_choice":"Simplicity","floor":21.0,"gold_loss":0.0,"damage_taken":0.0,"cards_upgraded":["Strike_G","Strike_G","Strike_G","Strike_G","Strike_G","Defend_G","Defend_G","Defend_G","Defend_G","Defend_G"]},{"damage_healed":0.0,"max_hp_gain":0.0,"max_hp_loss":0.0,"gold_gain":0.0,"event_name":"Match and Keep!","player_choice":"1 cards matched","floor":24.0,"gold_loss":0.0,"damage_taken":0.0,"cards_obtained":["Noxious Fumes"]},{"damage_healed":0.0,"max_hp_gain":0.0,"max_hp_loss":3.0,"gold_gain":0.0,"event_name":"Winding Halls","player_choice":"Max HP","floor":38.0,"gold_loss":0.0,"damage_taken":0.0},{"damage_healed":0.0,"max_hp_gain":0.0,"max_hp_loss":0.0,"gold_gain":0.0,"event_name":"Wheel of Change","player_choice":"Cursed","floor":45.0,"gold_loss":0.0,"damage_taken":0.0,"cards_obtained":["Decay"]}],"is_beta":false,"boss_relics":[{"not_picked":["Runic Dome","White Beast Statue"],"picked":"Runic Pyramid"},{"not_picked":["Velvet Choker","Snecko Eye"],"picked":"Astrolabe"}],"items_purged_floors":[36],"is_endless":false,"potions_floor_spawned":[1,10,12,16,22,29,35,37,42],"killed_by":"Donu and Deca","ascension_level":20}