{"gold_per_floor":[114,11,24,24,24,55,55,70,70,70,90,121,121,134,134,234,234,234,174,174,174,174,174,174,174,174,174,174,174,174,174,174,174],"floor_reached":33,"playtime":3656,"items_purged":[],"score":499,"play_id":"10f214f7-7256-401f-839c-adda1d4e4a83","local_time":"20190718142558","is_ascension_mode":true,"campfire_choices":[{"data":"Well Laid Plans","floor":7,"key":"SMITH"},{"data":"Terror","floor":10,"key":"SMITH"},{"floor":15,"key":"REST"},{"floor":24,"key":"REST"},{"floor":27,"key":"REST"},{"data":"Dodge and Roll","floor":30,"key":"SMITH"},{"data":"Survivor","floor":32,"key":"SMITH"}],"neow_cost":"NONE","seed_source_timestamp":517636483967096,"circlet_count":0,"master_deck":["Strike_G","Strike_G","Strike_G","Strike_G","Strike_G","Defend_G+1","Defend_G+1","Defend_G+1","Defend_G","Defend_G","Survivor+1","Neutralize+1","Masterful Stab+1","Well Laid Plans+1","Quick Slash","Dodge and Roll+1","Underhanded Strike","Terror+1","Acrobatics+1","Outmaneuver+1","Reflex+1","Bullet Time+1","PiercingWail+1","Dagger Throw","Dodge and Roll+1","Deadly Poison+1","PiercingWail+1","Dodge and Roll+1","PiercingWail+1","Acrobatics+1","Quick Slash","Underhanded Strike+1"],"relics":["Ring of the Snake","Ginger","Toxic Egg 2","War Paint","Ectoplasm","Tiny Chest","Sundial","Frozen Egg 2","Regal Pillow"],"potions_floor_usage":[16,16,16,20,21,23,28],"damage_taken":[{"damage":7,"enemies":"2 Louse","floor":1,"turns":4},{"damage":0,"enemies":"Cultist","floor":3,"turns":3},{"damage":25,"enemies":"3 Sentries","floor":6,"turns":15},{"damage":0,"enemies":"Jaw Worm","floor":8,"turns":3},{"damage":6,"enemies":"3 Louse","floor":11,"turns":4},{"damage":9,"enemies":"Lagavulin","floor":12,"turns":5},{"damage":0,"enemies":"Lots of Slimes","floor":14,"turns":5},{"damage":19,"enemies":"Hexaghost","floor":16,"turns":12},{"damage":10,"enemies":"Spheric Guardian","floor":18,"turns":5},{"damage":1,"enemies":"2 Thieves","floor":19,"turns":4},{"damage":3,"enemies":"3 Cultists","floor":20,"turns":6},{"damage":0,"enemies":"Centurion and Healer","floor":21,"turns":6},{"damage":9,"enemies":"Snecko","floor":22,"turns":5},{"damage":37,"enemies":"Book of Stabbing","floor":23,"turns":6},{"damage":0,"enemies":"Slavers","floor":25,"turns":10},{"damage":4,"enemies":"Book of Stabbing","floor":28,"turns":6},{"damage":0,"enemies":"Snake Plant","floor":29,"turns":5},{"damage":1,"enemies":"Centurion and Healer","floor":31,"turns":7},{"damage":51,"enemies":"Champ","floor":33,"turns":13}],"seed_played":"867562958335381841","potions_obtained":[{"floor":11,"key":"GhostInAJar"},{"floor":12,"key":"AttackPotion"},{"floor":14,"key":"Explosive Potion"},{"floor":19,"key":"Dexterity Potion"},{"floor":20,"key":"Block Potion"},{"floor":22,"key":"SkillPotion"},{"floor":25,"key":"SkillPotion"}],"is_trial":false,"path_per_floor":["M","$","M","?","$","E","R","M","T","R","M","E","?","M","R","B",null,"M","M","M","M","M","E","R","E","T","R","E","M","R","M","R","B"],"character_chosen":"THE_SILENT","items_purchased":["Well Laid Plans","Quick Slash"],"campfire_rested":3,"item_purchase_floors":[2,2],"current_hp_per_floor":[63,63,63,48,48,23,23,23,23,23,17,8,8,8,31,12,61,51,50,47,47,38,1,24,24,24,47,43,43,43,42,42,0],"gold":174,"neow_bonus":"TEN_PERCENT_HP_BONUS","is_prod":false,"is_daily":false,"chose_seed":false,"campfire_upgraded":4,"win_rate":0,"timestamp":1563485158,"path_taken":["M","$","M","?","$","E","R","M","T","R","M","E","?","M","R","BOSS","M","M","M","M","M","E","R","E","T","R","E","M","R","M","R","BOSS"],"build_version":"2019-07-17","purchased_purges":0,"victory":false,"max_hp_per_floor":[77,77,77,77,77,77,77,77,77,77,77,77,77,77,77,77,77,77,77,77,77,77,77,77,77,77,77,77,77,77,77,77,77],"card_choices":[{"not_picked":["Underhanded Strike","Bane"],"picked":"Masterful Stab","floor":1},{"not_picked":["Setup","Poisoned Stab"],"picked":"Dodge and Roll","floor":3},{"not_picked":["Quick Slash","Reflex"],"picked":"Underhanded Strike","floor":6},{"not_picked":["Bane","Deflect"],"picked":"Terror","floor":8},{"not_picked":["Night Terror+1","Calculated Gamble+1"],"picked":"Acrobatics+1","floor":11},{"not_picked":["Dash","Dodge and Roll+1"],"picked":"Outmaneuver+1","floor":12},{"not_picked":["All Out Attack","Quick Slash"],"picked":"Reflex+1","floor":14},{"not_picked":["Adrenaline+1","Wraith Form v2"],"picked":"Bullet Time+1","floor":16},{"not_picked":["Dagger Throw","Eviscerate"],"picked":"PiercingWail+1","floor":18},{"not_picked":["Eviscerate","Bane"],"picked":"Dagger Throw","floor":19},{"not_picked":["Riddle With Holes","Underhanded Strike"],"picked":"Dodge and Roll+1","floor":20},{"not_picked":["Blade Dance+1","Dagger Spray"],"picked":"Deadly Poison+1","floor":21},{"not_picked":["Riddle With Holes","Dodge and Roll+1"],"picked":"PiercingWail+1","floor":22},{"not_picked":["Flying Knee","Dagger Spray"],"picked":"Dodge and Roll+1","floor":23},{"not_picked":["Eviscerate","Grand Finale"],"picked":"PiercingWail+1","floor":25},{"not_picked":["Envenom+1","Backflip+1"],"picked":"Acrobatics+1","floor":28},{"not_picked":["Sucker Punch","Infinite Blades+1"],"picked":"Quick Slash","floor":29},{"not_picked":["All Out Attack","Sucker Punch"],"picked":"Underhanded Strike+1","floor":31}],"player_experience":360602,"relics_obtained":[{"floor":6,"key":"Ginger"},{"floor":9,"key":"Toxic Egg 2"},{"floor":12,"key":"War Paint"},{"floor":23,"key":"Tiny Chest"},{"floor":25,"key":"Sundial"},{"floor":26,"key":"Frozen Egg 2"},{"floor":28,"key":"Regal Pillow"}],"event_choices":[{"damage_healed":0,"gold_gain":0,"player_choice":"Entered Light","damage_taken":15,"max_hp_gain":0,"max_hp_loss":0,"event_name":"Shining Light","floor":4,"gold_loss":0,"cards_upgraded":["Defend_G","Masterful Stab"]},{"damage_healed":0,"gold_gain":0,"player_choice":"Forge","damage_taken":0,"max_hp_gain":0,"max_hp_loss":0,"event_name":"Accursed Blacksmith","floor":13,"gold_loss":0,"cards_upgraded":["Neutralize"]}],"is_beta":false,"boss_relics":[{"not_picked":["WristBlade","Empty Cage"],"picked":"Ectoplasm"}],"items_purged_floors":[],"is_endless":false,"potions_floor_spawned":[11,12,14,19,20,22,25],"killed_by":"Champ","ascension_level":9}