{"gold_per_floor":[114,2,17,17,36,65,65,81,108,128,60,60,92,20,20,20],"floor_reached":16,"playtime":886,"items_purged":[],"score":163,"play_id":"eeaa4903-7a54-4e81-89b9-e48246679682","local_time":"20190715093311","is_ascension_mode":true,"campfire_choices":[{"data":"Caltrops","floor":7,"key":"SMITH"},{"data":"Acrobatics","floor":12,"key":"SMITH"},{"data":"Wraith Form v2","floor":15,"key":"SMITH"}],"neow_cost":"NONE","seed_source_timestamp":243645150358400,"circlet_count":0,"master_deck":["Strike_G","Strike_G","Strike_G","Strike_G","Strike_G","Defend_G","Defend_G","Defend_G","Defend_G","Defend_G","Survivor","Neutralize","Masterful Stab","Caltrops+1","Expertise","Backflip","Calculated Gamble","Backflip","PiercingWail","Acrobatics+1","Underhanded Strike","Wraith Form v2+1","Well Laid Plans"],"relics":["Ring of the Snake","Potion Belt","Bag of Marbles","Smiling Mask"],"potions_floor_usage":[4,8,13,16,16],"damage_taken":[{"damage":0,"enemies":"Jaw Worm","floor":1,"turns":7},{"damage":1,"enemies":"Cultist","floor":3,"turns":4},{"damage":0,"enemies":"2 Louse","floor":5,"turns":2},{"damage":32,"enemies":"3 Sentries","floor":6,"turns":11},{"damage":1,"enemies":"Exordium Thugs","floor":8,"turns":4},{"damage":3,"enemies":"Large Slime","floor":10,"turns":5},{"damage":11,"enemies":"Gremlin Nob","floor":13,"turns":4},{"damage":41,"enemies":"Slime Boss","floor":16,"turns":7}],"seed_played":"-1354518528679599180","potions_obtained":[{"floor":1,"key":"Ancient Potion"},{"floor":4,"key":"GhostInAJar"},{"floor":4,"key":"Swift Potion"},{"floor":4,"key":"Fruit Juice"},{"floor":6,"key":"SkillPotion"},{"floor":8,"key":"Fruit Juice"},{"floor":13,"key":"Energy Potion"}],"is_trial":false,"path_per_floor":["M","$","M","?","M","E","R","M","T","M","$","R","E","$","R","B"],"character_chosen":"THE_SILENT","items_purchased":["Caltrops","Expertise","Acrobatics","Underhanded Strike","Well Laid Plans"],"campfire_rested":0,"item_purchase_floors":[2,2,11,11,14],"current_hp_per_floor":[77,77,76,81,81,49,49,53,53,50,50,50,39,39,39,0],"gold":20,"neow_bonus":"TEN_PERCENT_HP_BONUS","is_prod":false,"is_daily":false,"chose_seed":false,"campfire_upgraded":3,"win_rate":0,"timestamp":1563208391,"path_taken":["M","$","M","?","M","E","R","M","T","M","$","R","E","$","R","BOSS"],"build_version":"2019-07-05","purchased_purges":0,"victory":false,"max_hp_per_floor":[77,77,77,82,82,82,82,87,87,87,87,87,87,87,87,87],"card_choices":[{"not_picked":["Deadly Poison","Poisoned Stab"],"picked":"Masterful Stab","floor":1},{"not_picked":["Poisoned Stab","Cloak And Dagger"],"picked":"Backflip","floor":3},{"not_picked":["Expertise","Caltrops"],"picked":"Calculated Gamble","floor":5},{"not_picked":["Finisher","Setup"],"picked":"Backflip","floor":6},{"not_picked":["Riddle With Holes","Caltrops"],"picked":"PiercingWail","floor":8},{"not_picked":["Catalyst","Backflip","Accuracy"],"picked":"SKIP","floor":10},{"not_picked":["Masterful Stab","Cloak And Dagger"],"picked":"Wraith Form v2","floor":13}],"player_experience":263909,"relics_obtained":[{"floor":6,"key":"Potion Belt"},{"floor":9,"key":"Bag of Marbles"},{"floor":13,"key":"Smiling Mask"}],"event_choices":[{"damage_healed":0,"gold_gain":0,"player_choice":"Got Potions","damage_taken":0,"max_hp_gain":0,"max_hp_loss":0,"event_name":"Lab","floor":4,"gold_loss":0}],"is_beta":false,"boss_relics":[],"items_purged_floors":[],"is_endless":false,"potions_floor_spawned":[1,6,8,13],"killed_by":"Slime Boss","ascension_level":5}