{"gold_per_floor":[361,361,361,375,325,357,370,4,4,17,32,44,63,73,73,173,173,185,5,23,23,37,66,82,82,108,108,108,108,119,119,119,220,220,236,251,0,0,0,0,0,28,28,28,38,71,91,111,111,111],"floor_reached":50,"playtime":4230,"items_purged":[],"score":626,"play_id":"ad77c947-a5aa-4108-a9bc-bff4f1f1e08d","local_time":"20180803153200","is_ascension_mode":false,"campfire_choices":[{"data":"True Grit","floor":15,"key":"SMITH"},{"floor":25,"key":"REST"},{"floor":27,"key":"REST"},{"floor":32,"key":"REST"},{"data":"Finesse","floor":40,"key":"SMITH"},{"floor":49,"key":"REST"}],"neow_cost":"CURSE","seed_source_timestamp":444265247368067,"circlet_count":0,"master_deck":["Strike_R+1","Strike_R+1","Strike_R+1","Strike_R+1","Strike_R+1","Defend_R+1","Defend_R+1","Defend_R+1","Bash","Combust","Clash","Clothesline","Cleave","Cleave","Clash","Sword Boomerang","True Grit+1","Flex+1","Cleave","Feed","Iron Wave+1","Evolve","Dropkick","Carnage+1","Headbutt","Thunderclap","Infernal Blade+1","Feed","Combust+1","Flame Barrier+1","Sadistic Nature","Finesse+1","Swift Strike","Flex+1","Fire Breathing+1","Blood for Blood+1","Dual Wield","Heavy Blade"],"relics":["Burning Blood","Dodecahedron","HandDrill","Bag of Marbles","Pantograph","Black Star","Bronze Scales","Enchiridion","Red Skull","Pen Nib","Regal Pillow","Matryoshka","Busted Crown","Red Mask","Paper Frog","Happy Flower","Charon\u0027s Ashes","Torii","Vajra","Sundial","Orichalcum","War Paint","Anchor"],"potions_floor_usage":[6,16,16,16,16,22,23,23,33,33,50],"damage_taken":[{"damage":5,"enemies":"Small Slimes","floor":1,"turns":4},{"damage":7,"enemies":"2 Louse","floor":4,"turns":3},{"damage":25,"enemies":"Lagavulin","floor":6,"turns":5},{"damage":2,"enemies":"Cultist","floor":7,"turns":3},{"damage":0,"enemies":"2 Fungi Beasts","floor":10,"turns":2},{"damage":5,"enemies":"Large Slime","floor":11,"turns":4},{"damage":0,"enemies":"Gremlin Gang","floor":12,"turns":3},{"damage":11,"enemies":"Exordium Wildlife","floor":13,"turns":2},{"damage":0,"enemies":"Lots of Slimes","floor":14,"turns":1},{"damage":46,"enemies":"Hexaghost","floor":16,"turns":7},{"damage":32,"enemies":"2 Thieves","floor":18,"turns":3},{"damage":0,"enemies":"3 Byrds","floor":20,"turns":2},{"damage":27,"enemies":"Centurion and Healer","floor":22,"turns":4},{"damage":34,"enemies":"Book of Stabbing","floor":23,"turns":4},{"damage":7,"enemies":"Chosen and Byrds","floor":24,"turns":3},{"damage":20,"enemies":"Snake Plant","floor":30,"turns":2},{"damage":62,"enemies":"Automaton","floor":33,"turns":8},{"damage":27,"enemies":"3 Darklings","floor":35,"turns":4},{"damage":0,"enemies":"Flame Bruiser 1 Orb","floor":36,"turns":3},{"damage":8,"enemies":"Nemesis","floor":42,"turns":3},{"damage":24,"enemies":"Maw","floor":45,"turns":5},{"damage":21,"enemies":"Giant Head","floor":46,"turns":7},{"damage":1,"enemies":"4 Shapes","floor":47,"turns":1},{"damage":0,"enemies":"Sphere and 2 Shapes","floor":48,"turns":3},{"damage":100,"enemies":"Awakened One","floor":50,"turns":6}],"seed_played":"-9058353880708165604","potions_obtained":[{"floor":4,"key":"SkillPotion"},{"floor":10,"key":"EntropicBrew"},{"floor":11,"key":"Energy Potion"},{"floor":13,"key":"FairyPotion"},{"floor":18,"key":"EntropicBrew"},{"floor":24,"key":"SpeedPotion"},{"floor":30,"key":"SpeedPotion"},{"floor":42,"key":"Energy Potion"},{"floor":45,"key":"SkillPotion"}],"is_trial":false,"path_per_floor":["M","?","?","M","?","E","M","$","T","M","M","M","M","M","R","B",null,"M","$","M","?","M","E","M","R","T","R","?","T","M","?","R","B",null,"M","M","?","$","?","R","T","E","T","?","M","E","M","M","R"],"character_chosen":"IRONCLAD","items_purchased":["HandDrill","Bag of Marbles","Cleave","Bronze Scales","Evolve"],"campfire_rested":4,"item_purchase_floors":[8,8,8,19,19],"current_hp_per_floor":[80,85,78,77,77,58,62,62,62,68,69,75,70,76,76,45,85,62,62,68,52,34,15,14,41,41,83,65,65,51,51,94,40,96,75,81,81,81,71,71,71,69,69,69,51,36,41,50,94,0],"gold":111,"neow_bonus":"TWO_FIFTY_GOLD","is_prod":false,"is_daily":false,"chose_seed":false,"campfire_upgraded":2,"win_rate":0.0,"timestamp":1533303120,"path_taken":["M","?","?","M","?","E","?","?","T","?","?","M","M","M","R","BOSS","M","$","?","?","M","E","M","R","T","R","?","?","?","?","R","BOSS","M","M","?","?","?","R","?","E","T","?","?","E","M","M","R","BOSS"],"build_version":"2018-08-02","purchased_purges":0,"victory":false,"max_hp_per_floor":[80,85,85,85,85,85,85,85,85,85,85,85,85,85,85,85,85,88,88,88,88,91,91,91,91,91,91,96,96,96,96,96,96,96,96,96,96,96,96,96,96,96,96,96,96,96,96,99,99,99],"card_choices":[{"not_picked":["Pommel Strike","Twin Strike"],"picked":"Combust","floor":1},{"not_picked":["Reckless Charge","Perfected Strike"],"picked":"Clash","floor":4},{"not_picked":["Heavy Blade","Burning Pact"],"picked":"Clothesline","floor":6},{"not_picked":["Uppercut","Body Slam"],"picked":"Cleave","floor":7},{"not_picked":["Thunderclap","Body Slam"],"picked":"Clash","floor":10},{"not_picked":["Fire Breathing","Hemokinesis"],"picked":"Sword Boomerang","floor":11},{"not_picked":["Headbutt","Bludgeon"],"picked":"True Grit","floor":12},{"not_picked":["Sword Boomerang","Entrench"],"picked":"Flex","floor":13},{"not_picked":["Disarm","Flex"],"picked":"Cleave","floor":14},{"not_picked":["Barricade","Juggernaut"],"picked":"Feed","floor":16},{"not_picked":["Pommel Strike","Hemokinesis"],"picked":"Iron Wave+1","floor":18},{"not_picked":["Thunderclap+1","Bloodletting+1"],"picked":"Dropkick","floor":20},{"not_picked":["Uppercut","Combust"],"picked":"Carnage+1","floor":22},{"not_picked":["Twin Strike","Hemokinesis+1"],"picked":"Headbutt","floor":23},{"not_picked":["Perfected Strike","Burning Pact"],"picked":"Thunderclap","floor":24},{"not_picked":["Anger","Twin Strike+1"],"picked":"Infernal Blade+1","floor":30},{"not_picked":["Juggernaut","Reaper"],"picked":"Feed","floor":33},{"not_picked":[],"picked":"Combust+1","floor":35},{"not_picked":[],"picked":"Flame Barrier","floor":36},{"not_picked":[],"picked":"Sadistic Nature","floor":39},{"not_picked":[],"picked":"Finesse","floor":39},{"not_picked":[],"picked":"Swift Strike","floor":39},{"not_picked":[],"picked":"Flex+1","floor":42},{"not_picked":[],"picked":"Fire Breathing+1","floor":45},{"not_picked":[],"picked":"Blood for Blood+1","floor":46},{"not_picked":[],"picked":"Dual Wield","floor":47},{"not_picked":[],"picked":"Heavy Blade","floor":48}],"player_experience":148527,"relics_obtained":[{"floor":6,"key":"Dodecahedron"},{"floor":9,"key":"Pantograph"},{"floor":21,"key":"Enchiridion"},{"floor":23,"key":"Red Skull"},{"floor":23,"key":"Pen Nib"},{"floor":26,"key":"Regal Pillow"},{"floor":29,"key":"Matryoshka"},{"floor":41,"key":"Paper Frog"},{"floor":41,"key":"Happy Flower"},{"floor":42,"key":"Charon\u0027s Ashes"},{"floor":42,"key":"Torii"},{"floor":43,"key":"Vajra"},{"floor":43,"key":"Sundial"},{"floor":46,"key":"War Paint"},{"floor":46,"key":"Anchor"}],"event_choices":[{"event_name":"Big Fish","player_choice":"Donut","floor":2,"damage_taken":0},{"event_name":"Golden Wing","player_choice":"Card Removal","floor":3,"damage_taken":0},{"event_name":"The Cleric","player_choice":"Card Removal","floor":5,"damage_taken":0},{"event_name":"Cursed Tome","player_choice":"Obtained Book","floor":21,"damage_taken":0},{"event_name":"Forgotten Altar","player_choice":"Shed Blood","floor":28,"damage_taken":0},{"event_name":"Back to Basics","player_choice":"Simplicity","floor":31,"damage_taken":0},{"event_name":"Tomb of Lord Red Mask","player_choice":"Paid","floor":37,"damage_taken":0},{"event_name":"SensoryStone","player_choice":"Memory 3","floor":39,"damage_taken":0},{"event_name":"WeMeetAgain","player_choice":"Potion","floor":44,"damage_taken":0}],"is_beta":false,"boss_relics":[{"not_picked":["Coffee Dripper","Snecko Eye"],"picked":"Black Star"},{"not_picked":["Sozu","Eternal Feather"],"picked":"Busted Crown"}],"items_purged_floors":[],"is_endless":false,"potions_floor_spawned":[4,10,11,13,18,24,30,42,45],"killed_by":"Awakened One","ascension_level":0}