{"gold_per_floor":[219,219,15,36,36,76,95,95,95,119,144,171,171,190,190,284,284,300,140,176,39,39,39,74,94,121,140,140,15,15,35,35,133,133,147,165,5,5,26,26,61,73,167,401,15,15,28,48,48,48],"floor_reached":50,"playtime":4503,"items_purged":["Doubt","Parasite","Parasite"],"score":1055,"play_id":"2ee59075-984d-451e-81d8-03e5ac083786","local_time":"20190816115107","is_ascension_mode":true,"campfire_choices":[{"floor":8.0,"key":"REST"},{"floor":13.0,"key":"REST"},{"data":"Wraith Form v2","floor":15.0,"key":"SMITH"},{"data":"Terror","floor":23.0,"key":"SMITH"},{"data":"Footwork","floor":28.0,"key":"SMITH"},{"data":"Footwork","floor":30.0,"key":"SMITH"},{"data":"Leg Sweep","floor":32.0,"key":"SMITH"},{"data":"Wraith Form v2","floor":40.0,"key":"SMITH"},{"data":"Noxious Fumes","floor":42.0,"key":"SMITH"},{"data":"Bouncing Flask","floor":46.0,"key":"SMITH"},{"data":"Caltrops","floor":49.0,"key":"SMITH"}],"neow_cost":"NONE","seed_source_timestamp":1991733259154182,"circlet_count":0,"master_deck":["AscendersBane","Defend_G","Defend_G","Defend_G","Defend_G","Defend_G","Survivor","Neutralize+1","Terror+1","Infinite Blades","Footwork+1","Blur","Leg Sweep+1","Wraith Form v2+1","Bouncing Flask+1","PiercingWail","Glass Knife+1","Dagger Spray+1","Footwork+1","Deadly Poison+1","Escape Plan","Bite+1","Bite+1","Bite+1","Bite+1","Bite+1","Bane+1","Deflect+1","Dagger Spray+1","Predator+1","Wraith Form v2+1","Catalyst+1","PiercingWail+1","Noxious Fumes+1","Backflip+1","Quick Slash+1","Madness+1","Madness+1","Deflect+1","Backflip+1","Acrobatics+1","Tactician+1","Bandage Up+1","Blur+1","Caltrops+1"],"special_seed":0,"relics":["Ring of the Snake","Golden Idol","Regal Pillow","Molten Egg 2","Matryoshka","Bronze Scales","Whetstone","Calling Bell","Bag of Preparation","Mummified Hand","Gambling Chip","Red Mask","Gremlin Horn","Toxic Egg 2","Lantern","HoveringKite","MawBank","Shuriken","Pen Nib"],"potions_floor_usage":[50,50],"damage_taken":[{"damage":6.0,"enemies":"Jaw Worm","floor":1.0,"turns":6.0},{"damage":2.0,"enemies":"Cultist","floor":4.0,"turns":4.0},{"damage":41.0,"enemies":"3 Sentries","floor":6.0,"turns":10.0},{"damage":0.0,"enemies":"2 Louse","floor":7.0,"turns":5.0},{"damage":17.0,"enemies":"2 Fungi Beasts","floor":10.0,"turns":8.0},{"damage":0.0,"enemies":"3 Louse","floor":11.0,"turns":1.0},{"damage":2.0,"enemies":"Blue Slaver","floor":14.0,"turns":6.0},{"damage":19.0,"enemies":"Hexaghost","floor":16.0,"turns":12.0},{"damage":0.0,"enemies":"3 Byrds","floor":18.0,"turns":2.0},{"damage":33.0,"enemies":"Masked Bandits","floor":20.0,"turns":6.0},{"damage":18.0,"enemies":"Slavers","floor":24.0,"turns":7.0},{"damage":12.0,"enemies":"Shell Parasite","floor":25.0,"turns":4.0},{"damage":12.0,"enemies":"Shelled Parasite and Fungi","floor":27.0,"turns":5.0},{"damage":0.0,"enemies":"Snake Plant","floor":31.0,"turns":3.0},{"damage":41.0,"enemies":"Automaton","floor":33.0,"turns":13.0},{"damage":1.0,"enemies":"Orb Walker","floor":35.0,"turns":4.0},{"damage":1.0,"enemies":"3 Darklings","floor":36.0,"turns":5.0},{"damage":43.0,"enemies":"Maw","floor":39.0,"turns":9.0},{"damage":4.0,"enemies":"Reptomancer","floor":41.0,"turns":7.0},{"damage":0.0,"enemies":"Transient","floor":47.0,"turns":6.0},{"damage":0.0,"enemies":"3 Darklings","floor":48.0,"turns":4.0},{"damage":53,"enemies":"Awakened One","floor":50,"turns":11}],"seed_played":"8708213038060029876","potions_obtained":[{"floor":4.0,"key":"Strength Potion"},{"floor":6.0,"key":"EntropicBrew"},{"floor":10.0,"key":"Explosive Potion"},{"floor":16.0,"key":"SpeedPotion"},{"floor":31.0,"key":"Strength Potion"},{"floor":41.0,"key":"SpeedPotion"},{"floor":48.0,"key":"GhostInAJar"}],"is_trial":false,"path_per_floor":["M","?","$","M","?","E","M","R","T","M","M","T","R","M","R","B",null,"M","$","?","$","?","R","E","M","T","M","R","$","R","M","R","B",null,"M","M","$","?","M","R","E","R","T","?","$","R","M","M","R","B"],"character_chosen":"THE_SILENT","items_purchased":["Infinite Blades","Regal Pillow","Footwork","Escape Plan","Noxious Fumes","Backflip+1","Quick Slash+1","Acrobatics+1","Tactician+1","Pen Nib","Bandage Up+1"],"campfire_rested":2,"item_purchase_floors":[3,3,19,21,37,37,37,45,45,45,45],"current_hp_per_floor":[53,53,53,51,44,3,3,36,36,19,19,19,52,50,50,31,53,53,53,20,20,20,20,11,11,11,14,14,14,14,23,23,21,32,36,36,36,30,8,8,16,16,16,16,16,16,36,36,36,0],"gold":48,"neow_bonus":"HUNDRED_GOLD","is_prod":false,"is_daily":false,"chose_seed":false,"campfire_upgraded":9,"win_rate":0,"timestamp":1565981467,"path_taken":["M","?","$","M","?","E","M","R","T","M","M","?","R","M","R","BOSS","M","$","?","$","?","R","E","M","T","M","R","$","R","M","R","BOSS","M","M","$","?","M","R","E","R","T","?","$","R","M","M","R","BOSS"],"build_version":"2019-07-17","purchased_purges":3,"victory":false,"max_hp_per_floor":[66,60,60,60,60,60,60,60,60,60,60,60,60,60,60,60,60,60,60,60,57,39,39,39,39,39,39,39,36,36,36,36,36,36,36,36,36,36,36,36,36,36,36,36,36,36,36,36,36,36],"card_choices":[{"not_picked":["Prepared","Acrobatics"],"picked":"Terror","floor":1.0},{"not_picked":["Poisoned Stab","Deflect"],"picked":"Footwork","floor":4.0},{"not_picked":["Masterful Stab","Concentrate"],"picked":"Blur","floor":6.0},{"not_picked":["Poisoned Stab+1","Acrobatics"],"picked":"Leg Sweep","floor":7.0},{"not_picked":["Flechettes+1","Crippling Poison"],"picked":"Wraith Form v2","floor":10.0},{"not_picked":["Underhanded Strike+1","Prepared"],"picked":"Bouncing Flask","floor":11.0},{"not_picked":["Flying Knee+1","Outmaneuver"],"picked":"PiercingWail","floor":14.0},{"not_picked":["Burst","After Image"],"picked":"Glass Knife+1","floor":16.0},{"not_picked":["Sucker Punch+1","Deflect+1"],"picked":"Dagger Spray+1","floor":18.0},{"not_picked":["Terror","Underhanded Strike+1"],"picked":"Deadly Poison+1","floor":20.0},{"not_picked":["Terror","Concentrate"],"picked":"Bane+1","floor":24.0},{"not_picked":["Skewer+1","Calculated Gamble+1"],"picked":"Deflect+1","floor":25.0},{"not_picked":["Masterful Stab+1","Heel Hook+1"],"picked":"Dagger Spray+1","floor":27.0},{"not_picked":["All Out Attack+1","Heel Hook+1"],"picked":"Predator+1","floor":31.0},{"not_picked":["Die Die Die+1","Adrenaline+1"],"picked":"Wraith Form v2","floor":33.0},{"not_picked":["Dodge and Roll+1","Outmaneuver+1"],"picked":"Catalyst+1","floor":35.0},{"not_picked":["Endless Agony+1","Backstab+1"],"picked":"PiercingWail+1","floor":36.0},{"not_picked":["Terror+1","Infinite Blades"],"picked":"Deflect+1","floor":39.0},{"not_picked":["Predator+1","Deflect+1"],"picked":"Backflip+1","floor":41.0},{"not_picked":["Quick Slash+1","Backstab+1"],"picked":"Blur+1","floor":47.0},{"not_picked":["Dodge and Roll+1","Dagger Spray+1"],"picked":"Caltrops","floor":48.0}],"player_experience":757759,"relics_obtained":[{"floor":6.0,"key":"Molten Egg 2"},{"floor":9.0,"key":"Matryoshka"},{"floor":12.0,"key":"Bronze Scales"},{"floor":12.0,"key":"Whetstone"},{"floor":17.0,"key":"Bag of Preparation"},{"floor":17.0,"key":"Mummified Hand"},{"floor":17.0,"key":"Gambling Chip"},{"floor":20.0,"key":"Red Mask"},{"floor":24.0,"key":"Gremlin Horn"},{"floor":26.0,"key":"Toxic Egg 2"},{"floor":26.0,"key":"Lantern"},{"floor":41.0,"key":"MawBank"},{"floor":43.0,"key":"Shuriken"}],"event_choices":[{"damage_healed":0.0,"max_hp_gain":0.0,"max_hp_loss":6.0,"gold_gain":0.0,"event_name":"Golden Idol","player_choice":"Lose Max HP","floor":2.0,"gold_loss":0.0,"damage_taken":0.0,"relics_obtained":["Golden Idol"]},{"cards_removed":["Strike_G"],"damage_healed":0.0,"max_hp_gain":0.0,"max_hp_loss":0.0,"gold_gain":0.0,"event_name":"Golden Wing","player_choice":"Card Removal","floor":5.0,"gold_loss":0.0,"damage_taken":7.0},{"damage_healed":0.0,"max_hp_gain":0.0,"max_hp_loss":0.0,"gold_gain":0.0,"event_name":"Masked Bandits","player_choice":"Fought Bandits","floor":20.0,"gold_loss":0.0,"damage_taken":0.0},{"damage_healed":0.0,"max_hp_gain":0.0,"max_hp_loss":18.0,"gold_gain":0.0,"event_name":"Vampires","player_choice":"Became a vampire","floor":22.0,"gold_loss":0.0,"damage_taken":0.0,"cards_obtained":["Bite","Bite","Bite","Bite","Bite"]},{"damage_healed":0.0,"max_hp_gain":0.0,"max_hp_loss":0.0,"gold_gain":0.0,"event_name":"Winding Halls","player_choice":"Embrace Madness","floor":38.0,"gold_loss":0.0,"damage_taken":6.0,"cards_obtained":["Madness","Madness"]},{"damage_healed":0.0,"max_hp_gain":0.0,"max_hp_loss":0.0,"gold_gain":222.0,"event_name":"Tomb of Lord Red Mask","player_choice":"Wore Mask","floor":44.0,"gold_loss":0.0,"damage_taken":0.0}],"is_beta":false,"boss_relics":[{"not_picked":["Fusion Hammer","Runic Dome"],"picked":"Calling Bell"},{"not_picked":["Velvet Choker","Orrery"],"picked":"HoveringKite"}],"items_purged_floors":[19,21,29],"is_endless":false,"potions_floor_spawned":[4,6,10,16,20,25,31,36,41,48],"killed_by":"Awakened One","ascension_level":20}