{"gold_per_floor":[11,31,31,44,44,44,69,69,69,94,94,118,139,155,155,155],"floor_reached":16,"playtime":587,"items_purged":[],"score":192,"play_id":"a7b0407a-da92-44d0-93bb-2d8e07b5a6fe","local_time":"20190819172950","is_ascension_mode":true,"campfire_choices":[{"data":"Streamline","floor":6,"key":"SMITH"},{"data":"Ball Lightning","floor":8,"key":"SMITH"},{"data":"Compile Driver","floor":11,"key":"SMITH"},{"floor":15,"key":"REST"}],"neow_cost":"NO_GOLD","seed_source_timestamp":85098479807300,"circlet_count":0,"master_deck":["AscendersBane","Strike_B","Strike_B","Defend_B","Defend_B","Defend_B","Defend_B","Zap","Dualcast","Streamline+1","Ball Lightning+1","Compile Driver+1","Gash","Cold Snap"],"relics":["Cracked Core","Golden Idol","Singing Bowl","Dodecahedron"],"potions_floor_usage":[14,16],"damage_taken":[{"damage":2,"enemies":"Jaw Worm","floor":1,"turns":4},{"damage":0,"enemies":"Cultist","floor":2,"turns":3},{"damage":3,"enemies":"Small Slimes","floor":4,"turns":2},{"damage":1,"enemies":"Exordium Wildlife","floor":7,"turns":2},{"damage":9,"enemies":"2 Fungi Beasts","floor":10,"turns":3},{"damage":15,"enemies":"3 Louse","floor":12,"turns":3},{"damage":10,"enemies":"Gremlin Gang","floor":13,"turns":4},{"damage":1,"enemies":"Looter","floor":14,"turns":3},{"damage":25,"enemies":"Hexaghost","floor":16,"turns":9}],"seed_played":"3825103768183521392","potions_obtained":[{"floor":4,"key":"PowerPotion"},{"floor":10,"key":"SteroidPotion"},{"floor":13,"key":"SpeedPotion"}],"is_trial":false,"path_per_floor":["M","M","?","M","?","R","M","R","T","M","R","M","M","M","R","B"],"character_chosen":"DEFECT","items_purchased":[],"campfire_rested":1,"item_purchase_floors":[],"current_hp_per_floor":[62,62,38,35,35,35,36,36,36,27,27,14,4,3,25,0],"gold":155,"neow_bonus":"REMOVE_TWO","is_prod":false,"is_daily":false,"chose_seed":false,"campfire_upgraded":3,"win_rate":0,"timestamp":1566228590,"path_taken":["M","M","?","M","?","R","?","R","T","M","R","M","M","M","R","BOSS"],"build_version":"2019-07-17","purchased_purges":0,"victory":false,"max_hp_per_floor":[71,71,71,71,71,71,73,73,73,73,73,75,75,75,75,75],"card_choices":[{"not_picked":["Hologram","Conserve Battery"],"picked":"Streamline","floor":1},{"not_picked":["Barrage","Blizzard"],"picked":"Ball Lightning","floor":2},{"not_picked":["Leap","Fission"],"picked":"Rebound","floor":4},{"not_picked":["Rebound","Chill","Go for the Eyes"],"picked":"Singing Bowl","floor":7},{"not_picked":["Beam Cell","Sweeping Beam"],"picked":"Compile Driver","floor":10},{"not_picked":["Sweeping Beam","Ball Lightning","Stack"],"picked":"Singing Bowl","floor":12},{"not_picked":["Leap","Barrage"],"picked":"Gash","floor":13},{"not_picked":["Undo","Streamline"],"picked":"Cold Snap","floor":14}],"player_experience":1531887,"relics_obtained":[{"floor":9,"key":"Dodecahedron"}],"event_choices":[{"damage_healed":0,"gold_gain":0,"player_choice":"Take Damage","damage_taken":24,"relics_obtained":["Golden Idol"],"max_hp_gain":0,"max_hp_loss":0,"event_name":"Golden Idol","floor":3,"gold_loss":0},{"cards_removed":["Rebound"],"damage_healed":0,"gold_gain":0,"player_choice":"Gave Card","damage_taken":0,"relics_obtained":["Singing Bowl"],"max_hp_gain":0,"max_hp_loss":0,"event_name":"WeMeetAgain","floor":5,"gold_loss":0}],"is_beta":false,"boss_relics":[],"items_purged_floors":[],"is_endless":false,"potions_floor_spawned":[4,10,13],"killed_by":"Hexaghost","ascension_level":20}