{"gold_per_floor":[115,115,129,147,166,166,241,15,90,120,153,165,165,229,229,327,327,312,331,26,43,60,60,91,91,91,119,132,152,152,152,152,251,251,264,0,13,25,35,61,61,76,76,76,35,35,53,69,69,69],"floor_reached":50,"playtime":10460,"items_purged":["Defend_G"],"score":541,"play_id":"0eacc350-f5d4-49d3-91c4-863bf50a6008","local_time":"20180731140440","is_ascension_mode":false,"campfire_choices":[{"data":"Leg Sweep","floor":6.0,"key":"SMITH"},{"floor":13.0,"key":"REST"},{"data":"Outmaneuver","floor":15.0,"key":"SMITH"},{"data":"Dodge and Roll","floor":23.0,"key":"SMITH"},{"floor":25.0,"key":"REST"},{"floor":32.0,"key":"REST"},{"floor":41,"key":"REST"},{"floor":44,"key":"REST"},{"floor":49,"key":"REST"}],"neow_cost":"NONE","seed_source_timestamp":0,"circlet_count":0,"master_deck":["Defend_G","Defend_G","Strike_G","Strike_G","Strike_G","Strike_G","Survivor","Neutralize","Leg Sweep+1","Backflip+1","Quick Slash","Flying Knee","Flying Knee","Prepared","Quick Slash","Predator","Acrobatics","Outmaneuver+1","Doppelganger","Masterful Stab+1","Backstab","Well Laid Plans","Burst","Dodge and Roll+1","Prepared","Unload","Backstab","Underhanded Strike","Caltrops","Heel Hook+1","Corpse Explosion","Envenom+1","Adrenaline+1","Infinite Blades","Deadly Poison+1","Quick Slash+1","Dodge and Roll+1","Venomology","Deflect+1","Flechettes+1","Deadly Poison+1","Catalyst"],"special_seed":0,"relics":["Ring of the Snake","Orichalcum","Matryoshka","Tiny Chest","Dodecahedron","Bag of Marbles","Bottled Lightning","WristBlade","Pear","Bird Faced Urn","Bronze Scales","Molten Egg 2","Astrolabe","Red Mask","Omamori","Bottled Tornado"],"potions_floor_usage":[42,47,48,50,50],"damage_taken":[{"damage":0.0,"enemies":"2 Louse","floor":1.0,"turns":5.0},{"damage":0.0,"enemies":"Cultist","floor":3.0,"turns":4.0},{"damage":0.0,"enemies":"Jaw Worm","floor":4.0,"turns":4.0},{"damage":6.0,"enemies":"Large Slime","floor":5.0,"turns":7.0},{"damage":10.0,"enemies":"3 Sentries","floor":11.0,"turns":10.0},{"damage":7.0,"enemies":"3 Louse","floor":12.0,"turns":4.0},{"damage":4.0,"enemies":"3 Sentries","floor":14.0,"turns":8.0},{"damage":38.0,"enemies":"The Guardian","floor":16.0,"turns":13.0},{"damage":3.0,"enemies":"2 Thieves","floor":18.0,"turns":4.0},{"damage":4.0,"enemies":"Shell Parasite","floor":19.0,"turns":4.0},{"damage":1.0,"enemies":"Chosen and Byrds","floor":21.0,"turns":9.0},{"damage":20.0,"enemies":"Snake Plant","floor":22.0,"turns":6.0},{"damage":21.0,"enemies":"Gremlin Leader","floor":24.0,"turns":8.0},{"damage":13.0,"enemies":"Book of Stabbing","floor":27.0,"turns":6.0},{"damage":14.0,"enemies":"Sentry and Sphere","floor":28.0,"turns":5.0},{"damage":0.0,"enemies":"3 Cultists","floor":29.0,"turns":7.0},{"damage":83.0,"enemies":"Collector","floor":33.0,"turns":13.0},{"damage":1,"enemies":"3 Darklings","floor":35,"turns":3},{"damage":0,"enemies":"Flame Bruiser 1 Orb","floor":37,"turns":3},{"damage":3,"enemies":"4 Shapes","floor":38,"turns":4},{"damage":6,"enemies":"Sphere and 2 Shapes","floor":39,"turns":2},{"damage":59,"enemies":"Giant Head","floor":40,"turns":9},{"damage":38,"enemies":"Spire Growth","floor":42,"turns":4},{"damage":2,"enemies":"4 Shapes","floor":47,"turns":3},{"damage":6,"enemies":"Flame Bruiser 2 Orb","floor":48,"turns":4},{"damage":74,"enemies":"Donu and Deca","floor":50,"turns":6}],"seed_played":"-6715429410309520552","potions_obtained":[{"floor":5.0,"key":"EntropicBrew"},{"floor":11.0,"key":"SteroidPotion"},{"floor":12.0,"key":"GhostInAJar"},{"floor":16.0,"key":"FairyPotion"},{"floor":21.0,"key":"SpeedPotion"},{"floor":24.0,"key":"Swift Potion"},{"floor":29.0,"key":"Fire Potion"},{"floor":38,"key":"Strength Potion"},{"floor":40,"key":"SkillPotion"},{"floor":47,"key":"EssenceOfSteel"}],"is_trial":false,"path_per_floor":["M","?","M","M","M","R","?","$","T","T","E","M","R","?","R","B",null,"M","M","$","M","M","R","E","R","T","E","M","M","?","T","R","B",null,"M","?","M","M","M","E","R","M","T","R","$","?","M","M","R"],"character_chosen":"THE_SILENT","items_purchased":["Orichalcum","Prepared","Quick Slash","Well Laid Plans","Burst","Dodge and Roll","Flechettes+1"],"campfire_rested":6,"item_purchase_floors":[8,8,8,20,20,20,45],"current_hp_per_floor":[70,70,70,70,64,64,53,53,53,53,43,36,57,53,53,15,70,67,63,63,62,42,42,21,42,52,41,29,33,59,59,80,7,80,80,80,80,80,74,25,49,19,19,43,43,43,47,47,71,0],"gold":69,"neow_bonus":"THREE_CARDS","is_prod":false,"is_daily":false,"chose_seed":false,"campfire_upgraded":3,"win_rate":0.0,"timestamp":1533038680,"path_taken":["M","?","M","M","M","R","?","$","T","?","E","M","R","?","R","BOSS","M","M","$","M","M","R","E","R","T","E","?","M","?","?","R","BOSS","M","?","?","?","M","E","R","M","T","R","$","?","M","?","R","BOSS"],"build_version":"2018-07-26","purchased_purges":1,"victory":false,"max_hp_per_floor":[70,70,70,70,70,70,70,70,70,70,70,70,70,70,70,70,70,70,70,70,70,70,70,70,70,80,80,80,80,80,80,80,80,80,80,80,80,80,80,80,80,80,80,80,80,80,80,80,80,80],"card_choices":[{"not_picked":["Quick Slash","Poisoned Stab"],"picked":"Leg Sweep","floor":0.0},{"not_picked":["Dodge and Roll","Flying Knee"],"picked":"Backflip","floor":1.0},{"not_picked":["Choke","Reflex"],"picked":"Quick Slash","floor":3.0},{"not_picked":["Quick Slash","Caltrops"],"picked":"Flying Knee","floor":4.0},{"not_picked":["Tactician","Dagger Throw"],"picked":"Flying Knee","floor":5.0},{"not_picked":["Distraction","Tactician"],"picked":"Predator","floor":11.0},{"not_picked":["Quick Slash","Outmaneuver"],"picked":"Acrobatics","floor":12.0},{"not_picked":["Catalyst","Tools of the Trade"],"picked":"Outmaneuver","floor":14.0},{"not_picked":["A Thousand Cuts","After Image"],"picked":"Doppelganger","floor":16.0},{"not_picked":["Deadly Poison","Underhanded Strike"],"picked":"Masterful Stab+1","floor":18.0},{"not_picked":["Deflect","Quick Slash"],"picked":"Backstab","floor":19.0},{"not_picked":["Poisoned Stab","Riddle With Holes"],"picked":"Prepared","floor":21.0},{"not_picked":["Leg Sweep+1","Quick Slash"],"picked":"Unload","floor":22.0},{"not_picked":["Quick Slash","Expertise"],"picked":"Backstab","floor":24.0},{"not_picked":["All Out Attack","Quick Slash"],"picked":"Underhanded Strike","floor":27.0},{"not_picked":["Deflect","Escape Plan"],"picked":"Caltrops","floor":28.0},{"not_picked":["Predator","Bane+1"],"picked":"Heel Hook+1","floor":29.0},{"not_picked":["Burst","After Image"],"picked":"Corpse Explosion","floor":33.0},{"not_picked":["Underhanded Strike+1","Dodge and Roll+1"],"picked":"Infinite Blades","floor":35},{"not_picked":["Dagger Spray+1","All Out Attack+1"],"picked":"Deadly Poison+1","floor":37},{"not_picked":["Well Laid Plans+1","Bane+1"],"picked":"Quick Slash+1","floor":38},{"not_picked":["Underhanded Strike+1","Acrobatics+1"],"picked":"Dodge and Roll+1","floor":39},{"not_picked":["Outmaneuver","Heel Hook+1"],"picked":"Venomology","floor":40},{"not_picked":["Underhanded Strike+1","Sucker Punch+1"],"picked":"Deflect+1","floor":42},{"not_picked":["Caltrops","Sucker Punch+1"],"picked":"Deadly Poison+1","floor":47},{"not_picked":["Dagger Spray+1","Eviscerate+1"],"picked":"Catalyst","floor":48}],"player_experience":58249,"relics_obtained":[{"floor":9.0,"key":"Matryoshka"},{"floor":10.0,"key":"Tiny Chest"},{"floor":10.0,"key":"Dodecahedron"},{"floor":11.0,"key":"Bag of Marbles"},{"floor":14.0,"key":"Bottled Lightning"},{"floor":26.0,"key":"Pear"},{"floor":26.0,"key":"Bird Faced Urn"},{"floor":27.0,"key":"Bronze Scales"},{"floor":31.0,"key":"Molten Egg 2"},{"floor":40,"key":"Omamori"},{"floor":43,"key":"Bottled Tornado"}],"event_choices":[{"event_name":"Accursed Blacksmith","player_choice":"Forge","floor":2.0,"damage_taken":0.0},{"event_name":"World of Goop","player_choice":"Gather Gold","floor":7.0,"damage_taken":0.0},{"event_name":"Dead Adventurer","player_choice":"Searched \u00271\u0027 times","floor":14.0,"damage_taken":0.0},{"event_name":"The Library","player_choice":"Heal","floor":30.0,"damage_taken":0.0},{"event_name":"Tomb of Lord Red Mask","player_choice":"Paid","floor":36,"damage_taken":0},{"event_name":"Falling","player_choice":"Removed Power","floor":46,"damage_taken":0}],"is_beta":false,"boss_relics":[{"not_picked":["Fusion Hammer","Lizard Tail"],"picked":"WristBlade"},{"not_picked":["Runic Pyramid","Black Star"],"picked":"Astrolabe"}],"items_purged_floors":[20],"is_endless":false,"potions_floor_spawned":[5,11,12,14,16,18,21,24,29,38,40,47],"killed_by":"Donu and Deca","ascension_level":0}