{"gold_per_floor":[112,112,112,112,112,139,139,16,39,55,90,90,104,123,123,224,224,234,246,70,80,93,93,105,105,105,105,105,105,123,141,141,245,245,264,71,0,11,11,11,26,26,107,125,125,140,150,0,0,0,0,0,0,31,31],"floor_reached":55,"playtime":5753,"items_purged":["Pain","Strike_R","Strike_R"],"score":631,"play_id":"ba182acf-9077-4ee5-8a77-f50f5cadef11","local_time":"20190820181949","is_ascension_mode":false,"campfire_choices":[{"floor":7.0,"key":"REST"},{"data":"Armaments","floor":12.0,"key":"SMITH"},{"data":"Flame Barrier","floor":15.0,"key":"SMITH"},{"data":"Armaments","floor":23.0,"key":"SMITH"},{"floor":27.0,"key":"REST"},{"data":"Entrench","floor":32.0,"key":"SMITH"},{"data":"Limit Break","floor":40.0,"key":"SMITH"},{"data":"Barricade","floor":42.0,"key":"SMITH"},{"floor":45.0,"key":"RECALL"},{"data":"Flame Barrier","floor":49.0,"key":"SMITH"},{"data":"Flame Barrier","floor":52.0,"key":"SMITH"}],"neow_cost":"CURSE","seed_source_timestamp":0,"circlet_count":0,"master_deck":["Defend_R","Defend_R+1","Defend_R","Defend_R","Bash+1","Warcry+1","Dropkick","Armaments+1","Thunderclap","Ghostly Armor","Spot Weakness","Flame Barrier+1","Twin Strike","Fiend Fire","Cleave","Armaments+1","Ghostly Armor","Entrench+1","RitualDagger","Battle Trance","Limit Break+1","Twin Strike+1","Spot Weakness","Reckless Charge","Barricade+1","Sword Boomerang+1","Flame Barrier+1","Flame Barrier+1","Burning Pact+1"],"special_seed":0,"relics":["Burning Blood","Lantern","Pen Nib","Nunchaku","Philosopher\u0027s Stone","Torii","Velvet Choker","Red Mask","Oddly Smooth Stone","Turnip"],"potions_floor_usage":[54],"damage_taken":[{"damage":11.0,"enemies":"Jaw Worm","floor":1.0,"turns":3.0},{"damage":33.0,"enemies":"Gremlin Nob","floor":6.0,"turns":4.0},{"damage":0.0,"enemies":"2 Louse","floor":10.0,"turns":1.0},{"damage":20.0,"enemies":"3 Sentries","floor":11.0,"turns":10.0},{"damage":0.0,"enemies":"Small Slimes","floor":13.0,"turns":3.0},{"damage":0.0,"enemies":"Looter","floor":14.0,"turns":3.0},{"damage":33.0,"enemies":"Hexaghost","floor":16.0,"turns":8.0},{"damage":1.0,"enemies":"Shell Parasite","floor":18.0,"turns":4.0},{"damage":6.0,"enemies":"2 Thieves","floor":19.0,"turns":3.0},{"damage":15.0,"enemies":"Shelled Parasite and Fungi","floor":21.0,"turns":4.0},{"damage":26.0,"enemies":"Sentry and Sphere","floor":22.0,"turns":6.0},{"damage":9.0,"enemies":"Snake Plant","floor":24.0,"turns":4.0},{"damage":0.0,"enemies":"Centurion and Healer","floor":29.0,"turns":1.0},{"damage":1.0,"enemies":"Sentry and Sphere","floor":30.0,"turns":5.0},{"damage":0.0,"enemies":"Snecko","floor":31.0,"turns":4.0},{"damage":65.0,"enemies":"Automaton","floor":33.0,"turns":12.0},{"damage":0.0,"enemies":"Orb Walker","floor":35.0,"turns":4.0},{"damage":1.0,"enemies":"3 Shapes","floor":38.0,"turns":3.0},{"damage":3.0,"enemies":"Sphere and 2 Shapes","floor":41.0,"turns":5.0},{"damage":19.0,"enemies":"Maw","floor":44.0,"turns":6.0},{"damage":12.0,"enemies":"Spire Growth","floor":46.0,"turns":5.0},{"damage":2.0,"enemies":"4 Shapes","floor":47.0,"turns":4.0},{"damage":55.0,"enemies":"Donu and Deca","floor":50.0,"turns":10.0},{"damage":53,"enemies":"Shield and Spear","floor":54,"turns":9},{"damage":59,"enemies":"The Heart","floor":55,"turns":3}],"seed_played":"-6828930764315578442","potions_obtained":[{"floor":1.0,"key":"SmokeBomb"},{"floor":11.0,"key":"PowerPotion"},{"floor":13.0,"key":"FearPotion"},{"floor":16.0,"key":"Ancient Potion"},{"floor":19.0,"key":"Explosive Potion"},{"floor":21.0,"key":"Ancient Potion"},{"floor":24.0,"key":"Fire Potion"},{"floor":31.0,"key":"Fire Potion"},{"floor":35.0,"key":"Weak Potion"},{"floor":41.0,"key":"Regen Potion"},{"floor":44.0,"key":"PowerPotion"},{"floor":54,"key":"FearPotion"}],"is_trial":false,"path_per_floor":["M","?","?","?","?","E","R","$","T","M","E","R","M","M","R","B",null,"M","M","$","M","M","R","M","?","T","R","?","M","M","M","R","B",null,"M","$","?","M","?","R","M","R","T","M","R","M","M","$","R","B",null,"R","$","E","B"],"character_chosen":"IRONCLAD","items_purchased":["Thunderclap","Ghostly Armor","Spot Weakness","Oddly Smooth Stone"],"campfire_rested":2,"item_purchase_floors":[8,20,36,48],"current_hp_per_floor":[75,59,64,64,64,37,62,62,62,68,54,54,60,66,66,39,85,85,85,85,76,56,56,53,37,37,64,58,64,69,75,75,16,90,90,90,90,90,90,90,90,90,90,77,77,71,75,75,75,26,90,90,90,57,0],"gold":31,"neow_bonus":"TRANSFORM_TWO_CARDS","is_prod":false,"is_daily":false,"chose_seed":false,"campfire_upgraded":8,"win_rate":0,"timestamp":1566317989,"path_taken":["M","?","?","?","?","E","R","$","T","?","E","R","M","M","R","BOSS","M","M","$","M","M","R","M","?","T","R","?","M","M","M","R","BOSS","M","$","?","M","?","R","?","R","T","M","R","M","M","?","R","BOSS","R","$","E","BOSS"],"build_version":"2019-01-23","purchased_purges":3,"victory":false,"max_hp_per_floor":[80,80,85,85,85,85,85,85,85,85,85,85,85,85,85,85,85,85,85,85,85,85,85,85,90,90,90,90,90,90,90,90,90,90,90,90,90,90,90,90,90,90,90,90,90,90,90,90,90,90,90,90,90,90,90],"card_choices":[{"not_picked":["Perfected Strike","Havoc","Sentinel"],"picked":"SKIP","floor":1.0},{"not_picked":["Combust","Body Slam"],"picked":"Armaments","floor":6.0},{"not_picked":["Feel No Pain","Seeing Red"],"picked":"Ghostly Armor","floor":10.0},{"not_picked":["Headbutt","Clothesline"],"picked":"Spot Weakness","floor":11.0},{"not_picked":["Spot Weakness","Sever Soul"],"picked":"Flame Barrier","floor":13.0},{"not_picked":["Shrug It Off","Sentinel"],"picked":"Twin Strike","floor":14.0},{"not_picked":["Double Tap","Juggernaut"],"picked":"Fiend Fire","floor":16.0},{"not_picked":["Perfected Strike+1","True Grit"],"picked":"Cleave","floor":18.0},{"not_picked":["Flex","Burning Pact"],"picked":"Armaments","floor":19.0},{"not_picked":["Headbutt","Sentinel+1","Clash"],"picked":"SKIP","floor":21.0},{"not_picked":["True Grit","Clash","Flex"],"picked":"SKIP","floor":22.0},{"not_picked":["True Grit","Clash","Flex"],"picked":"SKIP","floor":22.0},{"not_picked":["Twin Strike","Warcry"],"picked":"Entrench","floor":24.0},{"not_picked":["Wild Strike+1","Combust","Clash+1"],"picked":"SKIP","floor":30.0},{"not_picked":["Offering","Rupture"],"picked":"Battle Trance","floor":31.0},{"not_picked":["Feed","Exhume"],"picked":"Limit Break","floor":33.0},{"not_picked":["Seeing Red+1","Headbutt"],"picked":"Twin Strike+1","floor":35.0},{"not_picked":["Thunderclap","Twin Strike+1","Anger+1"],"picked":"SKIP","floor":38.0},{"not_picked":["Cleave","Second Wind"],"picked":"Barricade","floor":41.0},{"not_picked":["Wild Strike+1","Battle Trance+1"],"picked":"Sword Boomerang+1","floor":44.0},{"not_picked":["Shrug It Off+1","Warcry+1"],"picked":"Flame Barrier","floor":46.0},{"not_picked":["Body Slam+1","Rupture+1"],"picked":"Flame Barrier","floor":47.0},{"not_picked":["Iron Wave","Ghostly Armor"],"picked":"Burning Pact+1","floor":54}],"player_experience":267694,"relics_obtained":[{"floor":6.0,"key":"Lantern"},{"floor":9.0,"key":"Pen Nib"},{"floor":11.0,"key":"Nunchaku"},{"floor":26.0,"key":"Torii"},{"floor":54,"key":"Turnip"}],"event_choices":[{"damage_healed":0.0,"max_hp_gain":0.0,"max_hp_loss":0.0,"gold_gain":0.0,"event_name":"Shining Light","player_choice":"Entered Light","floor":2.0,"gold_loss":0.0,"damage_taken":16.0,"cards_upgraded":["Defend_R","Warcry"]},{"damage_healed":0.0,"max_hp_gain":5.0,"max_hp_loss":0.0,"gold_gain":0.0,"event_name":"Big Fish","player_choice":"Donut","floor":3.0,"gold_loss":0.0,"damage_taken":0.0},{"damage_healed":0.0,"max_hp_gain":0.0,"max_hp_loss":0.0,"gold_gain":0.0,"event_name":"Liars Game","player_choice":"Ignored","floor":4.0,"gold_loss":0.0,"damage_taken":0.0},{"damage_healed":0.0,"max_hp_gain":0.0,"max_hp_loss":0.0,"gold_gain":0.0,"event_name":"Accursed Blacksmith","player_choice":"Forge","floor":5.0,"gold_loss":0.0,"damage_taken":0.0,"cards_upgraded":["Bash"]},{"damage_healed":0.0,"max_hp_gain":5.0,"max_hp_loss":0.0,"gold_gain":0.0,"event_name":"Forgotten Altar","player_choice":"Shed Blood","floor":25.0,"gold_loss":0.0,"damage_taken":21.0},{"damage_healed":0.0,"max_hp_gain":0.0,"max_hp_loss":0.0,"gold_gain":0.0,"event_name":"Nest","player_choice":"Joined the Cult","floor":28.0,"gold_loss":0.0,"damage_taken":6.0,"cards_obtained":["RitualDagger"]},{"damage_healed":0.0,"max_hp_gain":0.0,"max_hp_loss":0.0,"gold_gain":0.0,"event_name":"Tomb of Lord Red Mask","player_choice":"Paid","floor":37.0,"gold_loss":71.0,"damage_taken":0.0,"relics_obtained":["Red Mask"]},{"damage_healed":0.0,"max_hp_gain":0.0,"max_hp_loss":0.0,"gold_gain":0.0,"cards_transformed":["Strike_R"],"event_name":"Transmorgrifier","player_choice":"Transformed","floor":39.0,"gold_loss":0.0,"damage_taken":0.0,"cards_obtained":["Reckless Charge"]}],"is_beta":false,"boss_relics":[{"not_picked":["Black Star","Empty Cage"],"picked":"Philosopher\u0027s Stone"},{"not_picked":["Coffee Dripper","Snecko Eye"],"picked":"Velvet Choker"}],"items_purged_floors":[8,20,36],"is_endless":false,"potions_floor_spawned":[1,11,13,16,19,21,24,31,35,41,44,54],"killed_by":"The Heart","ascension_level":0}