{"gold_per_floor":[110,110,127,26,46,79,79,98,98,98,98,110,75,91,91,189,189,204,18,32,45,65,91,106,106,106,123,27,27,55,69,69,165,165,177,399,499,526,539,539,539,562,636,647,664,664,676,18,18,18],"floor_reached":50,"playtime":6203,"items_purged":["Normality"],"score":798,"play_id":"c0c33335-8358-49b8-9e70-17bac2205674","local_time":"20180805170224","daily_mods":["Draft","Brewmaster","Specialized","Allstar","Time Dilation"],"is_ascension_mode":true,"campfire_choices":[{"data":"White Noise","floor":7,"key":"SMITH"},{"data":"FTL","floor":15,"key":"SMITH"},{"floor":32,"key":"REST"},{"floor":41,"key":"REST"},{"data":"Madness","floor":49,"key":"SMITH"}],"neow_cost":"","seed_source_timestamp":0,"circlet_count":0,"master_deck":["Demon Form","Wraith Form v2","Echo Form","Coolheaded+1","Cold Snap","Cold Snap+1","Fusion","Blizzard","Streamline","Redo+1","Sweeping Beam","Doom and Gloom","Glacier","Undo","FTL+1","Static Discharge","Darkness","BootSequence+1","White Noise+1","FTL+1","Sunder","Leap","Sweeping Beam","White Noise+1","Gash","Streamline","BootSequence","Machine Learning","Injury","Doubt","Hologram","Sunder","Skim","All For One","Sweeping Beam","Double Energy","Redo","Gash","Static Discharge+1","Swift Strike","Self Repair+1","Gash","Meteor Strike","Gash","Stack","Madness+1","Madness","Gash+1","Jack Of All Trades","Purity","Madness","Gash+1","Enlightenment"],"relics":["FrozenCore","White Beast Statue","War Paint","Ancient Tea Set","Calling Bell","Happy Flower","Question Card","Emotion Chip","Bronze Scales","Ornamental Fan","Smiling Mask","Enchiridion","Red Mask","Potion Belt","Bag of Preparation","Singing Bowl","Membership Card","Lantern","Vajra"],"potions_floor_usage":[6,18,23,27,31,31,33,33,35,47,47,50],"damage_taken":[{"damage":2,"enemies":"Cultist","floor":1,"turns":4},{"damage":0,"enemies":"Small Slimes","floor":3,"turns":3},{"damage":1,"enemies":"Jaw Worm","floor":5,"turns":2},{"damage":0,"enemies":"Gremlin Nob","floor":6,"turns":5},{"damage":0,"enemies":"Gremlin Gang","floor":8,"turns":3},{"damage":0,"enemies":"Looter","floor":12,"turns":2},{"damage":0,"enemies":"3 Louse","floor":14,"turns":2},{"damage":11,"enemies":"Slime Boss","floor":16,"turns":5},{"damage":5,"enemies":"3 Byrds","floor":18,"turns":3},{"damage":8,"enemies":"Shell Parasite","floor":20,"turns":4},{"damage":7,"enemies":"Snake Plant","floor":21,"turns":5},{"damage":3,"enemies":"Centurion and Healer","floor":22,"turns":7},{"damage":6,"enemies":"Book of Stabbing","floor":23,"turns":5},{"damage":4,"enemies":"Snecko","floor":24,"turns":4},{"damage":9,"enemies":"Sentry and Sphere","floor":27,"turns":4},{"damage":10,"floor":30,"turns":3},{"damage":0,"enemies":"Chosen and Byrds","floor":31,"turns":3},{"damage":31,"enemies":"Champ","floor":33,"turns":9},{"damage":26,"enemies":"3 Darklings","floor":35,"turns":4},{"damage":14,"enemies":"Orb Walker","floor":39,"turns":5},{"damage":0,"enemies":"Sphere and 2 Shapes","floor":44,"turns":5},{"damage":0,"enemies":"Maw","floor":45,"turns":7},{"damage":0,"enemies":"Transient","floor":47,"turns":5},{"damage":114,"enemies":"Awakened One","floor":50,"turns":7}],"seed_played":"8507245105818495108","potions_obtained":[{"floor":1,"key":"SkillPotion"},{"floor":3,"key":"FairyPotion"},{"floor":5,"key":"SpeedPotion"},{"floor":6,"key":"Dexterity Potion"},{"floor":8,"key":"Explosive Potion"},{"floor":16,"key":"Fire Potion"},{"floor":18,"key":"Strength Potion"},{"floor":24,"key":"EssenceOfSteel"},{"floor":27,"key":"Explosive Potion"},{"floor":30,"key":"Fire Potion"},{"floor":31,"key":"Regen Potion"},{"floor":33,"key":"AttackPotion"},{"floor":35,"key":"SneckoOil"},{"floor":39,"key":"SpeedPotion"},{"floor":44,"key":"Regen Potion"},{"floor":45,"key":"Ancient Potion"},{"floor":47,"key":"Swift Potion"}],"is_trial":true,"path_per_floor":["M","?","M","$","M","E","R","M","T","?","?","M","?","M","R","B",null,"M","$","M","M","M","E","M","?","T","M","$","?","?","M","R","B",null,"M","?","?","T","M","?","R","T","T","M","M","?","M","$","R"],"character_chosen":"DEFECT","items_purchased":["Sunder","Leap","Bronze Scales","Sunder","Swift Strike","Membership Card","Lantern","Vajra","Enlightenment"],"campfire_rested":2,"item_purchase_floors":[4,4,19,19,28,48,48,48,48],"current_hp_per_floor":[73,58,58,58,57,57,57,57,57,57,57,57,75,75,75,64,75,70,70,62,62,59,60,63,63,63,54,54,38,28,38,60,54,75,49,49,49,49,45,36,58,58,58,60,70,60,77,77,77,0],"gold":18,"neow_bonus":"","is_prod":false,"is_daily":false,"chose_seed":false,"campfire_upgraded":3,"win_rate":0,"timestamp":1533481344,"path_taken":["M","?","M","$","M","E","R","?","T","?","?","?","?","?","R","BOSS","M","?","?","M","M","E","M","?","T","?","$","?","?","M","R","BOSS","M","?","?","?","?","?","R","?","T","M","M","?","M","$","R","BOSS"],"build_version":"2018-08-02","purchased_purges":1,"victory":false,"max_hp_per_floor":[75,75,75,75,75,75,75,75,75,75,75,75,75,75,75,75,75,75,75,75,75,75,75,75,75,75,75,75,75,75,75,75,75,75,75,75,75,75,75,75,75,75,75,77,77,77,77,77,77,77],"card_choices":[{"not_picked":["Sweeping Beam","Go for the Eyes"],"picked":"Coolheaded","floor":0},{"not_picked":["Force Field","Compile Driver"],"picked":"Cold Snap","floor":0},{"not_picked":["Rebound","Storm"],"picked":"Cold Snap","floor":0},{"not_picked":["Barrage","Chill"],"picked":"Fusion","floor":0},{"not_picked":["Rebound","Reinforced Body"],"picked":"Blizzard","floor":0},{"not_picked":["Steam","Chaos"],"picked":"Streamline","floor":0},{"not_picked":["Steam Power","Chill"],"picked":"Redo","floor":0},{"not_picked":["Go for the Eyes","Fusion"],"picked":"Sweeping Beam","floor":0},{"not_picked":["Loop","Redo"],"picked":"Doom and Gloom","floor":0},{"not_picked":["Barrage","Melter"],"picked":"Glacier","floor":0},{"not_picked":["Rip and Tear","Force Field"],"picked":"Undo","floor":0},{"not_picked":["Self Repair","Undo"],"picked":"FTL","floor":0},{"not_picked":["Doom and Gloom","Steam Power"],"picked":"Static Discharge","floor":0},{"not_picked":["Rebound","Steam"],"picked":"Darkness","floor":0},{"not_picked":["Beam Cell","Steam"],"picked":"BootSequence","floor":0},{"not_picked":["Chaos","Go for the Eyes"],"picked":"White Noise","floor":1},{"not_picked":["Scrape","Conserve Battery"],"picked":"FTL","floor":3},{"not_picked":["Amplify","Redo"],"picked":"Sweeping Beam","floor":5},{"not_picked":["Melter","Darkness"],"picked":"White Noise","floor":6},{"not_picked":["Stack","Fusion"],"picked":"Gash","floor":8},{"not_picked":["Biased Cognition","Capacitor"],"picked":"Streamline","floor":12},{"not_picked":["Barrage","Redo"],"picked":"BootSequence","floor":14},{"not_picked":["Hyperbeam","Echo Form"],"picked":"Machine Learning","floor":16},{"not_picked":["Chill","Fusion+1","Beam Cell"],"picked":"Hologram","floor":18},{"not_picked":["Chill","Leap","Auto Shields"],"picked":"Skim","floor":20},{"not_picked":["Barrage","Coolheaded","Cold Snap"],"picked":"All For One","floor":21},{"not_picked":["Conserve Battery+1","Consume+1","Capacitor+1"],"picked":"Sweeping Beam","floor":22},{"not_picked":["Barrage","Storm","Seek"],"picked":"Double Energy","floor":23},{"not_picked":["Beam Cell","Stack","Leap"],"picked":"Redo","floor":24},{"not_picked":["Rebound","Cold Snap","Coolheaded"],"picked":"Static Discharge+1","floor":27},{"not_picked":["Compile Driver+1","Stack","Doom and Gloom"],"picked":"Self Repair+1","floor":30},{"not_picked":["Reinforced Body","Static Discharge+1","Capacitor"],"picked":"Gash","floor":31},{"not_picked":["Echo Form","Electrodynamics","Buffer"],"picked":"Meteor Strike","floor":33},{"not_picked":["FTL+1","Recycle","Redo"],"picked":"Gash","floor":35},{"not_picked":["Cold Snap","Beam Cell+1","Loop+1"],"picked":"Stack","floor":39},{"not_picked":["Beam Cell+1","Fission","Steam Power","Go for the Eyes+1"],"picked":"Singing Bowl","floor":44},{"not_picked":["Static Discharge","Storm","Lockon+1"],"picked":"Gash+1","floor":45},{"not_picked":["Sadistic Nature","Deep Breath","Good Instincts"],"picked":"Jack Of All Trades","floor":46},{"not_picked":["Deep Breath","Jack Of All Trades","Dark Shackles"],"picked":"Purity","floor":46},{"not_picked":["Swift Strike","Secret Weapon","Dramatic Entrance"],"picked":"Madness","floor":46},{"not_picked":["Stack+1","Undo+1","Chaos"],"picked":"Gash+1","floor":47}],"player_experience":179567,"relics_obtained":[{"floor":6,"key":"War Paint"},{"floor":9,"key":"Ancient Tea Set"},{"floor":17,"key":"Happy Flower"},{"floor":17,"key":"Question Card"},{"floor":17,"key":"Emotion Chip"},{"floor":23,"key":"Ornamental Fan"},{"floor":26,"key":"Smiling Mask"},{"floor":29,"key":"Enchiridion"},{"floor":30,"key":"Red Mask"},{"floor":38,"key":"Potion Belt"},{"floor":42,"key":"Bag of Preparation"},{"floor":43,"key":"Singing Bowl"}],"event_choices":[{"event_name":"Shining Light","player_choice":"Entered Light","floor":2,"damage_taken":0},{"event_name":"Living Wall","player_choice":"Grow","floor":10,"damage_taken":0},{"event_name":"Upgrade Shrine","player_choice":"Upgraded","floor":11,"damage_taken":0},{"event_name":"The Cleric","player_choice":"Healed","floor":13,"damage_taken":0},{"event_name":"The Library","player_choice":"Read","floor":25,"damage_taken":0},{"event_name":"Cursed Tome","player_choice":"Obtained Book","floor":29,"damage_taken":0},{"event_name":"Masked Bandits","player_choice":"Fought over 27 gold","floor":30,"damage_taken":0},{"event_name":"Tomb of Lord Red Mask","player_choice":"Wore Mask","floor":36,"damage_taken":0},{"event_name":"Golden Shrine","player_choice":"Pray","floor":37,"damage_taken":0},{"event_name":"Winding Halls","player_choice":"Embrace Madness","floor":40,"damage_taken":0},{"event_name":"SensoryStone","player_choice":"Memory 3","floor":46,"damage_taken":0}],"is_beta":false,"boss_relics":[{"not_picked":["Runic Dome","Ectoplasm"],"picked":"Calling Bell"},{"not_picked":["Lizard Tail","Velvet Choker"],"picked":"FrozenCore"}],"items_purged_floors":[48],"is_endless":true,"potions_floor_spawned":[1,3,5,6,8,12,14,16,18,20,21,22,23,24,27,30,31,33,35,39,44,45,47],"killed_by":"Awakened One","ascension_level":1}