{"gold_per_floor":[117,127,177,20,37,37,37,69,369,381,396,396,396],"floor_reached":13,"playtime":572,"items_purged":[],"score":195,"play_id":"d88dfb03-2722-46e4-829d-77a6060323ff","local_time":"20190814140131","is_ascension_mode":true,"campfire_choices":[{"data":"Unload","floor":6.0,"key":"SMITH"},{"floor":12,"key":"DIG"}],"neow_cost":"NONE","seed_source_timestamp":1834598642313087,"circlet_count":0,"master_deck":["AscendersBane","Strike_G","Strike_G","Strike_G","Strike_G","Defend_G","Defend_G","Defend_G","Defend_G","Defend_G","Survivor","Neutralize","Unload+1","Deflect","Prepared","Leg Sweep","Caltrops","Deflect","Adrenaline","Deflect","Deflect"],"special_seed":0,"relics":["Ring of the Snake","Shovel","Old Coin","Happy Flower"],"potions_floor_usage":[8],"damage_taken":[{"damage":1.0,"enemies":"2 Louse","floor":1.0,"turns":4.0},{"damage":0.0,"enemies":"Cultist","floor":2.0,"turns":4.0},{"damage":4.0,"enemies":"Small Slimes","floor":5.0,"turns":4.0},{"damage":25,"enemies":"Gremlin Nob","floor":8,"turns":4},{"damage":0,"enemies":"Red Slaver","floor":10,"turns":5},{"damage":1,"enemies":"Blue Slaver","floor":11,"turns":4},{"damage":34,"enemies":"Lagavulin","floor":13,"turns":7}],"seed_played":"6088130036234421242","potions_obtained":[{"floor":2.0,"key":"GhostInAJar"},{"floor":10,"key":"SteroidPotion"}],"is_trial":false,"path_per_floor":["M","M","?","$","M","R","?","E","T","M","M","R","E"],"character_chosen":"THE_SILENT","items_purchased":["Leg Sweep","Caltrops"],"campfire_rested":0,"item_purchase_floors":[4,4],"current_hp_per_floor":[58,58,58,58,54,54,54,29,29,29,28,28,0],"gold":396,"neow_bonus":"ONE_RANDOM_RARE_CARD","is_prod":false,"is_daily":false,"chose_seed":false,"campfire_upgraded":1,"win_rate":0,"timestamp":1565816491,"path_taken":["M","M","?","$","?","R","?","E","T","M","M","R","E"],"build_version":"2019-07-17","purchased_purges":0,"victory":false,"max_hp_per_floor":[66,66,66,66,66,66,66,66,66,66,66,66,66],"card_choices":[{"not_picked":["Bane","Slice"],"picked":"Deflect","floor":1.0},{"not_picked":["Doppelganger","Poisoned Stab"],"picked":"Prepared","floor":2.0},{"not_picked":["Backstab","Calculated Gamble"],"picked":"Deflect","floor":5.0},{"not_picked":["Predator","Choke"],"picked":"Adrenaline","floor":8},{"not_picked":["Backflip","Slice"],"picked":"Deflect","floor":10},{"not_picked":["Dagger Throw","Escape Plan"],"picked":"Deflect","floor":11}],"player_experience":727559,"relics_obtained":[{"floor":8,"key":"Shovel"},{"floor":9,"key":"Old Coin"},{"floor":12,"key":"Happy Flower"}],"event_choices":[{"damage_healed":0.0,"max_hp_gain":0.0,"max_hp_loss":0.0,"gold_gain":50.0,"event_name":"Golden Shrine","player_choice":"Pray","floor":3.0,"gold_loss":0.0,"damage_taken":0.0},{"cards_removed":["Strike_G"],"damage_healed":0.0,"max_hp_gain":0.0,"max_hp_loss":0.0,"gold_gain":0.0,"event_name":"Bonfire Elementals","player_choice":"Offered Basic","floor":7.0,"gold_loss":0.0,"damage_taken":0.0}],"is_beta":false,"boss_relics":[],"items_purged_floors":[],"is_endless":false,"potions_floor_spawned":[2,10],"killed_by":"Lagavulin","ascension_level":20}