{"gold_per_floor":[113,31,46,63,83,117,135,135,160,160,195,212,237,249,249,345,345,359,376,28,28,28,83,83,99,99,132,132,132],"floor_reached":29,"playtime":2393,"items_purged":[],"score":394,"play_id":"115f15a8-1edc-4016-bf44-8e151caa5662","local_time":"20190708125515","is_ascension_mode":true,"campfire_choices":[{"floor":8,"key":"RECALL"},{"floor":10,"key":"REST"},{"floor":15,"key":"REST"},{"floor":24,"key":"REST"}],"neow_cost":"NONE","seed_source_timestamp":524988569889930,"circlet_count":0,"master_deck":["Strike_G","Strike_G","Strike_G","Strike_G","Strike_G","Defend_G","Defend_G","Defend_G","Defend_G","Defend_G","Survivor","Neutralize","Underhanded Strike","Footwork","Outmaneuver","Dash","All Out Attack","Backflip","Slice","Dagger Spray","Backstab","Dagger Throw","Deadly Poison","Blade Dance","Bane","Doppelganger","Cloak And Dagger","Dagger Throw+1","Bandage Up","Crippling Poison","Footwork","Infinite Blades","Acrobatics","Bouncing Flask+1","Flying Knee+1","Finisher"],"relics":["Ring of the Serpent","Orichalcum","Shuriken","Regal Pillow","Dream Catcher","Oddly Smooth Stone","Happy Flower","Tiny Chest","Lantern","Blood Vial"],"potions_floor_usage":[13,16,27,29],"damage_taken":[{"damage":0,"enemies":"Cultist","floor":1,"turns":5},{"damage":6,"enemies":"2 Louse","floor":3,"turns":4},{"damage":8,"enemies":"Jaw Worm","floor":4,"turns":8},{"damage":1,"enemies":"Blue Slaver","floor":5,"turns":4},{"damage":18,"enemies":"3 Sentries","floor":6,"turns":11},{"damage":7,"enemies":"Lots of Slimes","floor":7,"turns":2},{"damage":9,"enemies":"Lagavulin","floor":11,"turns":8},{"damage":4,"enemies":"Red Slaver","floor":12,"turns":3},{"damage":1,"enemies":"Gremlin Nob","floor":13,"turns":3},{"damage":0,"enemies":"Looter","floor":14,"turns":2},{"damage":0,"enemies":"Hexaghost","floor":16,"turns":9},{"damage":19,"enemies":"Spheric Guardian","floor":18,"turns":4},{"damage":3,"enemies":"Chosen","floor":19,"turns":4},{"damage":17,"enemies":"Book of Stabbing","floor":23,"turns":7},{"damage":25,"enemies":"Snake Plant","floor":25,"turns":4},{"damage":45,"enemies":"Gremlin Leader","floor":27,"turns":8},{"damage":11,"enemies":"Shelled Parasite and Fungi","floor":29,"turns":3}],"seed_played":"-7990950141845964323","potions_obtained":[{"floor":3,"key":"GhostInAJar"},{"floor":5,"key":"LiquidBronze"},{"floor":6,"key":"AttackPotion"},{"floor":11,"key":"Fire Potion"},{"floor":23,"key":"SteroidPotion"},{"floor":25,"key":"AttackPotion"},{"floor":27,"key":"FearPotion"}],"is_trial":false,"path_per_floor":["M","$","M","M","M","E","M","R","T","R","E","M","E","M","R","B",null,"M","M","$","?","?","E","R","M","T","E","T","M"],"character_chosen":"THE_SILENT","items_purchased":["Footwork","Outmaneuver","Happy Flower","Bandage Up","Crippling Poison","Footwork"],"campfire_rested":3,"item_purchase_floors":[2,2,20,20,20,20],"current_hp_per_floor":[70,70,64,56,55,37,30,30,30,66,57,53,52,52,70,70,70,51,48,48,48,48,35,70,49,49,8,8,0],"gold":132,"neow_bonus":"RANDOM_COMMON_RELIC","is_prod":false,"is_daily":false,"chose_seed":false,"campfire_upgraded":0,"win_rate":0,"timestamp":1562615715,"path_taken":["M","$","M","M","M","E","?","R","T","R","E","M","E","M","R","BOSS","M","M","$","?","?","E","R","M","T","E","?","?"],"build_version":"2019-07-05","purchased_purges":0,"victory":false,"max_hp_per_floor":[70,70,70,70,70,70,70,70,70,70,70,70,70,70,70,70,70,70,70,70,70,70,70,70,70,70,70,70,70],"card_choices":[{"not_picked":["PiercingWail","Acrobatics"],"picked":"Underhanded Strike","floor":1},{"not_picked":["Concentrate","Heel Hook"],"picked":"Dash","floor":3},{"not_picked":["Prepared","Blur"],"picked":"All Out Attack","floor":4},{"not_picked":["Underhanded Strike","Slice"],"picked":"Backflip","floor":5},{"not_picked":["Well Laid Plans","Underhanded Strike"],"picked":"Slice","floor":6},{"not_picked":["Escape Plan","Backflip"],"picked":"Dagger Spray","floor":7},{"not_picked":["Blade Dance","Setup"],"picked":"Backstab","floor":11},{"not_picked":["Poisoned Stab","PiercingWail"],"picked":"Dagger Throw","floor":12},{"not_picked":["Cloak And Dagger","Doppelganger"],"picked":"Deadly Poison","floor":13},{"not_picked":["PiercingWail","Deadly Poison"],"picked":"Blade Dance","floor":14},{"not_picked":["Eviscerate","Backflip"],"picked":"Bane","floor":15},{"not_picked":["A Thousand Cuts","Grand Finale"],"picked":"Doppelganger","floor":16},{"not_picked":["All Out Attack","Tactician"],"picked":"Cloak And Dagger","floor":18},{"not_picked":["Escape Plan","Backflip"],"picked":"Dagger Throw+1","floor":19},{"not_picked":["Outmaneuver","Dash"],"picked":"Acrobatics","floor":23},{"not_picked":["Infinite Blades","Eviscerate"],"picked":"Bouncing Flask+1","floor":24},{"not_picked":["Well Laid Plans","Dash+1"],"picked":"Flying Knee+1","floor":25},{"not_picked":["Prepared","Cloak And Dagger"],"picked":"Finisher","floor":27}],"player_experience":132976,"relics_obtained":[{"floor":6,"key":"Shuriken"},{"floor":9,"key":"Regal Pillow"},{"floor":11,"key":"Dream Catcher"},{"floor":13,"key":"Oddly Smooth Stone"},{"floor":23,"key":"Tiny Chest"},{"floor":27,"key":"Lantern"},{"floor":28,"key":"Blood Vial"}],"event_choices":[{"damage_healed":0,"gold_gain":0,"player_choice":"Ignored","damage_taken":0,"max_hp_gain":0,"max_hp_loss":0,"event_name":"Vampires","floor":21,"gold_loss":0},{"damage_healed":0,"gold_gain":0,"player_choice":"Read","damage_taken":0,"max_hp_gain":0,"max_hp_loss":0,"event_name":"The Library","floor":22,"gold_loss":0,"cards_obtained":["Infinite Blades"]}],"is_beta":false,"boss_relics":[{"not_picked":["Orrery","Philosopher\u0027s Stone"],"picked":"Ring of the Serpent"}],"items_purged_floors":[],"is_endless":false,"potions_floor_spawned":[3,5,6,11,12,23,25,27],"killed_by":"Shelled Parasite and Fungi","ascension_level":2}