{"gold_per_floor":[363,383,383,383,63,63,63,73,120,146,165,184,184,204,204,304,304,317,329,5,25,43,43,77,90,90,90,139,139,139,155,155,254,254,274,1273,890,906,922,954,954,135,135,135,135,163,180,180,180,180],"floor_reached":51,"playtime":5854,"items_purged":["Strike_R","Defend_R","Normality","Warcry"],"score":813,"play_id":"57991918-cca4-4e2e-9f17-0a86a828caef","local_time":"20180813162951","is_ascension_mode":true,"campfire_choices":[{"data":"Armaments","floor":7,"key":"SMITH"},{"data":"True Grit","floor":15,"key":"SMITH"},{"data":"Infernal Blade","floor":23,"key":"SMITH"},{"data":"Impervious","floor":27,"key":"SMITH"},{"data":"Dark Embrace","floor":29,"key":"SMITH"},{"floor":32,"key":"REST"},{"data":"Exhume","floor":41,"key":"SMITH"},{"data":"Feel No Pain","floor":45,"key":"SMITH"},{"floor":49,"key":"REST"}],"neow_cost":"PERCENT_DAMAGE","seed_source_timestamp":222437217852892,"circlet_count":0,"master_deck":["Strike_R","Defend_R","Defend_R","Bash","Armaments+1","True Grit+1","Wild Strike","Combust","Double Tap","Blood for Blood","Impervious+1","Fire Breathing","Dark Embrace+1","Infernal Blade+1","Reckless Charge","Inflame","Infernal Blade+1","Body Slam+1","Exhume+1","Shockwave+1","Normality","Burning Pact","Dual Wield","Burning Pact","Feel No Pain+1","Blood for Blood+1"],"relics":["Black Blood","Torii","Orichalcum","Happy Flower","Potion Belt","Bag of Preparation","Kunai","Self Forming Clay","Blood Vial","White Beast Statue","Oddly Smooth Stone","Anchor","HandDrill","Lantern","Letter Opener","Molten Egg 2","Bottled Tornado"],"potions_floor_usage":[10,14,21,33,33,33,46,46,50,50,50,50],"damage_taken":[{"damage":5,"enemies":"2 Louse","floor":1,"turns":4},{"damage":3,"enemies":"Small Slimes","floor":2,"turns":4},{"damage":2,"enemies":"Cultist","floor":8,"turns":3},{"damage":6,"enemies":"Lagavulin","floor":10,"turns":7},{"damage":14,"enemies":"Large Slime","floor":11,"turns":5},{"damage":10,"enemies":"Blue Slaver","floor":12,"turns":4},{"damage":2,"enemies":"Red Slaver","floor":14,"turns":4},{"damage":7,"enemies":"Slime Boss","floor":16,"turns":9},{"damage":12,"enemies":"Shell Parasite","floor":18,"turns":6},{"damage":31,"enemies":"2 Thieves","floor":19,"turns":4},{"damage":27,"enemies":"Centurion and Healer","floor":21,"turns":5},{"damage":12,"enemies":"Snecko","floor":22,"turns":5},{"damage":22,"enemies":"Book of Stabbing","floor":24,"turns":4},{"damage":40,"enemies":"Cultist and Chosen","floor":25,"turns":7},{"damage":16,"enemies":"Snake Plant","floor":31,"turns":4},{"damage":37,"enemies":"Collector","floor":33,"turns":9},{"damage":25,"enemies":"Orb Walker","floor":35,"turns":4},{"damage":9,"enemies":"3 Shapes","floor":38,"turns":5},{"damage":59,"enemies":"Maw","floor":39,"turns":9},{"damage":20,"enemies":"Giant Head","floor":40,"turns":7},{"damage":54,"enemies":"Nemesis","floor":46,"turns":9},{"damage":18,"enemies":"Spire Growth","floor":47,"turns":5},{"damage":27,"enemies":"Donu and Deca","floor":50,"turns":10}],"seed_played":"7299580315243178662","potions_obtained":[{"floor":1,"key":"Weak Potion"},{"floor":11,"key":"Swift Potion"},{"floor":16,"key":"Regen Potion"},{"floor":21,"key":"Block Potion"},{"floor":22,"key":"Strength Potion"},{"floor":25,"key":"SkillPotion"},{"floor":31,"key":"Regen Potion"},{"floor":35,"key":"SpeedPotion"},{"floor":38,"key":"Explosive Potion"},{"floor":39,"key":"EssenceOfSteel"},{"floor":40,"key":"Ancient Potion"},{"floor":46,"key":"EssenceOfSteel"},{"floor":47,"key":"SpeedPotion"}],"is_trial":false,"path_per_floor":["M","M","?","?","$","?","R","M","T","E","M","M","?","M","R","B",null,"M","M","$","M","M","R","E","M","T","R","T","R","?","M","R","B",null,"M","?","$","M","M","E","R","$","T","?","R","E","M","?","R","B"],"character_chosen":"IRONCLAD","items_purchased":["Orichalcum","Wild Strike","Combust","Bag of Preparation","Inflame","Oddly Smooth Stone","Burning Pact","Dual Wield","HandDrill","Lantern","Letter Opener","Feel No Pain"],"campfire_rested":2,"item_purchase_floors":[5,5,5,20,20,37,37,37,42,42,42,42],"current_hp_per_floor":[57,60,57,50,50,50,50,54,54,54,46,42,42,46,46,45,80,78,67,67,64,62,62,50,20,20,20,20,20,20,16,40,15,80,65,65,65,80,31,23,23,23,23,70,70,40,34,34,55,40],"gold":180,"neow_bonus":"TWO_FIFTY_GOLD","is_prod":false,"is_daily":false,"chose_seed":false,"campfire_upgraded":7,"win_rate":0,"timestamp":1534170591,"path_taken":["M","M","?","?","$","?","R","M","T","E","M","M","?","M","R","BOSS","M","M","$","M","?","R","E","?","T","R","?","R","?","M","R","BOSS","M","?","$","M","M","E","R","$","T","?","R","E","M","?","R","BOSS"],"build_version":"2018-08-09","purchased_purges":4,"victory":true,"max_hp_per_floor":[80,80,80,80,80,80,80,80,80,80,80,80,80,80,80,80,80,80,80,80,80,80,80,80,80,80,80,80,80,80,80,80,80,80,80,80,80,80,80,80,80,80,80,70,70,70,70,70,70,70],"card_choices":[{"not_picked":["Thunderclap","Sever Soul"],"picked":"Armaments","floor":1},{"not_picked":["Pommel Strike","Clash"],"picked":"True Grit","floor":2},{"not_picked":["Whirlwind","Reckless Charge","Iron Wave"],"picked":"SKIP","floor":8},{"not_picked":["Burning Pact","True Grit"],"picked":"Double Tap","floor":10},{"not_picked":["Corruption","Pommel Strike"],"picked":"Blood for Blood","floor":11},{"not_picked":["Ghostly Armor","Shrug It Off","Warcry"],"picked":"SKIP","floor":12},{"not_picked":["Spot Weakness","Armaments"],"picked":"Fire Breathing","floor":14},{"not_picked":["Demon Form","Fiend Fire"],"picked":"Dark Embrace","floor":16},{"not_picked":["Burning Pact","Armaments"],"picked":"Infernal Blade","floor":18},{"not_picked":["Shrug It Off","Pommel Strike"],"picked":"Reckless Charge","floor":19},{"not_picked":["Anger","Carnage"],"picked":"Warcry","floor":21},{"not_picked":["Body Slam","Thunderclap","Juggernaut"],"picked":"SKIP","floor":22},{"not_picked":["Second Wind","Warcry"],"picked":"Infernal Blade+1","floor":24},{"not_picked":["Perfected Strike+1","Flame Barrier+1"],"picked":"Body Slam","floor":25},{"not_picked":["Warcry","Shrug It Off","Body Slam"],"picked":"SKIP","floor":31},{"not_picked":["Berserk","Barricade"],"picked":"Exhume","floor":33},{"not_picked":["Warcry","Anger"],"picked":"Shockwave+1","floor":35},{"not_picked":["Cleave","Heavy Blade+1","Flex"],"picked":"SKIP","floor":38},{"not_picked":["Shrug It Off","Perfected Strike","Clothesline+1"],"picked":"SKIP","floor":39},{"not_picked":["Power Through+1","Thunderclap"],"picked":"Burning Pact","floor":40},{"not_picked":["Rupture","Uppercut+1"],"picked":"Blood for Blood+1","floor":46},{"not_picked":["Thunderclap+1","Shockwave+1","Cleave+1"],"picked":"SKIP","floor":47}],"player_experience":288237,"relics_obtained":[{"floor":9,"key":"Happy Flower"},{"floor":10,"key":"Potion Belt"},{"floor":24,"key":"Kunai"},{"floor":26,"key":"Self Forming Clay"},{"floor":28,"key":"Blood Vial"},{"floor":40,"key":"Anchor"},{"floor":43,"key":"Molten Egg 2"},{"floor":46,"key":"Bottled Tornado"}],"event_choices":[{"event_name":"Scrap Ooze","player_choice":"success","floor":3,"damage_taken":3},{"event_name":"Golden Wing","player_choice":"Card Removal","floor":4,"damage_taken":0},{"event_name":"Living Wall","player_choice":"Forget","floor":6,"damage_taken":0},{"event_name":"Transmorgrifier","player_choice":"Transform","floor":13,"damage_taken":0},{"event_name":"Upgrade Shrine","player_choice":"Upgraded","floor":30,"damage_taken":0},{"event_name":"MindBloom","player_choice":"Gold","floor":36,"damage_taken":0},{"event_name":"The Moai Head","player_choice":"Heal","floor":44,"damage_taken":0},{"event_name":"Falling","player_choice":"Removed Attack","floor":48,"damage_taken":0}],"is_beta":false,"boss_relics":[{"not_picked":["Velvet Choker","Runic Cube"],"picked":"Black Blood"},{"not_picked":["Runic Pyramid","Busted Crown"],"picked":"White Beast Statue"}],"items_purged_floors":[5,20,37,42],"is_endless":false,"potions_floor_spawned":[1,11,16,21,22,25,31,35,38,39,40,46,47],"ascension_level":1}