{"gold_per_floor":[117,135,39,56,56,87,98,60,60,93,111,122,77],"floor_reached":13,"playtime":792,"items_purged":[],"score":112,"play_id":"e625d126-c339-4082-be60-1fbae8d62bfe","local_time":"20190710125414","is_ascension_mode":true,"campfire_choices":[],"neow_cost":"NONE","seed_source_timestamp":699324637528298,"circlet_count":0,"master_deck":["Strike_G","Strike_G","Strike_G","Strike_G","Strike_G","Defend_G","Defend_G","Defend_G","Defend_G","Defend_G","Survivor","Neutralize","Backflip","Backflip","Sucker Punch","Noxious Fumes","Dagger Throw","Catalyst","Caltrops","Noxious Fumes","Noxious Fumes+1","Infinite Blades+1","Underhanded Strike"],"relics":["Ring of the Snake","Darkstone Periapt","Paper Crane","Frozen Egg 2","Pen Nib"],"potions_floor_usage":[10,12],"damage_taken":[{"damage":0,"enemies":"Cultist","floor":1,"turns":5},{"damage":0,"enemies":"Jaw Worm","floor":2,"turns":5},{"damage":0,"enemies":"Small Slimes","floor":4,"turns":3},{"damage":25,"enemies":"Lagavulin","floor":6,"turns":9},{"damage":4,"enemies":"3 Louse","floor":7,"turns":4},{"damage":23,"enemies":"Gremlin Nob","floor":10,"turns":4},{"damage":17,"enemies":"Large Slime","floor":11,"turns":6},{"damage":1,"enemies":"Red Slaver","floor":12,"turns":4},{"damage":15,"enemies":"Looter","floor":13,"turns":3}],"seed_played":"-5356537229402790904","potions_obtained":[{"floor":1,"key":"LiquidBronze"},{"floor":7,"key":"Weak Potion"},{"floor":10,"key":"Poison Potion"}],"is_trial":false,"path_per_floor":["M","M","$","M","?","E","M","$","T","E","M","M","M"],"character_chosen":"THE_SILENT","items_purchased":["Sucker Punch","Noxious Fumes","Noxious Fumes"],"campfire_rested":0,"item_purchase_floors":[3,3,8],"current_hp_per_floor":[77,77,77,77,77,52,48,48,48,25,8,7,0],"gold":77,"neow_bonus":"TEN_PERCENT_HP_BONUS","is_prod":false,"is_daily":false,"chose_seed":false,"campfire_upgraded":0,"win_rate":0,"timestamp":1562788454,"path_taken":["M","?","$","M","?","E","M","?","T","E","?","M","M"],"build_version":"2019-07-05","purchased_purges":0,"victory":false,"max_hp_per_floor":[77,77,77,77,77,77,77,77,77,77,77,77,77],"card_choices":[{"not_picked":["Distraction","Accuracy"],"picked":"Backflip","floor":1},{"not_picked":["Cloak And Dagger","Eviscerate"],"picked":"Backflip","floor":2},{"not_picked":["Blade Dance","Cloak And Dagger"],"picked":"Dagger Throw","floor":4},{"not_picked":["Slice","Infinite Blades"],"picked":"Catalyst","floor":6},{"not_picked":["Sucker Punch","Endless Agony"],"picked":"Caltrops","floor":7},{"not_picked":["Caltrops+1","Blade Dance"],"picked":"Noxious Fumes+1","floor":10},{"not_picked":["Distraction","Quick Slash"],"picked":"Infinite Blades+1","floor":11},{"not_picked":["Flechettes","Sucker Punch"],"picked":"Underhanded Strike","floor":12}],"player_experience":186409,"relics_obtained":[{"floor":6,"key":"Paper Crane"},{"floor":9,"key":"Frozen Egg 2"},{"floor":10,"key":"Pen Nib"}],"event_choices":[{"damage_healed":0,"gold_gain":0,"player_choice":"Gave Potion","damage_taken":0,"relics_obtained":["Darkstone Periapt"],"max_hp_gain":0,"max_hp_loss":0,"event_name":"WeMeetAgain","floor":5,"gold_loss":0}],"is_beta":false,"boss_relics":[],"items_purged_floors":[],"is_endless":false,"potions_floor_spawned":[1,7,10],"killed_by":"Looter","ascension_level":3}