{"gold_per_floor":[116,136,136,151,165,192,192,29,29,64,79,79,11,29,29,108,108,122,122,39,39,56,56,56],"floor_reached":24,"playtime":3312,"items_purged":["Strike_G"],"score":391,"play_id":"82574e65-1a17-4d14-9582-38a18abd5c6f","local_time":"20190801093656","is_ascension_mode":true,"campfire_choices":[{"data":"Tactician","floor":7.0,"key":"SMITH"},{"floor":12.0,"key":"REST"},{"floor":15.0,"key":"REST"},{"data":"Tools of the Trade","floor":23.0,"key":"SMITH"}],"neow_cost":"NONE","seed_source_timestamp":0,"circlet_count":0,"master_deck":["AscendersBane","Strike_G","Strike_G","Strike_G","Strike_G","Defend_G","Defend_G","Defend_G","Defend_G","Defend_G","Survivor","Neutralize","Well Laid Plans+1","Predator","Sucker Punch","Outmaneuver","Tactician+1","Underhanded Strike","Tactician","Riddle With Holes","Footwork+1","Acrobatics","Tools of the Trade+1","Calculated Gamble","Dagger Spray","Deflect"],"special_seed":0,"relics":["Ring of the Snake","Ginger","Anchor","The Courier","Darkstone Periapt","Eternal Feather"],"potions_floor_usage":[],"damage_taken":[{"damage":5.0,"enemies":"2 Louse","floor":1.0,"turns":3.0},{"damage":0.0,"enemies":"Cultist","floor":2.0,"turns":3.0},{"damage":2.0,"enemies":"Jaw Worm","floor":4.0,"turns":4.0},{"damage":9.0,"enemies":"Exordium Thugs","floor":5.0,"turns":4.0},{"damage":8.0,"enemies":"Lagavulin","floor":6.0,"turns":7.0},{"damage":46.0,"enemies":"Gremlin Nob","floor":10.0,"turns":5.0},{"damage":0.0,"enemies":"3 Louse","floor":11.0,"turns":3.0},{"damage":0.0,"enemies":"Lots of Slimes","floor":14.0,"turns":4.0},{"damage":39.0,"enemies":"Slime Boss","floor":16.0,"turns":11.0},{"damage":9.0,"enemies":"Shell Parasite","floor":18.0,"turns":7.0},{"damage":10.0,"enemies":"Chosen","floor":22.0,"turns":6.0},{"damage":49,"enemies":"Book of Stabbing","floor":24,"turns":8}],"seed_played":"-1820142561382705964","potions_obtained":[{"floor":1.0,"key":"Strength Potion"},{"floor":4.0,"key":"GhostInAJar"},{"floor":6.0,"key":"FairyPotion"},{"floor":10.0,"key":"Dexterity Potion"},{"floor":14.0,"key":"PowerPotion"}],"is_trial":false,"path_per_floor":["M","M","?","M","M","E","R","$","T","E","M","R","$","M","R","B",null,"M","?","$","$","M","R","E"],"character_chosen":"THE_SILENT","items_purchased":["Anchor","Footwork","Dagger Spray"],"campfire_rested":2,"item_purchase_floors":[8,13,20],"current_hp_per_floor":[54,54,54,52,43,35,35,35,35,6,6,25,25,25,44,5,51,42,42,42,42,32,47,0],"gold":56,"neow_bonus":"THREE_CARDS","is_prod":false,"is_daily":false,"chose_seed":false,"campfire_upgraded":2,"win_rate":0,"timestamp":1564677416,"path_taken":["M","M","?","M","M","E","R","$","T","E","?","R","$","M","R","BOSS","M","?","?","$","M","R","E"],"build_version":"2019-07-17","purchased_purges":1,"victory":false,"max_hp_per_floor":[66,66,66,66,66,66,66,66,66,66,66,66,66,66,66,66,66,66,66,66,66,66,66,66],"card_choices":[{"not_picked":["Crippling Poison","Choke"],"picked":"Well Laid Plans","floor":0.0},{"not_picked":["Well Laid Plans","Choke"],"picked":"Predator","floor":1.0},{"not_picked":["Finisher","Distraction"],"picked":"Sucker Punch","floor":2.0},{"not_picked":["Bane","Cloak And Dagger"],"picked":"Outmaneuver","floor":4.0},{"not_picked":["Underhanded Strike","Heel Hook"],"picked":"Tactician","floor":5.0},{"not_picked":["Deadly Poison","Catalyst"],"picked":"Underhanded Strike","floor":6.0},{"not_picked":["PiercingWail","Choke"],"picked":"Tactician","floor":10.0},{"not_picked":["Deadly Poison","Catalyst"],"picked":"Riddle With Holes","floor":11.0},{"not_picked":["All Out Attack","Distraction"],"picked":"Acrobatics","floor":14.0},{"not_picked":["Bullet Time","After Image"],"picked":"Tools of the Trade","floor":16.0},{"not_picked":["Heel Hook","Flying Knee"],"picked":"Calculated Gamble","floor":18.0},{"not_picked":["Acrobatics","Poisoned Stab"],"picked":"Deflect","floor":22.0}],"player_experience":593150,"relics_obtained":[{"floor":6.0,"key":"Ginger"},{"floor":9.0,"key":"The Courier"},{"floor":10.0,"key":"Darkstone Periapt"}],"event_choices":[{"damage_healed":0.0,"max_hp_gain":0.0,"max_hp_loss":0.0,"gold_gain":0.0,"event_name":"Upgrade Shrine","player_choice":"Upgraded","floor":3.0,"gold_loss":0.0,"damage_taken":0.0,"cards_upgraded":["Well Laid Plans"]},{"damage_healed":0.0,"max_hp_gain":0.0,"max_hp_loss":0.0,"gold_gain":0.0,"event_name":"Upgrade Shrine","player_choice":"Upgraded","floor":19.0,"gold_loss":0.0,"damage_taken":0.0,"cards_upgraded":["Footwork"]}],"is_beta":false,"boss_relics":[{"not_picked":["Tiny House","Busted Crown"],"picked":"Eternal Feather"}],"items_purged_floors":[20],"is_endless":false,"potions_floor_spawned":[1,4,6,10,14],"killed_by":"Book of Stabbing","ascension_level":18}