{"gold_per_floor":[115,40,40,55,69,69,103,103,103,103,118,152,152],"floor_reached":13,"playtime":513,"items_purged":[],"score":186,"play_id":"45d7dcfc-099a-42e2-ad31-f7dec5b0a0d0","local_time":"20190812123926","is_ascension_mode":true,"campfire_choices":[{"data":"Terror","floor":6,"key":"SMITH"},{"floor":8,"key":"REST"},{"floor":10,"key":"REST"}],"neow_cost":"NONE","seed_source_timestamp":1656984016129538,"circlet_count":0,"master_deck":["AscendersBane","Strike_G","Strike_G","Strike_G","Strike_G","Strike_G","Defend_G","Defend_G","Defend_G","Defend_G","Defend_G+1","Survivor","Neutralize+1","Dramatic Entrance","Flechettes","Well Laid Plans","Backstab","Terror+1","Crippling Poison","Blur","Bullet Time"],"relics":["Ring of the Snake","Boot","Darkstone Periapt","Bottled Tornado"],"potions_floor_usage":[7,12],"damage_taken":[{"damage":0,"enemies":"Cultist","floor":1,"turns":4},{"damage":3,"enemies":"Small Slimes","floor":4,"turns":3},{"damage":0,"enemies":"Jaw Worm","floor":5,"turns":3},{"damage":33,"enemies":"3 Sentries","floor":7,"turns":12},{"damage":0,"enemies":"2 Fungi Beasts","floor":11,"turns":2},{"damage":37,"enemies":"Gremlin Nob","floor":12,"turns":5},{"damage":4,"enemies":"The Mushroom Lair","floor":13,"turns":1}],"seed_played":"54459660923440379","potions_obtained":[{"floor":1,"key":"PowerPotion"},{"floor":4,"key":"Ancient Potion"},{"floor":7,"key":"Block Potion"}],"is_trial":false,"path_per_floor":["M","$","?","M","M","R","E","R","T","R","M","E","?"],"character_chosen":"THE_SILENT","items_purchased":["Well Laid Plans"],"campfire_rested":2,"item_purchase_floors":[2],"current_hp_per_floor":[59,59,39,36,36,36,3,22,22,41,41,4,0],"gold":152,"neow_bonus":"RANDOM_COLORLESS","is_prod":false,"is_daily":false,"chose_seed":false,"campfire_upgraded":1,"win_rate":0,"timestamp":1565638766,"path_taken":["M","$","?","M","M","R","E","R","T","R","M","E","?"],"build_version":"2019-07-17","purchased_purges":0,"victory":false,"max_hp_per_floor":[66,66,66,66,66,66,66,66,66,66,66,66,66],"card_choices":[{"not_picked":["Flying Knee","Quick Slash"],"picked":"Flechettes","floor":1},{"not_picked":["PiercingWail","Bane"],"picked":"Backstab","floor":4},{"not_picked":["Flying Knee","Dagger Throw"],"picked":"Terror","floor":5},{"not_picked":["Acrobatics","Accuracy"],"picked":"Crippling Poison","floor":7},{"not_picked":["Bane","Flying Knee"],"picked":"Blur","floor":11},{"not_picked":["Deadly Poison","Accuracy"],"picked":"Bullet Time","floor":12}],"player_experience":686233,"relics_obtained":[{"floor":7,"key":"Boot"},{"floor":9,"key":"Darkstone Periapt"},{"floor":12,"key":"Bottled Tornado"}],"event_choices":[{"damage_healed":0,"gold_gain":0,"player_choice":"Entered Light","damage_taken":20,"max_hp_gain":0,"max_hp_loss":0,"event_name":"Shining Light","floor":3,"gold_loss":0,"cards_upgraded":["Neutralize","Defend_G"]},{"damage_healed":0,"gold_gain":0,"player_choice":"Fought Mushrooms","damage_taken":0,"max_hp_gain":0,"max_hp_loss":0,"event_name":"Mushrooms","floor":13,"gold_loss":0}],"is_beta":false,"boss_relics":[],"items_purged_floors":[],"is_endless":false,"potions_floor_spawned":[1,4,7],"killed_by":"The Mushroom Lair","ascension_level":20}