{"gold_per_floor":[117,117,117,117,138,182,195,195,195,529,8,22,96,96,96,225,225,243,266,64,64],"floor_reached":21,"playtime":2827,"items_purged":["Pain"],"score":233,"play_id":"78e64755-f36d-4dd5-8d53-559ba1bb3261","local_time":"20180813000116","is_ascension_mode":true,"campfire_choices":[{"floor":8,"key":"REST"},{"floor":15,"key":"REST"}],"neow_cost":"CURSE","seed_source_timestamp":166167328442758,"circlet_count":0,"master_deck":["Strike_B","Strike_B","Strike_B","Defend_B","Defend_B","Defend_B","Defend_B+1","Zap","Dualcast","Doubt","Auto Shields","Storm+1","Gash","White Noise","Storm","Steam+1","Static Discharge","Conserve Battery+1","Stack+1","Decay","Machine Learning","Regret","Doubt","Leap+1","Conserve Battery+1","Heatsinks"],"relics":["Cracked Core","Unceasing Top","Golden Idol","Thread and Needle","Toxic Egg 2","Old Coin","Pear","Membership Card","Tiny Chest","Calling Bell","Ancient Tea Set","Molten Egg 2","Sundial","MawBank"],"potions_floor_usage":[10,10,16,21,21],"damage_taken":[{"damage":0,"enemies":"Small Slimes","floor":1,"turns":4},{"damage":0,"enemies":"2 Louse","floor":5,"turns":3},{"damage":33,"enemies":"Lagavulin","floor":6,"turns":8},{"damage":0,"enemies":"Cultist","floor":7,"turns":3},{"damage":5,"enemies":"3 Sentries","floor":10,"turns":7},{"damage":8,"enemies":"Blue Slaver","floor":12,"turns":2},{"damage":0,"enemies":"Lagavulin","floor":13,"turns":6},{"damage":44,"enemies":"The Guardian","floor":16,"turns":17},{"damage":14,"enemies":"Chosen","floor":18,"turns":6},{"damage":23,"enemies":"Shell Parasite","floor":19,"turns":9},{"damage":56,"enemies":"Centurion and Healer","floor":21,"turns":25}],"seed_played":"-7798162370085816157","potions_obtained":[{"floor":6,"key":"Swift Potion"},{"floor":7,"key":"LiquidBronze"},{"floor":12,"key":"SpeedPotion"},{"floor":13,"key":"SneckoOil"},{"floor":19,"key":"EssenceOfSteel"}],"is_trial":false,"path_per_floor":["M","?","?","?","M","E","M","R","T","E","$","M","E","?","R","B",null,"M","M","$"],"character_chosen":"DEFECT","items_purchased":["Pear","Membership Card","Static Discharge","MawBank","Heatsinks"],"campfire_rested":2,"item_purchase_floors":[11,11,11,20,20],"current_hp_per_floor":[75,75,60,42,42,9,9,31,31,26,36,28,28,28,53,9,85,78,55,55,0],"gold":64,"neow_bonus":"ONE_RARE_RELIC","is_prod":false,"is_daily":false,"chose_seed":false,"campfire_upgraded":0,"win_rate":0,"timestamp":1534111276,"path_taken":["M","?","?","?","M","E","M","R","T","E","$","M","E","?","R","BOSS","M","M","$","M"],"build_version":"2018-08-09","purchased_purges":1,"victory":false,"max_hp_per_floor":[75,75,75,75,75,75,75,75,75,75,85,85,85,85,85,85,85,85,85,85,85],"card_choices":[{"not_picked":["Barrage","Rebound"],"picked":"Auto Shields","floor":1},{"not_picked":["Leap","Streamline"],"picked":"Gash","floor":5},{"not_picked":["Heatsinks","Scrape"],"picked":"White Noise","floor":6},{"not_picked":["Hologram","Rebound"],"picked":"Storm","floor":7},{"not_picked":["Turbo+1","Aggregate+1"],"picked":"Steam+1","floor":10},{"not_picked":["Scrape","Sweeping Beam"],"picked":"Conserve Battery+1","floor":12},{"not_picked":["Go for the Eyes","Scrape"],"picked":"Stack+1","floor":13},{"not_picked":["Thunder Strike","Reboot+1"],"picked":"Machine Learning","floor":16},{"not_picked":["Aggregate+1","Compile Driver+1"],"picked":"Leap+1","floor":18},{"not_picked":["Redo+1","Recycle+1"],"picked":"Conserve Battery+1","floor":19}],"player_experience":267322,"relics_obtained":[{"floor":6,"key":"Thread and Needle"},{"floor":9,"key":"Toxic Egg 2"},{"floor":10,"key":"Old Coin"},{"floor":13,"key":"Tiny Chest"},{"floor":17,"key":"Ancient Tea Set"},{"floor":17,"key":"Molten Egg 2"},{"floor":17,"key":"Sundial"}],"event_choices":[{"event_name":"Living Wall","player_choice":"Change","floor":2,"damage_taken":0},{"event_name":"Shining Light","player_choice":"Entered Light","floor":3,"damage_taken":0},{"event_name":"Golden Idol","player_choice":"Take Damage","floor":4,"damage_taken":0},{"event_name":"Wheel of Change","player_choice":"Curse","floor":14,"damage_taken":0}],"is_beta":false,"boss_relics":[{"not_picked":["White Beast Statue","Nuclear Battery"],"picked":"Calling Bell"}],"items_purged_floors":[20],"is_endless":false,"potions_floor_spawned":[6,7,12,13,19],"killed_by":"Centurion and Healer","ascension_level":1}