{"gold_per_floor":[115,133,144,144,157,157,157,188,188,188,198,215,12,46,46,46],"floor_reached":16,"playtime":1037,"items_purged":["Strike_R"],"score":224,"play_id":"3a8586b8-e203-44e0-8e05-4c58e0bd2d1a","local_time":"20190820000601","is_ascension_mode":true,"campfire_choices":[{"data":"Shockwave","floor":6,"key":"SMITH"},{"floor":10,"key":"REST"},{"data":"Strike_R","floor":15,"key":"PURGE"}],"neow_cost":"NONE","seed_source_timestamp":108420191099300,"circlet_count":0,"master_deck":["AscendersBane","Strike_R","Strike_R","Defend_R","Defend_R","Defend_R","Defend_R","Bash","Cleave","Armaments","Flame Barrier","Shockwave+1","Flame Barrier","Cleave","Pommel Strike","Feel No Pain","Shrug It Off"],"relics":["Burning Blood","Gremlin Horn","Peace Pipe","Thread and Needle"],"potions_floor_usage":[14,16],"damage_taken":[{"damage":9,"enemies":"Jaw Worm","floor":1,"turns":5},{"damage":7,"enemies":"Cultist","floor":2,"turns":4},{"damage":7,"enemies":"Small Slimes","floor":3,"turns":4},{"damage":20,"enemies":"Gremlin Gang","floor":5,"turns":4},{"damage":39,"enemies":"3 Sentries","floor":8,"turns":8},{"damage":9,"enemies":"Looter","floor":11,"turns":4},{"damage":1,"enemies":"Blue Slaver","floor":12,"turns":8},{"damage":29,"enemies":"Gremlin Nob","floor":14,"turns":4},{"damage":42,"enemies":"The Guardian","floor":16,"turns":15}],"seed_played":"-1177331127437307324","potions_obtained":[{"floor":2,"key":"SpeedPotion"},{"floor":11,"key":"Strength Potion"}],"is_trial":false,"path_per_floor":["M","M","M","?","M","R","?","E","T","R","M","M","$","E","R","B"],"character_chosen":"IRONCLAD","items_purchased":["Feel No Pain","Shrug It Off"],"campfire_rested":1,"item_purchase_floors":[13,13],"current_hp_per_floor":[72,71,70,75,61,61,61,28,28,54,51,56,56,33,33,0],"gold":46,"neow_bonus":"TEN_PERCENT_HP_BONUS","is_prod":false,"is_daily":false,"chose_seed":false,"campfire_upgraded":1,"win_rate":0,"timestamp":1566252361,"path_taken":["M","M","M","?","M","R","?","E","T","R","?","M","$","E","R","BOSS"],"build_version":"2019-07-17","purchased_purges":1,"victory":false,"max_hp_per_floor":[82,82,82,87,87,87,87,87,87,87,87,87,87,87,87,87],"card_choices":[{"not_picked":["Dropkick","Wild Strike"],"picked":"Cleave","floor":1},{"not_picked":["Heavy Blade","Headbutt"],"picked":"Armaments","floor":2},{"not_picked":["Havoc","Cleave"],"picked":"Flame Barrier","floor":3},{"not_picked":["Power Through","Demon Form"],"picked":"Shockwave","floor":5},{"not_picked":["Corruption","Clash"],"picked":"Flame Barrier","floor":8},{"not_picked":["Twin Strike","Fire Breathing"],"picked":"Cleave","floor":11},{"not_picked":["Blood for Blood","Anger"],"picked":"Pommel Strike","floor":12},{"not_picked":["Anger","Headbutt","Flex"],"picked":"SKIP","floor":14}],"player_experience":1541402,"relics_obtained":[{"floor":8,"key":"Gremlin Horn"},{"floor":9,"key":"Peace Pipe"},{"floor":14,"key":"Thread and Needle"}],"event_choices":[{"damage_healed":0,"gold_gain":0,"player_choice":"Donut","damage_taken":0,"max_hp_gain":5,"max_hp_loss":0,"event_name":"Big Fish","floor":4,"gold_loss":0},{"cards_removed":["Strike_R"],"damage_healed":0,"gold_gain":0,"player_choice":"Offered Basic","damage_taken":0,"max_hp_gain":0,"max_hp_loss":0,"event_name":"Bonfire Elementals","floor":7,"gold_loss":0}],"is_beta":false,"boss_relics":[],"items_purged_floors":[13],"is_endless":false,"potions_floor_spawned":[2,11],"killed_by":"The Guardian","ascension_level":20}