{"gold_per_floor":[360,379,392,419,432,432,457,467,494,118,118,148,12,29,29,29],"floor_reached":16,"playtime":811,"items_purged":["Strike_G","Strike_G"],"score":253,"play_id":"a1533cfd-53b2-4426-aa60-baf6c5d275e0","local_time":"20190730145002","is_ascension_mode":true,"campfire_choices":[{"data":"Neutralize","floor":6.0,"key":"SMITH"},{"data":"Outmaneuver","floor":11.0,"key":"SMITH"},{"floor":15.0,"key":"REST"}],"neow_cost":"TEN_PERCENT_HP_LOSS","seed_source_timestamp":541138484082510,"circlet_count":0,"master_deck":["AscendersBane","Strike_G+1","Strike_G","Strike_G","Defend_G","Defend_G","Defend_G","Defend_G","Defend_G","Survivor","Neutralize+1","All Out Attack","Tactician","Dagger Spray+1","Flying Knee","Masterful Stab","Caltrops+1","Outmaneuver+1","Dash","Concentrate","Escape Plan","Footwork+1"],"special_seed":0,"relics":["Ring of the Snake","PreservedInsect","Frozen Egg 2","Orichalcum","Whetstone","Ancient Tea Set"],"potions_floor_usage":[],"damage_taken":[{"damage":8.0,"enemies":"Cultist","floor":1.0,"turns":5.0},{"damage":11.0,"enemies":"Jaw Worm","floor":2.0,"turns":6.0},{"damage":8.0,"enemies":"Small Slimes","floor":3.0,"turns":3.0},{"damage":0.0,"enemies":"Gremlin Gang","floor":5.0,"turns":3.0},{"damage":0.0,"enemies":"Gremlin Nob","floor":7.0,"turns":2.0},{"damage":4.0,"enemies":"Blue Slaver","floor":8.0,"turns":4.0},{"damage":15.0,"enemies":"Lagavulin","floor":12.0,"turns":5.0},{"damage":0.0,"enemies":"Large Slime","floor":14.0,"turns":4.0},{"damage":35,"enemies":"Slime Boss","floor":16,"turns":8}],"seed_played":"-3157755455194999662","potions_obtained":[{"floor":2.0,"key":"SteroidPotion"},{"floor":3.0,"key":"LiquidBronze"},{"floor":7.0,"key":"Ancient Potion"}],"is_trial":false,"path_per_floor":["M","M","M","T","M","R","E","M","T","$","R","E","$","M","R","B"],"character_chosen":"THE_SILENT","items_purchased":["Whetstone","Outmaneuver","Dash","Escape Plan"],"campfire_rested":1,"item_purchase_floors":[10,10,10,13],"current_hp_per_floor":[51,40,32,32,32,32,32,28,28,28,28,13,13,13,31,0],"gold":29,"neow_bonus":"TWO_FIFTY_GOLD","is_prod":false,"is_daily":false,"chose_seed":false,"campfire_upgraded":2,"win_rate":0,"timestamp":1564523402,"path_taken":["M","M","M","?","M","R","E","M","T","$","R","E","$","M","R","BOSS"],"build_version":"2019-07-17","purchased_purges":2,"victory":false,"max_hp_per_floor":[60,60,60,60,60,60,60,60,60,60,60,60,60,60,60,60],"card_choices":[{"not_picked":["Quick Slash","Masterful Stab"],"picked":"All Out Attack","floor":1.0},{"not_picked":["Terror","PiercingWail"],"picked":"Tactician","floor":2.0},{"not_picked":["Dodge and Roll","Skewer"],"picked":"Dagger Spray","floor":3.0},{"not_picked":["Dagger Spray","Heel Hook"],"picked":"Flying Knee","floor":5.0},{"not_picked":["Calculated Gamble","Setup"],"picked":"Masterful Stab","floor":7.0},{"not_picked":["Leg Sweep","Skewer"],"picked":"Caltrops+1","floor":8.0},{"not_picked":["Storm of Steel","Bane"],"picked":"Concentrate","floor":12.0},{"not_picked":["Outmaneuver","Poisoned Stab"],"picked":"Footwork+1","floor":14.0}],"player_experience":561419,"relics_obtained":[{"floor":4.0,"key":"PreservedInsect"},{"floor":7.0,"key":"Frozen Egg 2"},{"floor":9.0,"key":"Orichalcum"},{"floor":12.0,"key":"Ancient Tea Set"}],"event_choices":[],"is_beta":false,"boss_relics":[],"items_purged_floors":[10,13],"is_endless":false,"potions_floor_spawned":[2,3,7,12,14],"killed_by":"Slime Boss","ascension_level":17}