{"gold_per_floor":[115,115,115,139,152,152,152,152,177,177,193,224,23,42,42,136,136,136,136,61,61,20,20],"floor_reached":23,"playtime":1238,"items_purged":["Strike_G"],"score":358,"play_id":"cefb9861-eaf1-4667-9a68-c9c42dfef961","local_time":"20190812084838","is_ascension_mode":true,"campfire_choices":[{"data":"Storm of Steel","floor":6.0,"key":"SMITH"},{"data":"Cloak And Dagger","floor":8.0,"key":"SMITH"},{"data":"PiercingWail","floor":10.0,"key":"SMITH"},{"floor":15.0,"key":"REST"}],"neow_cost":"TEN_PERCENT_HP_LOSS","seed_source_timestamp":0,"circlet_count":0,"master_deck":["AscendersBane","Strike_G","Strike_G","Strike_G","Defend_G","Defend_G","Defend_G+1","Defend_G","Defend_G","Survivor","Neutralize+1","Storm of Steel+1","Cloak And Dagger+1","PiercingWail+1","Blur","Cloak And Dagger","Endless Agony","Accuracy","Leg Sweep","Crippling Poison","After Image","Cloak And Dagger","Infinite Blades","Dash"],"special_seed":0,"relics":["Ring of the Snake","Golden Idol","Happy Flower","Odd Mushroom","Ectoplasm","MutagenicStrength"],"potions_floor_usage":[23],"damage_taken":[{"damage":4.0,"enemies":"2 Louse","floor":1.0,"turns":3.0},{"damage":1.0,"enemies":"Small Slimes","floor":4.0,"turns":4.0},{"damage":0.0,"enemies":"Jaw Worm","floor":5.0,"turns":5.0},{"damage":3.0,"enemies":"Blue Slaver","floor":11.0,"turns":7.0},{"damage":12.0,"enemies":"The Mushroom Lair","floor":12.0,"turns":5.0},{"damage":2.0,"enemies":"3 Louse","floor":14.0,"turns":3.0},{"damage":39.0,"enemies":"Slime Boss","floor":16.0,"turns":10.0},{"damage":3.0,"enemies":"Shell Parasite","floor":18.0,"turns":6.0},{"damage":16.0,"enemies":"Spheric Guardian","floor":21.0,"turns":6.0},{"damage":37,"enemies":"Gremlin Leader","floor":23,"turns":5}],"seed_played":"-8748700989837164997","potions_obtained":[{"floor":11.0,"key":"Explosive Potion"},{"floor":12.0,"key":"Explosive Potion"},{"floor":16.0,"key":"Weak Potion"},{"floor":18.0,"key":"Strength Potion"}],"is_trial":false,"path_per_floor":["M","?","?","M","M","R","?","R","T","R","M","?","$","M","R","B",null,"M","?","?","M","$","E"],"character_chosen":"THE_SILENT","items_purchased":["Accuracy","Leg Sweep","Dash"],"campfire_rested":1,"item_purchase_floors":[13,13,22],"current_hp_per_floor":[55,54,59,58,58,58,40,40,40,40,37,25,25,23,40,1,45,42,42,42,26,26,0],"gold":20,"neow_bonus":"THREE_RARE_CARDS","is_prod":false,"is_daily":false,"chose_seed":false,"campfire_upgraded":3,"win_rate":0,"timestamp":1565624918,"path_taken":["M","?","?","M","M","R","?","R","T","R","M","?","$","?","R","BOSS","M","?","?","M","$","E"],"build_version":"2019-07-17","purchased_purges":1,"victory":false,"max_hp_per_floor":[60,54,59,59,59,59,59,59,59,59,59,59,59,59,59,59,59,59,59,59,59,59,59],"card_choices":[{"not_picked":["Doppelganger","Venomology"],"picked":"Storm of Steel","floor":0.0},{"not_picked":["Quick Slash","Endless Agony"],"picked":"Cloak And Dagger","floor":1.0},{"not_picked":["Backstab","Outmaneuver"],"picked":"PiercingWail","floor":4.0},{"not_picked":["All Out Attack","Crippling Poison"],"picked":"Blur","floor":5.0},{"not_picked":["Poisoned Stab","Flying Knee"],"picked":"Cloak And Dagger","floor":11.0},{"not_picked":["Dagger Throw","Doppelganger"],"picked":"Endless Agony","floor":12.0},{"not_picked":["Poisoned Stab","Prepared"],"picked":"Crippling Poison","floor":14.0},{"not_picked":["Storm of Steel","Grand Finale"],"picked":"After Image","floor":16.0},{"not_picked":["Deflect+1","Outmaneuver"],"picked":"Cloak And Dagger","floor":18.0},{"not_picked":["Bane+1","Flechettes"],"picked":"Infinite Blades","floor":21.0}],"player_experience":676192,"relics_obtained":[{"floor":9.0,"key":"Happy Flower"},{"floor":12.0,"key":"Odd Mushroom"}],"event_choices":[{"damage_healed":0.0,"max_hp_gain":0.0,"max_hp_loss":6.0,"gold_gain":0.0,"event_name":"Golden Idol","player_choice":"Lose Max HP","floor":2.0,"gold_loss":0.0,"damage_taken":0.0,"relics_obtained":["Golden Idol"]},{"damage_healed":0.0,"max_hp_gain":5.0,"max_hp_loss":0.0,"gold_gain":0.0,"event_name":"Big Fish","player_choice":"Donut","floor":3.0,"gold_loss":0.0,"damage_taken":0.0},{"damage_healed":0.0,"max_hp_gain":0.0,"max_hp_loss":0.0,"gold_gain":0.0,"event_name":"Shining Light","player_choice":"Entered Light","floor":7.0,"gold_loss":0.0,"damage_taken":18.0,"cards_upgraded":["Defend_G","Neutralize"]},{"damage_healed":0.0,"max_hp_gain":0.0,"max_hp_loss":0.0,"gold_gain":0.0,"event_name":"Mushrooms","player_choice":"Fought Mushrooms","floor":12.0,"gold_loss":0.0,"damage_taken":0.0},{"damage_healed":0.0,"max_hp_gain":0.0,"max_hp_loss":0.0,"gold_gain":0.0,"event_name":"Drug Dealer","player_choice":"Inject Mutagens","floor":19.0,"gold_loss":0.0,"damage_taken":0.0,"relics_obtained":["MutagenicStrength"]},{"cards_removed":["Strike_G"],"damage_healed":0.0,"max_hp_gain":0.0,"max_hp_loss":0.0,"gold_gain":0.0,"event_name":"Beggar","player_choice":"Gave Gold","floor":20.0,"gold_loss":75.0,"damage_taken":0.0}],"is_beta":false,"boss_relics":[{"not_picked":["White Beast Statue","Fusion Hammer"],"picked":"Ectoplasm"}],"items_purged_floors":[13],"is_endless":false,"potions_floor_spawned":[11,12,16,18],"killed_by":"Gremlin Leader","ascension_level":20}