{"gold_per_floor":[110,110,110,110,129,160,46,46,95,108,124,168,183,207,207,305,305,321,336,226,62,81,114,114,39,39,79,105,117,150,205,217,328,340,367,443,470,359,9,9,9,44,70,95,114,114,138,154,154,154],"floor_reached":50,"playtime":4496,"items_purged":["Strike_R","Strike_R"],"score":1334,"play_id":"acad1d6a-8a81-4fe3-9b3d-c9f323fdf853","local_time":"20190819140822","is_ascension_mode":true,"campfire_choices":[{"data":"Whirlwind","floor":8,"key":"SMITH"},{"data":"Disarm","floor":15,"key":"SMITH"},{"data":"Evolve","floor":24,"key":"SMITH"},{"data":"Shockwave","floor":32,"key":"SMITH"},{"floor":40,"key":"REST"},{"data":"Dark Shackles","floor":49,"key":"SMITH"}],"neow_cost":"NONE","seed_source_timestamp":69101356113999,"circlet_count":0,"master_deck":["AscendersBane","Strike_R","Defend_R","Defend_R","Defend_R+1","Defend_R","Bash","Cleave","Double Tap+1","Rage+1","Whirlwind+1","Evolve+1","Immolate","Burning Pact","Disarm+1","Impervious","Iron Wave","Burning Pact","Shockwave+1","Offering","Writhe","Corruption","Battle Trance","Demon Form","Spot Weakness+1","Dual Wield","Shrug It Off","Disarm+1","Armaments+1","Dark Shackles+1","Inflame+1","Sentinel","Disarm","Sword Boomerang","True Grit+1"],"relics":["Burning Blood","NeowsBlessing","Golden Idol","Matryoshka","Bag of Preparation","Red Skull","Bag of Marbles","War Paint","Orichalcum","Mark of Pain","PreservedInsect","Question Card","Potion Belt","MawBank","Lantern","Strawberry","Orrery","WingedGreaves","Mercury Hourglass","Regal Pillow","Pen Nib","Vajra"],"potions_floor_usage":[11,11,36,42,44,44,50,50],"damage_taken":[{"damage":0,"enemies":"Cultist","floor":1,"turns":1},{"damage":0,"enemies":"Small Slimes","floor":5,"turns":1},{"damage":0,"enemies":"Lagavulin","floor":6,"turns":1},{"damage":20,"enemies":"Jaw Worm","floor":10,"turns":6},{"damage":6,"enemies":"Exordium Thugs","floor":11,"turns":2},{"damage":15,"enemies":"3 Sentries","floor":12,"turns":3},{"damage":0,"enemies":"Large Slime","floor":13,"turns":2},{"damage":6,"enemies":"Hexaghost","floor":16,"turns":9},{"damage":0,"enemies":"3 Byrds","floor":18,"turns":3},{"damage":5,"enemies":"Shell Parasite","floor":19,"turns":5},{"damage":0,"enemies":"Snecko","floor":22,"turns":5},{"damage":8,"enemies":"Gremlin Leader","floor":23,"turns":4},{"damage":0,"enemies":"Slavers","floor":27,"turns":4},{"damage":6,"enemies":"Centurion and Healer","floor":28,"turns":1},{"damage":8,"enemies":"Sentry and Sphere","floor":30,"turns":4},{"damage":6,"enemies":"Gremlin Leader","floor":31,"turns":3},{"damage":44,"enemies":"Automaton","floor":33,"turns":12},{"damage":3,"enemies":"Orb Walker","floor":35,"turns":2},{"damage":58,"enemies":"2 Orb Walkers","floor":36,"turns":4},{"damage":22,"enemies":"3 Shapes","floor":37,"turns":4},{"damage":6,"enemies":"Reptomancer","floor":42,"turns":6},{"damage":29,"enemies":"Transient","floor":44,"turns":6},{"damage":5,"enemies":"3 Darklings","floor":45,"turns":3},{"damage":5,"enemies":"Jaw Worm Horde","floor":47,"turns":3},{"damage":6,"enemies":"Maw","floor":48,"turns":7},{"damage":74,"enemies":"Awakened One","floor":50,"turns":14}],"seed_played":"-5151803710544259767","potions_obtained":[{"floor":5,"key":"PowerPotion"},{"floor":6,"key":"Energy Potion"},{"floor":12,"key":"PowerPotion"},{"floor":16,"key":"GamblersBrew"},{"floor":28,"key":"Ancient Potion"},{"floor":30,"key":"Regen Potion"},{"floor":37,"key":"Block Potion"},{"floor":48,"key":"PowerPotion"}],"is_trial":false,"path_per_floor":["M","?","?","?","M","E","$","R","T","M","M","E","M","T","R","B",null,"M","M","?","$","M","E","R","$","T","E","M","?","M","E","R","B",null,"M","?","M","?","$","R","$","E","T","M","M","?","M","M","R","B"],"character_chosen":"IRONCLAD","items_purchased":["Whirlwind","Evolve","PreservedInsect","Dark Shackles","Regal Pillow"],"campfire_rested":1,"item_purchase_floors":[7,7,21,39,39],"current_hp_per_floor":[74,48,41,41,47,53,53,53,53,39,39,30,36,36,36,36,65,71,72,72,72,75,73,73,73,73,75,75,75,73,80,80,42,72,75,23,7,7,7,46,46,61,61,38,39,67,67,67,67,0],"gold":154,"neow_bonus":"THREE_ENEMY_KILL","is_prod":false,"is_daily":false,"chose_seed":false,"campfire_upgraded":5,"win_rate":0,"timestamp":1566216502,"path_taken":["M","?","?","?","M","E","$","R","T","?","M","E","?","?","R","BOSS","M","M","?","$","M","E","R","?","T","E","M","?","M","E","R","BOSS","M","?","M","?","$","R","$","E","T","?","M","?","M","M","R","BOSS"],"build_version":"2019-07-17","purchased_purges":2,"victory":false,"max_hp_per_floor":[75,75,75,75,75,75,75,75,75,75,75,75,75,75,75,75,75,75,75,75,75,75,75,75,75,75,75,75,75,75,82,82,82,82,82,82,82,82,82,82,82,82,82,82,82,67,67,67,67,67],"card_choices":[{"not_picked":["Perfected Strike","Sever Soul"],"picked":"Cleave","floor":1},{"not_picked":["Entrench","Cleave"],"picked":"Rage","floor":5},{"not_picked":["Flex","Second Wind","Corruption"],"picked":"SKIP","floor":6},{"not_picked":["Corruption","Shrug It Off"],"picked":"Immolate","floor":10},{"not_picked":["Thunderclap","Entrench"],"picked":"Burning Pact","floor":11},{"not_picked":["Armaments","Heavy Blade"],"picked":"Disarm","floor":12},{"not_picked":["Corruption","Perfected Strike","Wild Strike"],"picked":"SKIP","floor":13},{"not_picked":["Exhume","Immolate"],"picked":"Impervious","floor":16},{"not_picked":["Flame Barrier","Warcry"],"picked":"Iron Wave","floor":18},{"not_picked":["Cleave","Thunderclap"],"picked":"Burning Pact","floor":19},{"not_picked":["Searing Blow","Wild Strike","Sever Soul"],"picked":"SKIP","floor":22},{"not_picked":["Combust","Body Slam"],"picked":"Shockwave","floor":23},{"not_picked":["Rupture","Whirlwind","True Grit"],"picked":"Offering","floor":27},{"not_picked":["True Grit","Iron Wave","Heavy Blade","Pommel Strike"],"picked":"SKIP","floor":28},{"not_picked":["Reckless Charge","Cleave+1","Clothesline"],"picked":"Corruption","floor":30},{"not_picked":["Burning Pact","Headbutt","Seeing Red"],"picked":"Battle Trance","floor":31},{"not_picked":["Immolate","Juggernaut","Barricade"],"picked":"Demon Form","floor":33},{"not_picked":["Dual Wield","Inflame+1","Pommel Strike+1"],"picked":"Spot Weakness+1","floor":34},{"not_picked":["Anger","Body Slam","Clothesline"],"picked":"Dual Wield","floor":34},{"not_picked":["Thunderclap","Flex","Rage"],"picked":"Shrug It Off","floor":34},{"not_picked":["Sword Boomerang","Wild Strike+1","Burning Pact"],"picked":"Disarm+1","floor":35},{"not_picked":["Immolate","Havoc+1","Fire Breathing"],"picked":"Armaments+1","floor":36},{"not_picked":["Havoc","Pommel Strike","Anger","Body Slam"],"picked":"SKIP","floor":37},{"not_picked":["Thunderclap","Clothesline+1","Shrug It Off"],"picked":"Inflame+1","floor":42},{"not_picked":["Bloodletting","Infernal Blade","Bludgeon"],"picked":"Sentinel","floor":44},{"not_picked":["Warcry","Sword Boomerang","Clothesline"],"picked":"Disarm","floor":45},{"not_picked":["Clash","Flex","Perfected Strike"],"picked":"Sword Boomerang","floor":47},{"not_picked":["Spot Weakness+1","Fire Breathing","Shrug It Off"],"picked":"True Grit+1","floor":48}],"player_experience":1524495,"relics_obtained":[{"floor":6,"key":"Matryoshka"},{"floor":9,"key":"Bag of Preparation"},{"floor":9,"key":"Red Skull"},{"floor":12,"key":"Bag of Marbles"},{"floor":14,"key":"War Paint"},{"floor":14,"key":"Orichalcum"},{"floor":23,"key":"Question Card"},{"floor":26,"key":"Potion Belt"},{"floor":27,"key":"MawBank"},{"floor":31,"key":"Strawberry"},{"floor":36,"key":"WingedGreaves"},{"floor":42,"key":"Pen Nib"},{"floor":43,"key":"Vajra"}],"event_choices":[{"damage_healed":0,"gold_gain":0,"player_choice":"Take Damage","damage_taken":26,"relics_obtained":["Golden Idol"],"max_hp_gain":0,"max_hp_loss":0,"event_name":"Golden Idol","floor":2,"gold_loss":0},{"cards_removed":["Strike_R"],"damage_healed":0,"gold_gain":0,"player_choice":"Card Removal","damage_taken":7,"max_hp_gain":0,"max_hp_loss":0,"event_name":"Golden Wing","floor":3,"gold_loss":0},{"damage_healed":0,"gold_gain":0,"player_choice":"1 cards matched","damage_taken":0,"max_hp_gain":0,"max_hp_loss":0,"event_name":"Match and Keep!","floor":4,"gold_loss":0,"cards_obtained":["Double Tap"]},{"cards_removed":["Strike_R"],"damage_healed":0,"gold_gain":0,"player_choice":"Upgrade and Remove","damage_taken":0,"max_hp_gain":0,"max_hp_loss":0,"event_name":"Designer","floor":20,"gold_loss":110,"cards_upgraded":["Defend_R"]},{"damage_healed":0,"gold_gain":0,"player_choice":"Opened","damage_taken":0,"relics_obtained":["Lantern"],"max_hp_gain":0,"max_hp_loss":0,"event_name":"The Mausoleum","floor":29,"gold_loss":0,"cards_obtained":["Writhe"]},{"damage_healed":0,"gold_gain":0,"player_choice":"Fight","damage_taken":0,"max_hp_gain":0,"max_hp_loss":0,"event_name":"Mysterious Sphere","floor":36,"gold_loss":0},{"damage_healed":0,"gold_gain":0,"player_choice":"Paid Gold","damage_taken":0,"relics_obtained":["Mercury Hourglass"],"max_hp_gain":0,"max_hp_loss":0,"event_name":"WeMeetAgain","floor":38,"gold_loss":123},{"damage_healed":67,"gold_gain":0,"player_choice":"Heal","damage_taken":0,"max_hp_gain":0,"max_hp_loss":15,"event_name":"The Moai Head","floor":46,"gold_loss":0}],"is_beta":false,"boss_relics":[{"not_picked":["Runic Cube","Sozu"],"picked":"Mark of Pain"},{"not_picked":["Runic Pyramid","Black Star"],"picked":"Orrery"}],"items_purged_floors":[25,39],"is_endless":false,"potions_floor_spawned":[5,6,10,12,16,18,23,28,30,33,37,48],"killed_by":"Awakened One","ascension_level":20}