{"gold_per_floor":[112,126,126,44,44,44,73,92,92,92,106,123,123,18,18,116,116,128,128,13,29,42,68,68,86,86,197,209,231,243],"floor_reached":30,"playtime":2632,"items_purged":[],"score":400,"play_id":"a7f46d8e-3a79-4df4-8de8-bb8995e26081","local_time":"20190726153935","is_ascension_mode":true,"campfire_choices":[{"data":"After Image","floor":6.0,"key":"SMITH"},{"data":"Neutralize","floor":10.0,"key":"SMITH"},{"data":"Outmaneuver","floor":13.0,"key":"SMITH"},{"data":"Outmaneuver","floor":15.0,"key":"SMITH"},{"floor":24.0,"key":"REST"},{"floor":28.0,"key":"REST"}],"neow_cost":"PERCENT_DAMAGE","seed_source_timestamp":196501325819546,"circlet_count":0,"master_deck":["AscendersBane","Strike_G","Strike_G","Strike_G","Strike_G","Strike_G","Defend_G","Defend_G","Defend_G","Defend_G","Defend_G","Survivor","Neutralize+1","After Image+1","Acrobatics","Underhanded Strike","Noxious Fumes","Dagger Throw","Blur","Dagger Spray","Blur","Outmaneuver+1","Well Laid Plans","Outmaneuver+1","Phantasmal Killer","Deflect","Caltrops","Prepared","Outmaneuver+1","Underhanded Strike+1","Calculated Gamble","Leg Sweep","Reflex"],"special_seed":0,"relics":["Ring of the Serpent","Bottled Flame","Shuriken","Girya","Matryoshka","MawBank","Question Card"],"potions_floor_usage":[],"damage_taken":[{"damage":0.0,"enemies":"Small Slimes","floor":1.0,"turns":4.0},{"damage":6.0,"enemies":"Cultist","floor":2.0,"turns":7.0},{"damage":17.0,"enemies":"3 Sentries","floor":7.0,"turns":8.0},{"damage":0.0,"enemies":"Jaw Worm","floor":8.0,"turns":5.0},{"damage":1.0,"enemies":"2 Fungi Beasts","floor":11.0,"turns":4.0},{"damage":14.0,"enemies":"3 Louse","floor":12.0,"turns":5.0},{"damage":37.0,"enemies":"Slime Boss","floor":16.0,"turns":11.0},{"damage":2.0,"enemies":"Shell Parasite","floor":18.0,"turns":7.0},{"damage":29.0,"enemies":"2 Thieves","floor":21.0,"turns":5.0},{"damage":9.0,"enemies":"Snake Plant","floor":22.0,"turns":7.0},{"damage":13.0,"enemies":"Gremlin Leader","floor":23.0,"turns":9.0},{"damage":17.0,"enemies":"Sentry and Sphere","floor":25.0,"turns":8.0},{"damage":2.0,"enemies":"Snecko","floor":29.0,"turns":8.0},{"damage":29,"enemies":"Book of Stabbing","floor":30,"turns":5}],"seed_played":"2089440211991076358","potions_obtained":[{"floor":1.0,"key":"Ancient Potion"},{"floor":2.0,"key":"Regen Potion"},{"floor":11.0,"key":"Dexterity Potion"},{"floor":18.0,"key":"GhostInAJar"},{"floor":21.0,"key":"FearPotion"},{"floor":22.0,"key":"Explosive Potion"},{"floor":29.0,"key":"SteroidPotion"}],"is_trial":false,"path_per_floor":["M","M","?","$","?","R","E","M","T","R","M","M","R","$","R","B",null,"M","?","$","M","M","E","R","M","T","?","R","M","E"],"character_chosen":"THE_SILENT","items_purchased":["Noxious Fumes","Dagger Throw","Well Laid Plans","Outmaneuver","Caltrops","Prepared"],"campfire_rested":2,"item_purchase_floors":[4,4,14,14,20,20],"current_hp_per_floor":[45,39,39,39,62,62,60,60,60,60,59,45,45,45,45,8,55,53,53,53,24,15,2,23,6,6,6,27,25,0],"gold":243,"neow_bonus":"THREE_RARE_CARDS","is_prod":false,"is_daily":false,"chose_seed":false,"campfire_upgraded":4,"win_rate":0,"timestamp":1564180775,"path_taken":["M","M","?","$","?","R","E","M","T","R","M","M","R","$","R","BOSS","M","?","$","?","M","E","R","M","T","?","R","M","E"],"build_version":"2019-07-17","purchased_purges":0,"victory":false,"max_hp_per_floor":[70,70,70,70,70,70,70,70,70,70,70,70,70,70,70,70,70,70,70,70,70,70,70,70,70,70,70,70,70,70],"card_choices":[{"not_picked":["Burst","Phantasmal Killer"],"picked":"After Image","floor":0.0},{"not_picked":["Expertise","Underhanded Strike"],"picked":"Acrobatics","floor":1.0},{"not_picked":["Concentrate","Poisoned Stab"],"picked":"Underhanded Strike","floor":2.0},{"not_picked":["Poisoned Stab","Bane"],"picked":"Blur","floor":7.0},{"not_picked":["Poisoned Stab","Heel Hook"],"picked":"Dagger Spray","floor":8.0},{"not_picked":["Expertise","Quick Slash"],"picked":"Blur","floor":11.0},{"not_picked":["Choke","Quick Slash"],"picked":"Outmaneuver","floor":12.0},{"not_picked":["Wraith Form v2","Glass Knife"],"picked":"Phantasmal Killer","floor":16.0},{"not_picked":["Flying Knee","Dagger Throw"],"picked":"Deflect","floor":18.0},{"not_picked":["Doppelganger","Infinite Blades+1"],"picked":"Outmaneuver+1","floor":21.0},{"not_picked":["PiercingWail+1","Heel Hook+1"],"picked":"Underhanded Strike+1","floor":22.0},{"not_picked":["Accuracy","Quick Slash"],"picked":"Calculated Gamble","floor":23.0},{"not_picked":["Acrobatics","Flying Knee"],"picked":"Leg Sweep","floor":25.0},{"not_picked":["Choke","Bane","Setup+1"],"picked":"Reflex","floor":29.0}],"player_experience":513436,"relics_obtained":[{"floor":7.0,"key":"Bottled Flame"},{"floor":9.0,"key":"Shuriken"},{"floor":23.0,"key":"Matryoshka"},{"floor":26.0,"key":"MawBank"},{"floor":26.0,"key":"Question Card"}],"event_choices":[{"damage_healed":0.0,"max_hp_gain":0.0,"max_hp_loss":0.0,"gold_gain":0.0,"event_name":"The Woman in Blue","player_choice":"Bought 0 Potions","floor":3.0,"gold_loss":0.0,"damage_taken":0.0},{"damage_healed":23.0,"max_hp_gain":0.0,"max_hp_loss":0.0,"gold_gain":0.0,"event_name":"Big Fish","player_choice":"Banana","floor":5.0,"gold_loss":0.0,"damage_taken":0.0},{"damage_healed":0.0,"max_hp_gain":0.0,"max_hp_loss":0.0,"gold_gain":0.0,"event_name":"WeMeetAgain","player_choice":"Gave Potion","floor":19.0,"gold_loss":0.0,"damage_taken":0.0,"relics_obtained":["Girya"]},{"damage_healed":0.0,"max_hp_gain":0.0,"max_hp_loss":0.0,"gold_gain":99.0,"event_name":"Nest","player_choice":"Stole From Cult","floor":27.0,"gold_loss":0.0,"damage_taken":0.0}],"is_beta":false,"boss_relics":[{"not_picked":["Coffee Dripper","Runic Dome"],"picked":"Ring of the Serpent"}],"items_purged_floors":[],"is_endless":false,"potions_floor_spawned":[1,2,11,16,18,21,22,29],"killed_by":"Book of Stabbing","ascension_level":12}