{"gold_per_floor":[212,7,7,21,39,73,73,113,113,126,126],"floor_reached":11,"playtime":531,"items_purged":[],"score":91,"play_id":"ce1a15cd-86da-40d3-bffd-f9e0163d857e","local_time":"20190708154121","is_ascension_mode":true,"campfire_choices":[],"neow_cost":"NONE","seed_source_timestamp":536816046643321,"circlet_count":0,"master_deck":["Strike_G","Strike_G","Strike_G","Strike_G","Strike_G","Defend_G","Defend_G","Defend_G","Defend_G","Defend_G","Survivor","Neutralize","Flying Knee","Deflect","Endless Agony","Backflip","Die Die Die","Acrobatics"],"relics":["Ring of the Snake","TwistedFunnel","Golden Idol","Pantograph","Letter Opener","Ornamental Fan"],"potions_floor_usage":[8,8,11,11],"damage_taken":[{"damage":0,"enemies":"Small Slimes","floor":1,"turns":5},{"damage":0,"enemies":"2 Louse","floor":4,"turns":2},{"damage":7,"enemies":"Jaw Worm","floor":5,"turns":4},{"damage":20,"enemies":"Gremlin Nob","floor":6,"turns":5},{"damage":25,"enemies":"Lagavulin","floor":8,"turns":10},{"damage":1,"enemies":"Red Slaver","floor":10,"turns":3},{"damage":7,"enemies":"Gremlin Nob","floor":11,"turns":2}],"seed_played":"-6232090695471869042","potions_obtained":[{"floor":1,"key":"Block Potion"},{"floor":4,"key":"Strength Potion"},{"floor":6,"key":"AttackPotion"},{"floor":8,"key":"GamblersBrew"}],"is_trial":false,"path_per_floor":["M","$","?","M","M","E","?","E","T","M","E"],"character_chosen":"THE_SILENT","items_purchased":["TwistedFunnel"],"campfire_rested":0,"item_purchase_floors":[2],"current_hp_per_floor":[70,70,53,53,46,26,31,6,6,5,0],"gold":126,"neow_bonus":"HUNDRED_GOLD","is_prod":false,"is_daily":false,"chose_seed":false,"campfire_upgraded":0,"win_rate":0,"timestamp":1562625681,"path_taken":["M","$","?","M","M","E","?","E","T","M","E"],"build_version":"2019-07-05","purchased_purges":0,"victory":false,"max_hp_per_floor":[70,70,70,70,70,70,75,75,75,75,75],"card_choices":[{"not_picked":["Leg Sweep","Backflip"],"picked":"Flying Knee","floor":1},{"not_picked":["Flechettes","Dodge and Roll"],"picked":"Deflect","floor":4},{"not_picked":["Prepared","PiercingWail"],"picked":"Endless Agony","floor":5},{"not_picked":["Well Laid Plans","Flechettes"],"picked":"Backflip","floor":6},{"not_picked":["Finisher","All Out Attack"],"picked":"Die Die Die","floor":8},{"not_picked":["Slice","Dagger Throw"],"picked":"Acrobatics","floor":10}],"player_experience":143973,"relics_obtained":[{"floor":6,"key":"Pantograph"},{"floor":8,"key":"Letter Opener"},{"floor":9,"key":"Ornamental Fan"}],"event_choices":[{"damage_healed":0,"gold_gain":0,"player_choice":"Take Damage","damage_taken":17,"relics_obtained":["Golden Idol"],"max_hp_gain":0,"max_hp_loss":0,"event_name":"Golden Idol","floor":3,"gold_loss":0},{"damage_healed":0,"gold_gain":0,"player_choice":"Donut","damage_taken":0,"max_hp_gain":5,"max_hp_loss":0,"event_name":"Big Fish","floor":7,"gold_loss":0}],"is_beta":false,"boss_relics":[],"items_purged_floors":[],"is_endless":false,"potions_floor_spawned":[1,4,6,8],"killed_by":"Gremlin Nob","ascension_level":2}