{"gold_per_floor":[119,129,129,139,139,139,165,165,191,219,219,236,236,311,311,407,407,421,8,8,23,35,67,67,97,97,1,1,16,16,51,51,149,149,162,262,279,293,307,307,342,342,369,402,312,341,341],"floor_reached":47,"playtime":4761,"items_purged":["Strike_G"],"score":805,"play_id":"77d78ff5-be0a-4437-b7ad-589773df5d7d","local_time":"20190715135042","is_ascension_mode":true,"campfire_choices":[{"data":"Outmaneuver","floor":6,"key":"SMITH"},{"floor":8,"key":"REST"},{"data":"Neutralize","floor":11,"key":"SMITH"},{"data":"Bane","floor":13,"key":"SMITH"},{"floor":15,"key":"REST"},{"floor":24,"key":"REST"},{"floor":30,"key":"REST"},{"data":"Adrenaline","floor":32,"key":"SMITH"},{"floor":40,"key":"REST"},{"data":"1","floor":42,"key":"LIFT"}],"neow_cost":"NONE","seed_source_timestamp":255216075224951,"circlet_count":0,"master_deck":["Strike_G","Strike_G","Strike_G+1","Strike_G+1","Defend_G","Defend_G+1","Defend_G","Defend_G","Defend_G","Survivor","Neutralize+1","Flying Knee","Backflip","Noxious Fumes+1","Outmaneuver+1","Flying Knee","Bane+1","Sucker Punch","Adrenaline+1","Poisoned Stab","Footwork","Backflip","Acrobatics+1","Distraction+1","Underhanded Strike","Dodge and Roll+1","Backflip+1","Finesse","All Out Attack","Acrobatics","Corpse Explosion+1","Flying Knee","Flechettes+1","Parasite","Underhanded Strike+1","Blur","Sucker Punch+1","Prepared","Eviscerate+1"],"relics":["Ring of the Snake","CultistMask","Bag of Preparation","Ginger","Sozu","Sling","Bag of Marbles","PreservedInsect","Pear","Nilry\u0027s Codex","The Courier","Runic Pyramid","Girya","Mango","Whetstone","Pen Nib","War Paint"],"potions_floor_usage":[10,23,47],"damage_taken":[{"damage":0,"enemies":"Cultist","floor":1,"turns":4},{"damage":0,"enemies":"Small Slimes","floor":2,"turns":3},{"damage":0,"enemies":"2 Louse","floor":4,"turns":3},{"damage":52,"enemies":"Gremlin Nob","floor":7,"turns":6},{"damage":12,"enemies":"3 Sentries","floor":10,"turns":6},{"damage":5,"enemies":"Blue Slaver","floor":12,"turns":4},{"damage":13,"enemies":"Hexaghost","floor":16,"turns":9},{"damage":2,"enemies":"Chosen","floor":18,"turns":5},{"damage":15,"enemies":"Shell Parasite","floor":21,"turns":5},{"damage":20,"enemies":"Sentry and Sphere","floor":22,"turns":6},{"damage":5,"enemies":"Gremlin Leader","floor":23,"turns":8},{"damage":2,"enemies":"Book of Stabbing","floor":25,"turns":5},{"damage":0,"enemies":"Shelled Parasite and Fungi","floor":29,"turns":5},{"damage":11,"enemies":"Slavers","floor":31,"turns":5},{"damage":6,"enemies":"Champ","floor":33,"turns":11},{"damage":5,"enemies":"3 Shapes","floor":35,"turns":3},{"damage":0,"enemies":"Mind Bloom Boss Battle","floor":36,"turns":7},{"damage":16,"enemies":"3 Darklings","floor":37,"turns":5},{"damage":18,"enemies":"Writhing Mass","floor":38,"turns":6},{"damage":17,"enemies":"Spire Growth","floor":39,"turns":5},{"damage":7,"enemies":"Giant Head","floor":41,"turns":6},{"damage":17,"enemies":"Reptomancer","floor":44,"turns":4},{"damage":0,"enemies":"Giant Head","floor":46,"turns":4},{"damage":28,"enemies":"Jaw Worm Horde","floor":47,"turns":1}],"seed_played":"-955469098352443357","potions_obtained":[{"floor":7,"key":"SkillPotion"},{"floor":10,"key":"Dexterity Potion"},{"floor":12,"key":"Fire Potion"},{"floor":16,"key":"Swift Potion"}],"is_trial":false,"path_per_floor":["M","M","?","M","?","R","E","R","T","E","R","M","R","?","R","B",null,"M","$","?","M","M","E","R","E","T","$","?","M","R","E","R","B",null,"M","?","M","M","M","R","E","R","T","E","?","E","M"],"character_chosen":"THE_SILENT","items_purchased":["Sling","Footwork","Backflip","Finesse"],"campfire_rested":5,"item_purchase_floors":[19,19,19,27],"current_hp_per_floor":[70,70,70,70,70,70,18,39,39,27,27,22,22,11,32,19,57,55,55,55,40,20,15,36,34,44,44,28,28,52,41,41,35,69,64,64,48,30,13,37,44,44,44,27,27,27,0],"gold":341,"neow_bonus":"THREE_CARDS","is_prod":false,"is_daily":false,"chose_seed":false,"campfire_upgraded":4,"win_rate":0,"timestamp":1563223842,"path_taken":["M","M","?","?","?","R","E","R","T","E","R","M","R","?","R","BOSS","M","$","?","M","M","E","R","E","T","$","?","M","R","E","R","BOSS","M","?","M","M","M","R","E","R","T","E","?","E","?"],"build_version":"2019-07-05","purchased_purges":1,"victory":false,"max_hp_per_floor":[70,70,70,70,70,70,70,70,70,70,70,70,70,70,70,70,70,70,70,70,70,70,70,70,70,80,80,80,80,80,80,80,80,80,80,80,80,80,80,80,94,94,94,94,94,94,94],"card_choices":[{"not_picked":["Prepared","Sucker Punch"],"picked":"Flying Knee","floor":0},{"not_picked":["PiercingWail","Setup"],"picked":"Backflip","floor":1},{"not_picked":["Sucker Punch","Flechettes"],"picked":"Noxious Fumes","floor":2},{"not_picked":["Bane","Predator"],"picked":"Outmaneuver","floor":4},{"not_picked":["Infinite Blades","Glass Knife"],"picked":"Flying Knee","floor":7},{"not_picked":["Backflip","Blur"],"picked":"Bane","floor":10},{"not_picked":["Blade Dance","Poisoned Stab"],"picked":"Sucker Punch","floor":12},{"not_picked":["Tools of the Trade","Night Terror"],"picked":"Adrenaline","floor":16},{"not_picked":["Dagger Throw","Dagger Spray"],"picked":"Poisoned Stab","floor":18},{"not_picked":["Cloak And Dagger+1","Bane"],"picked":"Distraction+1","floor":21},{"not_picked":["Sucker Punch","Infinite Blades"],"picked":"Underhanded Strike","floor":22},{"not_picked":["Phantasmal Killer","Dagger Spray"],"picked":"Dodge and Roll+1","floor":23},{"not_picked":["Finisher+1","Blade Dance"],"picked":"Backflip+1","floor":25},{"not_picked":["Poisoned Stab+1","Dagger Spray"],"picked":"All Out Attack","floor":29},{"not_picked":["Venomology","Deflect"],"picked":"Acrobatics","floor":31},{"not_picked":["Glass Knife","Doppelganger"],"picked":"Corpse Explosion","floor":33},{"not_picked":["Quick Slash+1","Dagger Spray"],"picked":"Well Laid Plans+1","floor":35},{"not_picked":["Well Laid Plans+1","Finisher+1"],"picked":"Flying Knee","floor":36},{"not_picked":["Blade Dance","Slice+1"],"picked":"Flechettes+1","floor":37},{"not_picked":["Dodge and Roll","Riddle With Holes+1"],"picked":"Underhanded Strike+1","floor":38},{"not_picked":["Predator","Blade Dance+1"],"picked":"Blur","floor":39},{"not_picked":["Eviscerate","Bouncing Flask"],"picked":"Sucker Punch+1","floor":41},{"not_picked":["Reflex","Doppelganger"],"picked":"Prepared","floor":44},{"not_picked":["Accuracy+1","Deadly Poison"],"picked":"Eviscerate+1","floor":46}],"player_experience":275360,"relics_obtained":[{"floor":7,"key":"Bag of Preparation"},{"floor":10,"key":"Ginger"},{"floor":23,"key":"Bag of Marbles"},{"floor":25,"key":"PreservedInsect"},{"floor":26,"key":"Pear"},{"floor":28,"key":"Nilry\u0027s Codex"},{"floor":31,"key":"The Courier"},{"floor":36,"key":"Girya"},{"floor":41,"key":"Mango"},{"floor":43,"key":"Whetstone"},{"floor":44,"key":"Pen Nib"},{"floor":46,"key":"War Paint"}],"event_choices":[{"damage_healed":0,"gold_gain":0,"player_choice":"Trade","damage_taken":0,"relics_obtained":["CultistMask"],"max_hp_gain":0,"max_hp_loss":0,"event_name":"FaceTrader","floor":3,"gold_loss":0},{"damage_healed":0,"gold_gain":0,"player_choice":"Grow","damage_taken":0,"max_hp_gain":0,"max_hp_loss":0,"event_name":"Living Wall","floor":5,"gold_loss":0,"cards_upgraded":["Noxious Fumes"]},{"damage_healed":0,"gold_gain":75,"player_choice":"Gather Gold","damage_taken":11,"max_hp_gain":0,"max_hp_loss":0,"event_name":"World of Goop","floor":14,"gold_loss":0},{"damage_healed":0,"gold_gain":0,"player_choice":"Read","damage_taken":0,"max_hp_gain":0,"max_hp_loss":0,"event_name":"The Library","floor":20,"gold_loss":0,"cards_obtained":["Acrobatics"]},{"damage_healed":0,"gold_gain":0,"player_choice":"Obtained Book","damage_taken":16,"max_hp_gain":0,"max_hp_loss":0,"event_name":"Cursed Tome","floor":28,"gold_loss":0},{"damage_healed":0,"gold_gain":0,"player_choice":"Fight","damage_taken":0,"max_hp_gain":0,"max_hp_loss":0,"event_name":"MindBloom","floor":36,"gold_loss":0},{"cards_removed":["Well Laid Plans"],"damage_healed":0,"gold_gain":0,"player_choice":"Upgrade and Remove","damage_taken":0,"max_hp_gain":0,"max_hp_loss":0,"event_name":"Designer","floor":45,"gold_loss":90,"cards_upgraded":["Acrobatics"]}],"is_beta":false,"boss_relics":[{"not_picked":["Cursed Key","Ectoplasm"],"picked":"Sozu"},{"not_picked":["Snecko Eye","Busted Crown"],"picked":"Runic Pyramid"}],"items_purged_floors":[19],"is_endless":false,"potions_floor_spawned":[7,10,12,16,18,22,31,35,36,37],"killed_by":"Jaw Worm Horde","ascension_level":5}