{"gold_per_floor":[115,13,13,13,29,29,57,57,57,57,69,100,0,20,20,116,116],"floor_reached":17,"playtime":1747,"items_purged":["Strike_G"],"score":236,"play_id":"de6240cc-feda-4b4b-a30a-af1aa91b0b74","local_time":"20190718162308","is_ascension_mode":true,"campfire_choices":[{"data":"Tactician","floor":6,"key":"SMITH"},{"data":"Tactician","floor":8,"key":"SMITH"},{"data":"Acrobatics","floor":10,"key":"SMITH"},{"data":"Calculated Gamble","floor":15,"key":"SMITH"}],"neow_cost":"NONE","seed_source_timestamp":526574284032587,"circlet_count":0,"master_deck":["Strike_G","Strike_G","Strike_G","Strike_G","Defend_G","Defend_G","Defend_G","Defend_G","Defend_G","Survivor","Neutralize","Tactician+1","Dagger Throw","Footwork","Acrobatics+1","Tactician+1","Calculated Gamble+1","Backflip","Underhanded Strike","Dagger Throw","After Image"],"relics":["Ring of the Snake","Question Card","Sundial","Unceasing Top","Incense Burner","Ectoplasm"],"potions_floor_usage":[7,14,16],"damage_taken":[{"damage":0,"enemies":"2 Louse","floor":1,"turns":5},{"damage":1,"enemies":"Jaw Worm","floor":5,"turns":5},{"damage":18,"enemies":"Gremlin Nob","floor":7,"turns":5},{"damage":0,"enemies":"Small Slimes","floor":11,"turns":5},{"damage":12,"enemies":"Lagavulin","floor":12,"turns":10},{"damage":6,"enemies":"Gremlin Gang","floor":14,"turns":5},{"damage":25,"enemies":"Slime Boss","floor":16,"turns":9}],"seed_played":"7495598404897294572","potions_obtained":[{"floor":1,"key":"SteroidPotion"},{"floor":7,"key":"Fire Potion"},{"floor":11,"key":"GamblersBrew"}],"is_trial":false,"path_per_floor":["M","$","?","T","M","R","E","R","T","R","M","E","$","M","R","B",null],"character_chosen":"THE_SILENT","items_purchased":["Dagger Throw","Footwork","Underhanded Strike"],"campfire_rested":0,"item_purchase_floors":[2,2,13],"current_hp_per_floor":[70,70,70,70,69,69,51,51,51,51,51,39,39,33,33,8,60],"gold":116,"neow_bonus":"TEN_PERCENT_HP_BONUS","is_prod":false,"is_daily":false,"chose_seed":false,"campfire_upgraded":4,"win_rate":0,"timestamp":1563492188,"path_taken":["M","$","?","?","M","R","E","R","T","R","M","E","$","M","R","BOSS"],"build_version":"2019-07-17","purchased_purges":1,"victory":false,"max_hp_per_floor":[77,77,77,77,77,77,77,77,77,77,77,77,77,77,77,77,77],"card_choices":[{"not_picked":["Infinite Blades","Dagger Throw"],"picked":"Tactician","floor":1},{"not_picked":["Outmaneuver","Eviscerate","Catalyst"],"picked":"Acrobatics","floor":5},{"not_picked":["Outmaneuver","Quick Slash","Backflip"],"picked":"Tactician","floor":7},{"not_picked":["Masterful Stab","Riddle With Holes","Cloak And Dagger"],"picked":"Calculated Gamble","floor":11},{"not_picked":["Blade Dance","Deadly Poison","Finisher"],"picked":"Backflip","floor":12},{"not_picked":["Finisher","Distraction","Backstab"],"picked":"Dagger Throw","floor":14},{"not_picked":["Malaise","Die Die Die","Burst"],"picked":"After Image","floor":16}],"player_experience":368940,"relics_obtained":[{"floor":4,"key":"Question Card"},{"floor":7,"key":"Sundial"},{"floor":9,"key":"Unceasing Top"},{"floor":12,"key":"Incense Burner"}],"event_choices":[{"damage_healed":0,"gold_gain":0,"player_choice":"Ignored","damage_taken":0,"max_hp_gain":0,"max_hp_loss":0,"event_name":"Liars Game","floor":3,"gold_loss":0}],"is_beta":false,"boss_relics":[{"not_picked":["White Beast Statue","Philosopher\u0027s Stone"],"picked":"Ectoplasm"}],"items_purged_floors":[13],"is_endless":false,"potions_floor_spawned":[1,7,11],"ascension_level":9}