{"gold_per_floor":[115,115,115,115,126,126,157,157,181,42,73,130,142,158,158,256,256,271,271,9,9,26,53,71,98,123,123,136,69,95,117,129,240,252,280,145,161,43,57,57,76,76,100,100,130,144,144,175,175,175],"floor_reached":51,"playtime":6486,"items_purged":[],"score":809,"play_id":"ec47199f-641b-4794-8eb4-29bebfc127f0","local_time":"20190702142045","is_ascension_mode":true,"campfire_choices":[{"data":"Blade Dance","floor":6,"key":"SMITH"},{"floor":15,"key":"REST"},{"floor":27,"key":"REST"},{"floor":32,"key":"REST"},{"floor":42,"key":"REST"},{"floor":44,"key":"REST"},{"floor":47,"key":"REST"},{"floor":49,"key":"REST"}],"neow_cost":"NONE","seed_source_timestamp":7609168235906,"circlet_count":0,"master_deck":["Strike_G","Strike_G","Strike_G","Strike_G","Strike_G","Defend_G","Defend_G","Defend_G","Defend_G","Defend_G","Survivor","Neutralize+1","Leg Sweep+1","Blade Dance+1","Noxious Fumes","Masterful Stab","Cloak And Dagger","Outmaneuver","Blade Dance","Leg Sweep","Well Laid Plans+1","Flying Knee","Burst","Choke+1","Infinite Blades+1","Blade Dance","Backstab","Heel Hook","Swift Strike","Footwork+1","Backflip+1","Accuracy+1","Acrobatics+1","Reflex+1","Deadly Poison+1","Dodge and Roll+1","Adrenaline+1","Prepared+1","Infinite Blades+1","Deflect+1","PiercingWail+1","Dash+1","Outmaneuver+1","Infinite Blades+1","Infinite Blades+1","Cloak And Dagger+1","Flechettes+1","Adrenaline+1","Underhanded Strike+1"],"relics":["Ring of the Serpent","Bronze Scales","Gambling Chip","Lantern","Bag of Marbles","Frozen Egg 2","Philosopher\u0027s Stone","Toxic Egg 2","Centennial Puzzle","Anchor","Mercury Hourglass","MawBank","Potion Belt","Snake Skull","Smiling Mask","PreservedInsect"],"potions_floor_usage":[16,16,16,21,21,22,25,25,50,50],"damage_taken":[{"damage":3,"enemies":"2 Louse","floor":1,"turns":3},{"damage":0,"enemies":"Jaw Worm","floor":5,"turns":3},{"damage":18,"enemies":"Lagavulin","floor":7,"turns":12},{"damage":13,"enemies":"3 Sentries","floor":11,"turns":6},{"damage":25,"enemies":"Gremlin Nob","floor":12,"turns":4},{"damage":0,"enemies":"Small Slimes","floor":13,"turns":1},{"damage":4,"enemies":"Exordium Thugs","floor":14,"turns":4},{"damage":24,"enemies":"Slime Boss","floor":16,"turns":10},{"damage":4,"enemies":"Chosen","floor":18,"turns":3},{"damage":0,"enemies":"2 Thieves","floor":22,"turns":2},{"damage":17,"enemies":"Book of Stabbing","floor":23,"turns":5},{"damage":23,"enemies":"Centurion and Healer","floor":24,"turns":4},{"damage":22,"enemies":"Slavers","floor":25,"turns":5},{"damage":0,"enemies":"Shelled Parasite and Fungi","floor":28,"turns":5},{"damage":4,"enemies":"Book of Stabbing","floor":30,"turns":3},{"damage":0,"enemies":"Snake Plant","floor":31,"turns":3},{"damage":24,"enemies":"Champ","floor":33,"turns":9},{"damage":1,"enemies":"Orb Walker","floor":35,"turns":2},{"damage":25,"enemies":"3 Shapes","floor":37,"turns":3},{"damage":29,"enemies":"Writhing Mass","floor":39,"turns":5},{"damage":13,"enemies":"Transient","floor":41,"turns":5},{"damage":1,"enemies":"Reptomancer","floor":45,"turns":5},{"damage":55,"enemies":"Sphere and 2 Shapes","floor":46,"turns":5},{"damage":14,"enemies":"Nemesis","floor":48,"turns":5},{"damage":33,"enemies":"Donu and Deca","floor":50,"turns":9}],"seed_played":"-6830600105505528599","potions_obtained":[{"floor":1,"key":"GhostInAJar"},{"floor":7,"key":"Weak Potion"},{"floor":13,"key":"LiquidBronze"},{"floor":14,"key":"FearPotion"},{"floor":21,"key":"AttackPotion"},{"floor":21,"key":"Fruit Juice"},{"floor":21,"key":"Fruit Juice"},{"floor":22,"key":"AttackPotion"},{"floor":23,"key":"GhostInAJar"},{"floor":30,"key":"Strength Potion"},{"floor":35,"key":"SneckoOil"},{"floor":41,"key":"Energy Potion"},{"floor":46,"key":"Fire Potion"},{"floor":48,"key":"Poison Potion"}],"is_trial":false,"path_per_floor":["M","?","?","?","M","R","E","?","T","$","E","?","M","M","R","B",null,"M","?","$","?","M","E","M","E","T","R","M","?","E","M","R","B",null,"M","$","M","$","M","T","M","R","T","R","E","M","R","E","R","B",null],"character_chosen":"THE_SILENT","items_purchased":["Masterful Stab","Cloak And Dagger","Outmaneuver","Blade Dance","Backstab","Heel Hook","Swift Strike","Infinite Blades+1","Deflect+1","PiercingWail+1","Outmaneuver+1","Infinite Blades+1"],"campfire_rested":7,"item_purchase_floors":[10,10,10,20,20,20,20,36,36,36,38,38],"current_hp_per_floor":[67,67,64,64,64,64,46,46,46,46,33,8,8,4,25,1,70,66,66,66,76,76,59,36,14,14,38,38,38,34,34,58,34,80,79,79,54,54,25,25,12,36,36,60,59,4,28,14,38,5],"gold":175,"neow_bonus":"UPGRADE_CARD","is_prod":false,"is_daily":false,"chose_seed":false,"campfire_upgraded":1,"win_rate":0,"timestamp":1562102445,"path_taken":["M","?","?","?","?","R","E","?","T","?","E","?","M","M","R","BOSS","M","?","$","?","M","E","M","E","T","R","?","?","E","M","R","BOSS","M","$","M","$","?","?","M","R","T","R","E","M","R","E","R","BOSS"],"build_version":"2019-07-01","purchased_purges":0,"victory":true,"max_hp_per_floor":[70,70,70,70,70,70,70,70,70,70,70,70,70,70,70,70,70,70,70,70,80,80,80,80,80,80,80,80,80,80,80,80,80,80,80,80,80,80,80,80,80,80,80,80,80,80,80,80,80,80],"card_choices":[{"not_picked":["Deadly Poison","Blur"],"picked":"Leg Sweep","floor":1},{"not_picked":["Dagger Spray","Cloak And Dagger"],"picked":"Blade Dance","floor":5},{"not_picked":["Quick Slash","Acrobatics"],"picked":"Noxious Fumes","floor":7},{"not_picked":["Calculated Gamble","Flechettes"],"picked":"Blade Dance","floor":11},{"not_picked":["Deflect","Deadly Poison"],"picked":"Leg Sweep","floor":12},{"not_picked":["Riddle With Holes","Dagger Spray"],"picked":"Well Laid Plans+1","floor":13},{"not_picked":["Outmaneuver","Tactician"],"picked":"Flying Knee","floor":14},{"not_picked":["Phantasmal Killer","Venomology"],"picked":"Burst","floor":16},{"not_picked":["Concentrate","PiercingWail"],"picked":"Choke+1","floor":18},{"not_picked":["Bouncing Flask","Masterful Stab"],"picked":"Footwork+1","floor":22},{"not_picked":["Poisoned Stab+1","Catalyst+1"],"picked":"Backflip+1","floor":23},{"not_picked":["Prepared+1","Poisoned Stab+1"],"picked":"Accuracy+1","floor":24},{"not_picked":["Deadly Poison+1","Deflect+1"],"picked":"Acrobatics+1","floor":25},{"not_picked":["Doppelganger+1","Prepared+1"],"picked":"Reflex+1","floor":28},{"not_picked":["Well Laid Plans+1","Dagger Spray+1"],"picked":"Deadly Poison+1","floor":30},{"not_picked":["Calculated Gamble+1","Leg Sweep+1"],"picked":"Dodge and Roll+1","floor":31},{"not_picked":["Glass Knife","Venomology+1"],"picked":"Adrenaline+1","floor":33},{"not_picked":["Bane","Quick Slash+1"],"picked":"Prepared+1","floor":35},{"not_picked":["Deflect+1","Sucker Punch"],"picked":"Dash+1","floor":37},{"not_picked":["Footwork+1","Setup+1"],"picked":"Infinite Blades+1","floor":39},{"not_picked":["Poisoned Stab","All Out Attack+1"],"picked":"Cloak And Dagger+1","floor":41},{"not_picked":["Well Laid Plans+1","Sucker Punch+1"],"picked":"Flechettes+1","floor":45},{"not_picked":["Reflex+1","Underhanded Strike+1"],"picked":"Adrenaline+1","floor":46},{"not_picked":["Quick Slash+1","Sucker Punch"],"picked":"Underhanded Strike+1","floor":48}],"player_experience":77434,"relics_obtained":[{"floor":7,"key":"Gambling Chip"},{"floor":9,"key":"Lantern"},{"floor":11,"key":"Bag of Marbles"},{"floor":12,"key":"Frozen Egg 2"},{"floor":23,"key":"Toxic Egg 2"},{"floor":25,"key":"Centennial Puzzle"},{"floor":26,"key":"Anchor"},{"floor":30,"key":"MawBank"},{"floor":40,"key":"Potion Belt"},{"floor":43,"key":"Snake Skull"},{"floor":45,"key":"Smiling Mask"},{"floor":48,"key":"PreservedInsect"}],"event_choices":[{"damage_healed":0,"gold_gain":0,"player_choice":"Grow","damage_taken":0,"max_hp_gain":0,"max_hp_loss":0,"event_name":"Living Wall","floor":2,"gold_loss":0,"cards_upgraded":["Leg Sweep"]},{"damage_healed":0,"gold_gain":0,"player_choice":"Success","damage_taken":3,"relics_obtained":["Bronze Scales"],"max_hp_gain":0,"max_hp_loss":0,"event_name":"Scrap Ooze","floor":3,"gold_loss":0},{"damage_healed":0,"gold_gain":0,"player_choice":"Ignored","damage_taken":0,"max_hp_gain":0,"max_hp_loss":0,"event_name":"Liars Game","floor":4,"gold_loss":0},{"damage_healed":0,"gold_gain":0,"player_choice":"Bought 0 Potions","damage_taken":0,"max_hp_gain":0,"max_hp_loss":0,"event_name":"The Woman in Blue","floor":8,"gold_loss":0},{"damage_healed":0,"gold_gain":30,"player_choice":"Searched \u00272\u0027 times","damage_taken":0,"max_hp_gain":0,"max_hp_loss":0,"event_name":"Dead Adventurer","floor":12,"gold_loss":0},{"damage_healed":0,"gold_gain":0,"player_choice":"Read","damage_taken":0,"max_hp_gain":0,"max_hp_loss":0,"event_name":"The Library","floor":19,"gold_loss":0,"cards_obtained":["Infinite Blades"]},{"damage_healed":0,"gold_gain":0,"player_choice":"Got Potions","damage_taken":0,"max_hp_gain":0,"max_hp_loss":0,"event_name":"Lab","floor":21,"gold_loss":0},{"damage_healed":0,"gold_gain":0,"player_choice":"Paid Gold","damage_taken":0,"relics_obtained":["Mercury Hourglass"],"max_hp_gain":0,"max_hp_loss":0,"event_name":"WeMeetAgain","floor":29,"gold_loss":67}],"is_beta":false,"boss_relics":[{"not_picked":["Cursed Key","Fusion Hammer"],"picked":"Philosopher\u0027s Stone"},{"not_picked":["Lizard Tail","Busted Crown"],"picked":"Ring of the Serpent"}],"items_purged_floors":[],"is_endless":false,"potions_floor_spawned":[1,7,13,14,22,23,30,35,41,46,48],"ascension_level":1}