{"gold_per_floor":[110,41,41,56,68,99,24,59,115,290,290,290,326,349,349,480,480,500,514,514,529,529,573,597,597],"floor_reached":25,"playtime":2117,"items_purged":["Defend_R"],"score":279,"play_id":"2748c369-ff75-4804-8609-0f0840c64ab3","local_time":"20180813132413","is_ascension_mode":true,"campfire_choices":[{"data":"Inflame","floor":15,"key":"SMITH"}],"neow_cost":"PERCENT_DAMAGE","seed_source_timestamp":215054477510729,"circlet_count":0,"master_deck":["Strike_R","Strike_R","Strike_R","Defend_R","Defend_R","Defend_R","Bash","Cleave","Inflame+1","Clash","Armaments+1","Dual Wield","Sever Soul","Doubt","Injury","Corruption","Sentinel","Double Tap","Iron Wave","Spot Weakness+1","RitualDagger","Burning Pact+1","Blood for Blood","Sword Boomerang"],"relics":["Burning Blood","Strawberry","Dream Catcher","Tiny Chest","Golden Idol","Ornamental Fan","Busted Crown","Juzu Bracelet"],"potions_floor_usage":[6,13,18,23],"damage_taken":[{"damage":0,"enemies":"2 Louse","floor":1,"turns":4},{"damage":11,"enemies":"Jaw Worm","floor":4,"turns":3},{"damage":9,"enemies":"Cultist","floor":5,"turns":4},{"damage":13,"enemies":"Lagavulin","floor":6,"turns":6},{"damage":31,"enemies":"3 Sentries","floor":8,"turns":6},{"damage":0,"enemies":"Gremlin Nob","floor":13,"turns":2},{"damage":9,"enemies":"Red Slaver","floor":14,"turns":2},{"damage":30,"enemies":"Slime Boss","floor":16,"turns":7},{"damage":2,"enemies":"Shell Parasite","floor":18,"turns":3},{"damage":6,"enemies":"Chosen","floor":19,"turns":5},{"damage":35,"enemies":"Snake Plant","floor":21,"turns":5},{"damage":21,"enemies":"Gremlin Leader","floor":23,"turns":4},{"damage":28,"enemies":"Centurion and Healer","floor":24,"turns":7},{"damage":21,"enemies":"Snecko","floor":25,"turns":3}],"seed_played":"6514751747475908242","potions_obtained":[{"floor":4,"key":"Ancient Potion"},{"floor":8,"key":"FearPotion"},{"floor":16,"key":"SteroidPotion"},{"floor":21,"key":"PowerPotion"}],"is_trial":false,"path_per_floor":["M","$","?","M","M","E","$","E","T","?","?","?","E","M","R","B",null,"M","M","?","M","?","E","M"],"character_chosen":"IRONCLAD","items_purchased":["Inflame"],"campfire_rested":0,"item_purchase_floors":[2],"current_hp_per_floor":[62,62,62,57,54,54,54,29,29,29,29,29,35,32,32,8,87,87,87,81,52,52,37,15,0],"gold":597,"neow_bonus":"REMOVE_TWO","is_prod":false,"is_daily":false,"chose_seed":false,"campfire_upgraded":1,"win_rate":0,"timestamp":1534159453,"path_taken":["M","$","?","M","?","E","?","E","T","?","?","?","E","?","R","BOSS","M","M","?","M","?","E","M","M"],"build_version":"2018-08-09","purchased_purges":1,"victory":false,"max_hp_per_floor":[80,80,80,80,80,87,87,87,87,87,87,87,87,87,87,87,87,87,87,87,87,87,87,87,87],"card_choices":[{"not_picked":["Warcry","Pummel"],"picked":"Cleave","floor":1},{"not_picked":["Warcry","Heavy Blade"],"picked":"Clash","floor":4},{"not_picked":["Battle Trance","Body Slam"],"picked":"Armaments","floor":5},{"not_picked":["Warcry","Perfected Strike"],"picked":"Dual Wield","floor":6},{"not_picked":["Pommel Strike","Shrug It Off"],"picked":"Sever Soul","floor":8},{"not_picked":["Heavy Blade","Cleave"],"picked":"Corruption","floor":13},{"not_picked":["Iron Wave","Feed"],"picked":"Sentinel","floor":14},{"not_picked":["Juggernaut","Offering"],"picked":"Double Tap","floor":16},{"not_picked":[],"picked":"Iron Wave","floor":18},{"not_picked":[],"picked":"Spot Weakness+1","floor":19},{"not_picked":[],"picked":"Burning Pact+1","floor":21},{"not_picked":["Clothesline"],"picked":"SKIP","floor":23},{"not_picked":[],"picked":"Sword Boomerang","floor":24}],"player_experience":281060,"relics_obtained":[{"floor":6,"key":"Strawberry"},{"floor":8,"key":"Dream Catcher"},{"floor":9,"key":"Tiny Chest"},{"floor":13,"key":"Ornamental Fan"},{"floor":23,"key":"Juzu Bracelet"}],"event_choices":[{"event_name":"The Cleric","player_choice":"Leave","floor":3,"damage_taken":0},{"event_name":"Liars Game","player_choice":"agreed","floor":10,"damage_taken":0},{"event_name":"Golden Idol","player_choice":"Take Wound","floor":11,"damage_taken":0},{"event_name":"Upgrade Shrine","player_choice":"Upgraded","floor":12,"damage_taken":0},{"event_name":"Nest","player_choice":"Joined the Cult","floor":20,"damage_taken":0},{"event_name":"The Library","player_choice":"Read","floor":22,"damage_taken":0}],"is_beta":false,"boss_relics":[{"not_picked":["Sozu","Runic Dome"],"picked":"Busted Crown"}],"items_purged_floors":[7],"is_endless":false,"potions_floor_spawned":[4,8,16,21],"killed_by":"Snecko","ascension_level":1}