{"gold_per_floor":[109,34,34,34,8,8,46,69,139,139,155,155,179,198,198,198],"floor_reached":16,"playtime":748,"items_purged":[],"score":200,"play_id":"aea02985-cd16-4d7f-820e-f394f5d89152","local_time":"20190802124310","is_ascension_mode":true,"campfire_choices":[{"data":"Dash","floor":6.0,"key":"SMITH"},{"floor":10.0,"key":"REST"},{"floor":15.0,"key":"REST"}],"neow_cost":"NONE","seed_source_timestamp":792778495980338,"circlet_count":0,"master_deck":["AscendersBane","Strike_G","Strike_G","Strike_G","Strike_G","Defend_G","Defend_G","Defend_G","Defend_G","Defend_G","Survivor","Neutralize+1","Dash+1","Dodge and Roll","Well Laid Plans","Outmaneuver","Outmaneuver","Footwork","Crippling Poison"],"special_seed":0,"relics":["Ring of the Snake","Golden Idol","Darkstone Periapt","The Specimen","Dodecahedron","Art of War"],"potions_floor_usage":[16,16],"damage_taken":[{"damage":10.0,"enemies":"Small Slimes","floor":1.0,"turns":6.0},{"damage":48.0,"enemies":"3 Sentries","floor":7.0,"turns":17.0},{"damage":0.0,"enemies":"Jaw Worm","floor":8.0,"turns":5.0},{"damage":0.0,"enemies":"2 Louse","floor":11.0,"turns":2.0},{"damage":0.0,"enemies":"Blue Slaver","floor":13.0,"turns":6.0},{"damage":0.0,"enemies":"Large Slime","floor":14.0,"turns":9.0},{"damage":21,"enemies":"Slime Boss","floor":16,"turns":10}],"seed_played":"-4130057358559526197","potions_obtained":[{"floor":1.0,"key":"Swift Potion"},{"floor":8.0,"key":"Explosive Potion"},{"floor":13.0,"key":"EssenceOfSteel"},{"floor":14.0,"key":"SkillPotion"}],"is_trial":false,"path_per_floor":["M","?","?","T","$","R","E","M","T","R","M","?","M","M","R","B"],"character_chosen":"THE_SILENT","items_purchased":["Dodge and Roll"],"campfire_rested":2,"item_purchase_floors":[5],"current_hp_per_floor":[49,49,49,49,49,49,1,1,1,19,19,1,1,1,19,0],"gold":198,"neow_bonus":"UPGRADE_CARD","is_prod":false,"is_daily":false,"chose_seed":false,"campfire_upgraded":1,"win_rate":0,"timestamp":1564774990,"path_taken":["M","?","?","?","$","R","E","M","T","R","M","?","M","?","R","BOSS"],"build_version":"2019-07-17","purchased_purges":0,"victory":false,"max_hp_per_floor":[66,66,60,60,60,60,60,60,60,60,60,60,60,60,60,60],"card_choices":[{"not_picked":["PiercingWail","Accuracy"],"picked":"Dash","floor":1.0},{"not_picked":["Slice","Dagger Spray"],"picked":"Well Laid Plans","floor":7.0},{"not_picked":["Cloak And Dagger","Quick Slash"],"picked":"Outmaneuver","floor":8.0},{"not_picked":["Dagger Throw","Prepared"],"picked":"Outmaneuver","floor":11.0},{"not_picked":["Outmaneuver","Deadly Poison"],"picked":"Footwork","floor":13.0},{"not_picked":["Quick Slash","Storm of Steel"],"picked":"Crippling Poison","floor":14.0}],"player_experience":627638,"relics_obtained":[{"floor":4.0,"key":"Darkstone Periapt"},{"floor":7.0,"key":"The Specimen"},{"floor":9.0,"key":"Dodecahedron"}],"event_choices":[{"cards_removed":["Strike_G"],"damage_healed":0.0,"max_hp_gain":0.0,"max_hp_loss":0.0,"gold_gain":0.0,"event_name":"The Cleric","player_choice":"Card Removal","floor":2.0,"gold_loss":75.0,"damage_taken":0.0},{"damage_healed":0.0,"max_hp_gain":0.0,"max_hp_loss":6.0,"gold_gain":0.0,"event_name":"Golden Idol","player_choice":"Lose Max HP","floor":3.0,"gold_loss":0.0,"damage_taken":0.0,"relics_obtained":["Golden Idol"]},{"damage_healed":0.0,"max_hp_gain":0.0,"max_hp_loss":0.0,"gold_gain":0.0,"event_name":"Scrap Ooze","player_choice":"Success","floor":12.0,"gold_loss":0.0,"damage_taken":18.0,"relics_obtained":["Art of War"]}],"is_beta":false,"boss_relics":[],"items_purged_floors":[],"is_endless":false,"potions_floor_spawned":[1,8,13,14],"killed_by":"Slime Boss","ascension_level":20}