{"gold_per_floor":[114,126,0,16,16,16,48,48,102,102],"floor_reached":10,"playtime":857,"items_purged":[],"score":125,"play_id":"a19692c2-7132-4f67-8caf-55694e99c4e1","local_time":"20190801150528","is_ascension_mode":true,"campfire_choices":[{"data":"Tactician","floor":6.0,"key":"SMITH"},{"data":"Footwork","floor":8.0,"key":"SMITH"}],"neow_cost":"NONE","seed_source_timestamp":714552799896983,"circlet_count":0,"master_deck":["AscendersBane","Strike_G","Strike_G","Strike_G","Strike_G","Defend_G","Defend_G","Defend_G","Defend_G","Defend_G","Survivor","Neutralize","Footwork","Tactician+1","Footwork+1","Underhanded Strike","Underhanded Strike","Predator"],"special_seed":0,"relics":["Ring of the Snake","NeowsBlessing","Juzu Bracelet","Anchor"],"potions_floor_usage":[10],"damage_taken":[{"damage":0.0,"enemies":"Cultist","floor":1.0,"turns":1.0},{"damage":0.0,"enemies":"2 Louse","floor":2.0,"turns":1.0},{"damage":0.0,"enemies":"Jaw Worm","floor":4.0,"turns":1.0},{"damage":25.0,"enemies":"3 Sentries","floor":7.0,"turns":12.0},{"damage":45,"enemies":"Gremlin Nob","floor":10,"turns":5}],"seed_played":"2633315582800426270","potions_obtained":[{"floor":1.0,"key":"SteroidPotion"},{"floor":2.0,"key":"Explosive Potion"}],"is_trial":false,"path_per_floor":["M","M","$","M","?","R","E","R","T","E"],"character_chosen":"THE_SILENT","items_purchased":["Footwork","Underhanded Strike"],"campfire_rested":0,"item_purchase_floors":[3,3],"current_hp_per_floor":[59,59,59,59,59,59,34,34,34,0],"gold":102,"neow_bonus":"THREE_ENEMY_KILL","is_prod":false,"is_daily":false,"chose_seed":false,"campfire_upgraded":2,"win_rate":0,"timestamp":1564697128,"path_taken":["M","?","$","M","?","R","E","R","T","E"],"build_version":"2019-07-17","purchased_purges":0,"victory":false,"max_hp_per_floor":[66,66,66,66,66,66,66,66,66,66],"card_choices":[{"not_picked":["Bouncing Flask","Prepared"],"picked":"Footwork","floor":1.0},{"not_picked":["Flechettes","Sucker Punch"],"picked":"Tactician","floor":2.0},{"not_picked":["Bane","Choke"],"picked":"Underhanded Strike","floor":4.0},{"not_picked":["Blade Dance","Bouncing Flask"],"picked":"Predator","floor":7.0}],"player_experience":611404,"relics_obtained":[{"floor":7.0,"key":"Juzu Bracelet"},{"floor":9.0,"key":"Anchor"}],"event_choices":[{"cards_removed":["Strike_G"],"damage_healed":0.0,"max_hp_gain":0.0,"max_hp_loss":0.0,"gold_gain":0.0,"event_name":"Bonfire Elementals","player_choice":"Offered Basic","floor":5.0,"gold_loss":0.0,"damage_taken":0.0}],"is_beta":false,"boss_relics":[],"items_purged_floors":[],"is_endless":false,"potions_floor_spawned":[1,2],"killed_by":"Gremlin Nob","ascension_level":18}