{"gold_per_floor":[117,12,12,12,12,12,47,47,74,103,113,124,49,59,59,164,164,178,178,32,7,17,17,348,348,348,348,382,392,392,492,492,588,588,604,20,35,54,73,101,101,132,132,158,158,158,158,171,171,171],"floor_reached":51,"playtime":6961,"items_purged":["Strike_G","Strike_G"],"score":1144,"play_id":"29f0ac0e-323f-4277-9838-ac7a051dd083","local_time":"20190725114405","is_ascension_mode":true,"campfire_choices":[{"data":"Neutralize","floor":6.0,"key":"SMITH"},{"data":"Deadly Poison","floor":8.0,"key":"SMITH"},{"floor":15.0,"key":"REST"},{"data":"Concentrate","floor":23.0,"key":"SMITH"},{"floor":25.0,"key":"REST"},{"data":"Tactician","floor":27.0,"key":"SMITH"},{"floor":30.0,"key":"REST"},{"floor":32.0,"key":"REST"},{"data":"After Image","floor":41,"key":"SMITH"},{"data":"Prepared","floor":45,"key":"SMITH"},{"data":"Well Laid Plans","floor":49,"key":"SMITH"}],"neow_cost":"NONE","seed_source_timestamp":91952048938140,"circlet_count":0,"master_deck":["AscendersBane","Strike_G","Defend_G","Defend_G","Defend_G","Defend_G","Defend_G","Survivor","Neutralize+1","Caltrops+1","Deadly Poison+1","Footwork+1","Backflip","Bane","Prepared+1","Sucker Punch+1","Acrobatics","Tactician+1","Noxious Fumes","Corpse Explosion","Leg Sweep+1","Footwork+1","Bouncing Flask","Acrobatics","Concentrate+1","Calculated Gamble","Eviscerate+1","Leg Sweep+1","Dodge and Roll","After Image+1","Bouncing Flask+1","Well Laid Plans+1","Flying Knee+1","Parasite","Flechettes","Setup+1","Caltrops","Flash of Steel","Escape Plan+1"],"special_seed":0,"relics":["Ring of the Snake","StoneCalendar","Mango","Vajra","Anchor","Empty Cage","Old Coin","Dodecahedron","Bird Faced Urn","Tough Bandages","Gremlin Horn","Busted Crown","Bottled Lightning","Oddly Smooth Stone","Whetstone","Lantern","Du-Vu Doll","Letter Opener"],"potions_floor_usage":[33],"damage_taken":[{"damage":2.0,"enemies":"2 Louse","floor":1.0,"turns":4.0},{"damage":36.0,"enemies":"Gremlin Nob","floor":7.0,"turns":5.0},{"damage":18.0,"enemies":"Lagavulin","floor":10.0,"turns":7.0},{"damage":0.0,"enemies":"Cultist","floor":11.0,"turns":3.0},{"damage":0.0,"enemies":"Small Slimes","floor":12.0,"turns":3.0},{"damage":0.0,"enemies":"Exordium Thugs","floor":14.0,"turns":4.0},{"damage":1.0,"enemies":"The Guardian","floor":16.0,"turns":9.0},{"damage":24.0,"enemies":"Spheric Guardian","floor":18.0,"turns":7.0},{"damage":3.0,"enemies":"Chosen","floor":22.0,"turns":7.0},{"damage":34.0,"enemies":"Gremlin Leader","floor":24.0,"turns":9.0},{"damage":8.0,"enemies":"Slavers","floor":28.0,"turns":6.0},{"damage":11.0,"enemies":"Shelled Parasite and Fungi","floor":29.0,"turns":7.0},{"damage":5.0,"enemies":"Colosseum Slavers","floor":31.0,"turns":7.0},{"damage":25.0,"enemies":"Colosseum Nobs","floor":31.0,"turns":6.0},{"damage":23,"enemies":"Collector","floor":33,"turns":11},{"damage":4,"enemies":"Orb Walker","floor":35,"turns":5},{"damage":0,"enemies":"3 Shapes","floor":37,"turns":5},{"damage":3,"enemies":"Writhing Mass","floor":38,"turns":6},{"damage":4,"enemies":"3 Darklings","floor":39,"turns":5},{"damage":4,"enemies":"Reptomancer","floor":40,"turns":7},{"damage":21,"enemies":"Nemesis","floor":42,"turns":7},{"damage":30,"enemies":"Giant Head","floor":44,"turns":9},{"damage":7,"enemies":"Maw","floor":48,"turns":7},{"damage":46,"enemies":"Time Eater","floor":50,"turns":12}],"seed_played":"-4895741192415408483","potions_obtained":[{"floor":1.0,"key":"Block Potion"},{"floor":12.0,"key":"GhostInAJar"},{"floor":18.0,"key":"Dexterity Potion"},{"floor":22.0,"key":"LiquidBronze"},{"floor":29.0,"key":"SpeedPotion"},{"floor":33,"key":"Regen Potion"},{"floor":39,"key":"Regen Potion"}],"is_trial":false,"path_per_floor":["M","$","?","?","?","R","E","R","T","E","M","M","$","M","R","B",null,"M","?","$","$","M","R","E","R","T","R","E","M","R","?","R","B",null,"M","$","M","M","M","E","R","E","T","E","R","?","?","M","R","B",null],"character_chosen":"THE_SILENT","items_purchased":["Footwork","Backflip","Tactician","Bouncing Flask","Acrobatics","Well Laid Plans","Bottled Lightning","Oddly Smooth Stone"],"campfire_rested":4,"item_purchase_floors":[2,2,13,20,21,36,36,36],"current_hp_per_floor":[61,61,49,49,49,49,27,27,27,9,9,9,9,9,34,33,71,47,47,47,47,44,44,10,35,35,35,27,22,47,27,52,37,72,76,76,84,81,80,80,80,69,69,53,53,53,53,58,58,26],"gold":171,"neow_bonus":"THREE_CARDS","is_prod":false,"is_daily":false,"chose_seed":false,"campfire_upgraded":7,"win_rate":0,"timestamp":1564080245,"path_taken":["M","$","?","?","?","R","E","R","T","E","?","M","$","M","R","BOSS","M","?","?","$","M","R","E","R","T","R","E","M","R","?","R","BOSS","M","$","M","M","M","E","R","E","T","E","R","?","?","M","R","BOSS"],"build_version":"2019-07-17","purchased_purges":2,"victory":true,"max_hp_per_floor":[70,70,70,70,70,70,84,84,84,84,84,84,84,84,84,84,84,84,84,84,84,84,84,84,84,84,84,84,84,84,84,84,84,84,84,84,84,84,84,84,84,84,84,84,84,84,84,84,84,84],"card_choices":[{"not_picked":["Dash","Underhanded Strike"],"picked":"Caltrops","floor":0.0},{"not_picked":["Riddle With Holes","Blade Dance"],"picked":"Deadly Poison","floor":1.0},{"not_picked":["Acrobatics","Tactician"],"picked":"Bane","floor":7.0},{"not_picked":["Night Terror","Backflip"],"picked":"Prepared","floor":10.0},{"not_picked":["Underhanded Strike","Bane"],"picked":"Sucker Punch","floor":11.0},{"not_picked":["Setup","Blade Dance"],"picked":"Acrobatics","floor":12.0},{"not_picked":["Dodge and Roll","Sucker Punch"],"picked":"Noxious Fumes","floor":14.0},{"not_picked":["Storm of Steel","Die Die Die"],"picked":"Corpse Explosion","floor":16.0},{"not_picked":["Bane","Poisoned Stab"],"picked":"Leg Sweep+1","floor":18.0},{"not_picked":["Acrobatics","Blade Dance"],"picked":"Concentrate","floor":22.0},{"not_picked":["Slice+1","Die Die Die"],"picked":"Calculated Gamble","floor":24.0},{"not_picked":["Accuracy","Infinite Blades"],"picked":"Eviscerate","floor":28.0},{"not_picked":["Dash","Accuracy+1"],"picked":"Leg Sweep+1","floor":29.0},{"not_picked":["Bane","Cloak And Dagger"],"picked":"Dodge and Roll","floor":31.0},{"not_picked":["Die Die Die","A Thousand Cuts"],"picked":"After Image","floor":33},{"not_picked":[],"picked":"Bouncing Flask+1","floor":35},{"not_picked":[],"picked":"Flying Knee+1","floor":37},{"not_picked":[],"picked":"Flechettes","floor":38},{"not_picked":[],"picked":"Setup+1","floor":39},{"not_picked":["Die Die Die"],"picked":"SKIP","floor":40},{"not_picked":[],"picked":"Caltrops","floor":42},{"not_picked":["Storm of Steel"],"picked":"SKIP","floor":44},{"not_picked":[],"picked":"Flash of Steel","floor":46},{"not_picked":[],"picked":"Escape Plan+1","floor":48}],"player_experience":475471,"relics_obtained":[{"floor":7.0,"key":"Mango"},{"floor":9.0,"key":"Vajra"},{"floor":10.0,"key":"Anchor"},{"floor":24.0,"key":"Old Coin"},{"floor":26.0,"key":"Dodecahedron"},{"floor":28.0,"key":"Bird Faced Urn"},{"floor":31.0,"key":"Tough Bandages"},{"floor":31.0,"key":"Gremlin Horn"},{"floor":40,"key":"Whetstone"},{"floor":42,"key":"Lantern"},{"floor":43,"key":"Du-Vu Doll"},{"floor":44,"key":"Letter Opener"}],"event_choices":[{"damage_healed":0.0,"max_hp_gain":0.0,"max_hp_loss":0.0,"gold_gain":0.0,"event_name":"Scrap Ooze","player_choice":"Success","floor":3.0,"gold_loss":0.0,"damage_taken":12.0,"relics_obtained":["StoneCalendar"]},{"damage_healed":0.0,"max_hp_gain":0.0,"max_hp_loss":0.0,"gold_gain":0.0,"event_name":"Living Wall","player_choice":"Grow","floor":4.0,"gold_loss":0.0,"damage_taken":0.0,"cards_upgraded":["Footwork"]},{"damage_healed":0.0,"max_hp_gain":0.0,"max_hp_loss":0.0,"gold_gain":0.0,"event_name":"Accursed Blacksmith","player_choice":"Forge","floor":5.0,"gold_loss":0.0,"damage_taken":0.0,"cards_upgraded":["Caltrops"]},{"damage_healed":0.0,"max_hp_gain":0.0,"max_hp_loss":0.0,"gold_gain":0.0,"event_name":"Duplicator","player_choice":"Copied","floor":19.0,"gold_loss":0.0,"damage_taken":0.0,"cards_obtained":["Footwork"]},{"damage_healed":0.0,"max_hp_gain":0.0,"max_hp_loss":0.0,"gold_gain":0.0,"event_name":"Colosseum","player_choice":"Fight","floor":31.0,"gold_loss":0.0,"damage_taken":0.0},{"damage_healed":0.0,"max_hp_gain":0.0,"max_hp_loss":0.0,"gold_gain":0.0,"event_name":"Colosseum","player_choice":"Fought Nobs","floor":31.0,"gold_loss":0.0,"damage_taken":0.0},{"damage_healed":0,"gold_gain":0,"player_choice":"Memory 1","damage_taken":0,"max_hp_gain":0,"max_hp_loss":0,"event_name":"SensoryStone","floor":46,"gold_loss":0},{"damage_healed":0,"gold_gain":0,"player_choice":"Leave","damage_taken":0,"max_hp_gain":0,"max_hp_loss":0,"event_name":"FaceTrader","floor":47,"gold_loss":0}],"is_beta":false,"boss_relics":[{"not_picked":["Calling Bell","Ectoplasm"],"picked":"Empty Cage"},{"not_picked":["WristBlade","Philosopher\u0027s Stone"],"picked":"Busted Crown"}],"items_purged_floors":[20,36],"is_endless":false,"potions_floor_spawned":[1,12,18,22,29,33,39,40,44,48],"ascension_level":10}