{"gold_per_floor":[209,209,225,52,52,77,77,77,77,77,104,124,135,285,285,357,357,374,374,29,29,29,29,56,56,56,56,256,256,78,91,91,91],"floor_reached":33,"playtime":2179,"items_purged":["Recycle"],"score":498,"play_id":"4a946a94-a431-4b98-99e8-3ab30a1c7752","local_time":"20190816191158","is_ascension_mode":true,"campfire_choices":[{"data":"Ball Lightning","floor":7,"key":"SMITH"},{"data":"Strike_B","floor":10,"key":"SMITH"},{"floor":15,"key":"REST"},{"data":"Barrage","floor":23,"key":"SMITH"},{"data":"Leap","floor":27,"key":"SMITH"},{"data":"Beam Cell","floor":29,"key":"SMITH"},{"floor":32,"key":"REST"}],"neow_cost":"NONE","seed_source_timestamp":154677995505100,"circlet_count":0,"master_deck":["AscendersBane","Zap","Dualcast","Ball Lightning+1","BootSequence","Buffer+1","Chaos+1","Barrage+1","Loop+1","Coolheaded","Echo Form+1","Core Surge","Darkness","Beam Cell+1","Reinforced Body","Scrape","BootSequence+1","Leap","Leap+1","Defragment+1","Storm+1","Ball Lightning","Streamline"],"relics":["Cracked Core","Omamori","Frozen Egg 2","Gremlin Horn","WingedGreaves","Art of War","Pandora\u0027s Box","War Paint","Juzu Bracelet","Nilry\u0027s Codex","Strawberry","Sundial"],"potions_floor_usage":[6,13,16,25,33,33,33],"damage_taken":[{"damage":0,"enemies":"Small Slimes","floor":1,"turns":4},{"damage":8,"enemies":"2 Louse","floor":3,"turns":2},{"damage":14,"enemies":"Lagavulin","floor":6,"turns":7},{"damage":33,"enemies":"Gremlin Nob","floor":11,"turns":5},{"damage":0,"enemies":"Cultist","floor":12,"turns":4},{"damage":3,"enemies":"Blue Slaver","floor":13,"turns":4},{"damage":17,"enemies":"Hexaghost","floor":16,"turns":9},{"damage":0,"enemies":"Chosen","floor":18,"turns":4},{"damage":8,"enemies":"2 Thieves","floor":25,"turns":4},{"damage":9,"enemies":"Snake Plant","floor":31,"turns":5},{"damage":49,"enemies":"Automaton","floor":33,"turns":10}],"seed_played":"-8141517457994154296","potions_obtained":[{"floor":1,"key":"Dexterity Potion"},{"floor":6,"key":"SkillPotion"},{"floor":12,"key":"EntropicBrew"},{"floor":13,"key":"SteroidPotion"},{"floor":18,"key":"Block Potion"},{"floor":25,"key":"Strength Potion"}],"is_trial":false,"path_per_floor":["M","?","M","$","?","E","R","?","T","R","E","M","M","?","R","B",null,"M","?","$","?","?","R","T","M","T","R","?","R","$","M","R","B"],"character_chosen":"DEFECT","items_purchased":["Omamori","War Paint","Juzu Bracelet","Leap","Storm+1","Ball Lightning"],"campfire_rested":2,"item_purchase_floors":[4,20,20,20,30,30],"current_hp_per_floor":[64,64,56,56,51,37,37,37,37,37,4,4,1,1,22,5,55,55,55,55,34,34,34,41,33,33,33,33,33,33,24,47,0],"gold":91,"neow_bonus":"HUNDRED_GOLD","is_prod":false,"is_daily":false,"chose_seed":false,"campfire_upgraded":5,"win_rate":0,"timestamp":1565975518,"path_taken":["M","?","M","$","?","E","R","?","T","R","E","M","?","?","R","BOSS","M","?","$","?","?","R","?","M","T","R","?","R","$","M","R","BOSS"],"build_version":"2019-07-17","purchased_purges":1,"victory":false,"max_hp_per_floor":[71,71,71,71,71,71,71,71,71,71,71,71,71,71,71,71,71,71,71,71,71,71,71,78,78,78,78,78,78,78,78,78,78],"card_choices":[{"not_picked":["Double Energy","Stack"],"picked":"Ball Lightning","floor":1},{"not_picked":["Fusion","Stack"],"picked":"BootSequence","floor":3},{"not_picked":["Blizzard","Coolheaded"],"picked":"Buffer+1","floor":6},{"not_picked":["Stack","Force Field"],"picked":"Barrage","floor":11},{"not_picked":["Rebound","Conserve Battery"],"picked":"Loop+1","floor":12},{"not_picked":["Beam Cell","Rebound"],"picked":"Coolheaded","floor":13},{"not_picked":["Electrodynamics+1","Rainbow"],"picked":"Echo Form+1","floor":16},{"not_picked":["Beam Cell","Ball Lightning"],"picked":"Leap","floor":18},{"not_picked":["Ball Lightning","Storm+1"],"picked":"Defragment+1","floor":25},{"not_picked":["Heatsinks+1","Fusion"],"picked":"Streamline","floor":31}],"player_experience":1500977,"relics_obtained":[{"floor":6,"key":"Gremlin Horn"},{"floor":9,"key":"WingedGreaves"},{"floor":11,"key":"Art of War"},{"floor":21,"key":"Nilry\u0027s Codex"},{"floor":24,"key":"Strawberry"},{"floor":26,"key":"Sundial"}],"event_choices":[{"damage_healed":0,"gold_gain":0,"player_choice":"Leave","damage_taken":0,"max_hp_gain":0,"max_hp_loss":0,"event_name":"The Cleric","floor":2,"gold_loss":0},{"damage_healed":0,"gold_gain":0,"player_choice":"Success","damage_taken":5,"relics_obtained":["Frozen Egg 2"],"max_hp_gain":0,"max_hp_loss":0,"event_name":"Scrap Ooze","floor":5,"gold_loss":0},{"damage_healed":0,"gold_gain":0,"cards_transformed":["Strike_B"],"player_choice":"Transformed","damage_taken":0,"max_hp_gain":0,"max_hp_loss":0,"event_name":"Transmorgrifier","floor":8,"gold_loss":0,"cards_obtained":["Chaos"]},{"damage_healed":0,"gold_gain":150,"player_choice":"AGREE","damage_taken":0,"max_hp_gain":0,"max_hp_loss":0,"event_name":"Liars Game","floor":14,"gold_loss":0,"cards_obtained":["Doubt"]},{"damage_healed":0,"gold_gain":0,"player_choice":"Ignored","damage_taken":0,"max_hp_gain":0,"max_hp_loss":0,"event_name":"Vampires","floor":19,"gold_loss":0},{"damage_healed":0,"gold_gain":0,"player_choice":"Obtained Book","damage_taken":21,"max_hp_gain":0,"max_hp_loss":0,"event_name":"Cursed Tome","floor":21,"gold_loss":0},{"damage_healed":0,"gold_gain":0,"player_choice":"Smashed Altar","damage_taken":0,"max_hp_gain":0,"max_hp_loss":0,"event_name":"Forgotten Altar","floor":22,"gold_loss":0,"cards_obtained":["Decay"]},{"damage_healed":0,"gold_gain":200,"player_choice":"Gold","damage_taken":0,"max_hp_gain":0,"max_hp_loss":0,"event_name":"Wheel of Change","floor":28,"gold_loss":0}],"is_beta":false,"boss_relics":[{"not_picked":["Black Star","Philosopher\u0027s Stone"],"picked":"Pandora\u0027s Box"}],"items_purged_floors":[30],"is_endless":false,"potions_floor_spawned":[1,6,12,13,18,25],"killed_by":"Automaton","ascension_level":20}