{"gold_per_floor":[19,194,194,206,206,241,261,261,261,261,174,0,38,53,53,184,184,200,120,45,45,45,45],"floor_reached":23,"playtime":1138,"items_purged":["Strike_B","Strike_B"],"score":239,"play_id":"e427b0cc-ccda-4cfd-a9a8-dc9ac6234e98","local_time":"20180816151649","is_ascension_mode":true,"campfire_choices":[{"floor":8,"key":"REST"},{"floor":10,"key":"REST"},{"data":"Chaos","floor":15,"key":"SMITH"}],"neow_cost":"NO_GOLD","seed_source_timestamp":482004150530365,"circlet_count":0,"master_deck":["Defend_B","Defend_B","Defend_B","Zap","Dualcast","Echo Form","Ball Lightning","Coolheaded","Doom and Gloom","Glacier","Chaos+1","Stack","Rainbow","Conserve Battery+1","Tempest","Bite","Bite","Bite","Bite","Bite"],"relics":["Cracked Core","Spirit Poop","Golden Idol","Cables","Symbiotic Virus","The Courier","Bag of Preparation","Empty Cage"],"potions_floor_usage":[6,18],"damage_taken":[{"damage":17,"enemies":"2 Louse","floor":1,"turns":4},{"damage":0,"enemies":"Small Slimes","floor":4,"turns":3},{"damage":15,"enemies":"3 Sentries","floor":6,"turns":7},{"damage":4,"enemies":"Cultist","floor":7,"turns":3},{"damage":12,"enemies":"Gremlin Nob","floor":13,"turns":5},{"damage":15,"enemies":"2 Fungi Beasts","floor":14,"turns":3},{"damage":20,"enemies":"Hexaghost","floor":16,"turns":9},{"damage":31,"enemies":"3 Byrds","floor":18,"turns":4},{"damage":44,"enemies":"Slavers","floor":23,"turns":2}],"seed_played":"-950202609002242760","potions_obtained":[{"floor":1,"key":"Block Potion"},{"floor":16,"key":"LiquidBronze"}],"is_trial":false,"path_per_floor":["M","?","?","M","?","E","M","R","T","R","?","$","E","M","R","B",null,"M","$","?","?","?"],"character_chosen":"DEFECT","items_purchased":["Blood Vial"],"campfire_rested":2,"item_purchase_floors":[12],"current_hp_per_floor":[58,58,58,58,40,25,21,43,43,65,65,65,55,42,42,24,75,44,44,44,44,44,0],"gold":45,"neow_bonus":"THREE_RARE_CARDS","is_prod":false,"is_daily":false,"chose_seed":false,"campfire_upgraded":1,"win_rate":0,"timestamp":1534425409,"path_taken":["M","?","?","M","?","E","M","R","T","R","?","$","E","?","R","BOSS","M","$","?","?","?","E"],"build_version":"2018-08-09","purchased_purges":2,"victory":false,"max_hp_per_floor":[75,75,75,75,75,75,75,75,75,75,75,75,75,75,75,75,75,75,75,75,75,75,75],"card_choices":[{"not_picked":["Meteor Strike","All For One"],"picked":"Echo Form","floor":0},{"not_picked":["Sweeping Beam","Beam Cell"],"picked":"Ball Lightning","floor":1},{"not_picked":["Beam Cell","Hologram"],"picked":"Coolheaded","floor":4},{"not_picked":["Self Repair","Blizzard"],"picked":"Doom and Gloom","floor":6},{"not_picked":["Steam Power","Recycle"],"picked":"Glacier","floor":7},{"not_picked":["Capacitor","Melter"],"picked":"Chaos","floor":13},{"not_picked":["Reprogram","Steam Power"],"picked":"Stack","floor":14},{"not_picked":["Hyperbeam","Fission"],"picked":"Rainbow","floor":16},{"not_picked":["Streamline","Undo"],"picked":"Conserve Battery+1","floor":18}],"player_experience":331664,"relics_obtained":[{"floor":6,"key":"Cables"},{"floor":9,"key":"Symbiotic Virus"},{"floor":13,"key":"Bag of Preparation"}],"event_choices":[{"event_name":"Liars Game","player_choice":"agreed","floor":2,"damage_taken":0},{"event_name":"Bonfire Elementals","player_choice":"CURSE","floor":3,"damage_taken":0},{"event_name":"Golden Idol","player_choice":"Take Damage","floor":5,"damage_taken":0},{"event_name":"WeMeetAgain","player_choice":"Gold","floor":11,"damage_taken":0},{"event_name":"Beggar","player_choice":"Gave Gold","floor":20,"damage_taken":0},{"event_name":"The Library","player_choice":"Read","floor":21,"damage_taken":0},{"event_name":"Vampires","player_choice":"Became a vampire (Vial)","floor":22,"damage_taken":0}],"is_beta":false,"boss_relics":[{"not_picked":["Orrery","Fusion Hammer"],"picked":"Empty Cage"}],"items_purged_floors":[12,19],"is_endless":false,"potions_floor_spawned":[1,16],"killed_by":"Slavers","ascension_level":2}