{"gold_per_floor":[112,131,142,153,173,173,201,217,217,2,2,13,23,49,49,152,152,172,172,188,188,11,11,37,37,37,62,81,81],"floor_reached":29,"playtime":2289,"items_purged":[],"score":330,"play_id":"22fcfe0d-7132-40cc-abd9-7ae5d1f56db0","local_time":"20190708153218","is_ascension_mode":true,"campfire_choices":[{"data":"Dash","floor":6,"key":"SMITH"},{"data":"Distraction","floor":15,"key":"SMITH"},{"floor":23,"key":"REST"},{"floor":25,"key":"REST"}],"neow_cost":"NONE","seed_source_timestamp":534515284088549,"circlet_count":0,"master_deck":["Survivor","Neutralize","Leg Sweep","Backstab","Dash+1","Flying Knee","Backflip","Accuracy+1","Endless Agony","Dagger Spray","Blur","Distraction+1","Noxious Fumes+1","Envenom+1","Caltrops+1","Bullet Time","Backflip","Dash","Footwork+1","Prepared","Bane","Skewer","Terror","Bouncing Flask","Blade Dance","Writhe","Flying Knee+1","Noxious Fumes+1","Catalyst","Choke+1","Endless Agony+1","Underhanded Strike+1","Infinite Blades+1"],"relics":["Ring of the Snake","Orichalcum","Frozen Egg 2","Mercury Hourglass","Toolbox","Strawberry","Pandora\u0027s Box","Molten Egg 2","Enchiridion","Kunai","Mango","Tingsha"],"potions_floor_usage":[14,18,24,27,28,29],"damage_taken":[{"damage":0,"enemies":"Cultist","floor":1,"turns":4},{"damage":2,"enemies":"2 Louse","floor":2,"turns":5},{"damage":4,"enemies":"Jaw Worm","floor":3,"turns":5},{"damage":3,"enemies":"3 Louse","floor":4,"turns":3},{"damage":0,"enemies":"Large Slime","floor":5,"turns":6},{"damage":3,"enemies":"Gremlin Nob","floor":7,"turns":5},{"damage":0,"enemies":"Looter","floor":8,"turns":2},{"damage":0,"enemies":"Lots of Slimes","floor":12,"turns":2},{"damage":3,"enemies":"Gremlin Gang","floor":13,"turns":2},{"damage":5,"enemies":"Lagavulin","floor":14,"turns":6},{"damage":18,"enemies":"The Guardian","floor":16,"turns":11},{"damage":10,"enemies":"Spheric Guardian","floor":18,"turns":4},{"damage":11,"enemies":"Shell Parasite","floor":20,"turns":4},{"damage":37,"enemies":"Slavers","floor":24,"turns":5},{"damage":6,"enemies":"Book of Stabbing","floor":27,"turns":3},{"damage":15,"enemies":"Cultist and Chosen","floor":28,"turns":5},{"damage":48,"enemies":"Slavers","floor":29,"turns":2}],"seed_played":"8022226162178036417","potions_obtained":[{"floor":2,"key":"PowerPotion"},{"floor":3,"key":"SpeedPotion"},{"floor":5,"key":"Poison Potion"},{"floor":8,"key":"Block Potion"},{"floor":14,"key":"Block Potion"},{"floor":24,"key":"SkillPotion"},{"floor":27,"key":"GamblersBrew"}],"is_trial":false,"path_per_floor":["M","M","M","M","M","R","E","M","T","$","$","M","M","E","R","B",null,"M","?","M","?","$","R","E","R","T","E","M","E"],"character_chosen":"THE_SILENT","items_purchased":["Toolbox","Dagger Spray","Noxious Fumes+1","Catalyst","Choke+1"],"campfire_rested":2,"item_purchase_floors":[10,10,22,22,22],"current_hp_per_floor":[70,68,64,61,61,61,58,58,58,58,58,58,55,57,57,39,77,67,67,56,40,40,63,26,49,63,57,42,0],"gold":81,"neow_bonus":"RANDOM_COMMON_RELIC","is_prod":false,"is_daily":false,"chose_seed":false,"campfire_upgraded":2,"win_rate":0,"timestamp":1562625138,"path_taken":["M","M","M","?","M","R","E","M","T","?","$","M","M","E","R","BOSS","M","?","M","?","$","R","E","R","T","E","M","E"],"build_version":"2019-07-05","purchased_purges":0,"victory":false,"max_hp_per_floor":[70,70,70,70,70,70,70,70,70,70,70,70,70,77,77,77,77,77,77,77,77,77,77,77,77,91,91,91,91],"card_choices":[{"not_picked":["Backflip","Tactician"],"picked":"Leg Sweep","floor":1},{"not_picked":["Dodge and Roll","PiercingWail"],"picked":"Backstab","floor":2},{"not_picked":["Flechettes","Dagger Throw"],"picked":"Dash","floor":3},{"not_picked":["Cloak And Dagger","Deadly Poison"],"picked":"Flying Knee","floor":4},{"not_picked":["Deflect","Acrobatics"],"picked":"Backflip","floor":5},{"not_picked":["Doppelganger","Outmaneuver"],"picked":"Accuracy","floor":7},{"not_picked":["Bane","Bouncing Flask"],"picked":"Endless Agony","floor":8},{"not_picked":["Skewer","Tactician"],"picked":"Blur","floor":12},{"not_picked":["Leg Sweep","Poisoned Stab"],"picked":"Distraction","floor":13},{"not_picked":["Endless Agony","Flying Knee"],"picked":"Noxious Fumes+1","floor":14},{"not_picked":["Night Terror","Malaise"],"picked":"Envenom+1","floor":16},{"not_picked":["Dodge and Roll","Backflip"],"picked":"Blade Dance","floor":18},{"not_picked":["Skewer+1","Flechettes+1"],"picked":"Flying Knee+1","floor":20},{"not_picked":["Bane+1","Tactician"],"picked":"Endless Agony+1","floor":24},{"not_picked":["All Out Attack+1","Blade Dance"],"picked":"Underhanded Strike+1","floor":27},{"not_picked":["After Image+1","Choke+1"],"picked":"Infinite Blades+1","floor":28}],"player_experience":141684,"relics_obtained":[{"floor":7,"key":"Frozen Egg 2"},{"floor":9,"key":"Mercury Hourglass"},{"floor":14,"key":"Strawberry"},{"floor":21,"key":"Enchiridion"},{"floor":24,"key":"Kunai"},{"floor":26,"key":"Mango"},{"floor":27,"key":"Tingsha"}],"event_choices":[{"damage_healed":0,"gold_gain":0,"player_choice":"Opened","damage_taken":0,"relics_obtained":["Molten Egg 2"],"max_hp_gain":0,"max_hp_loss":0,"event_name":"The Mausoleum","floor":19,"gold_loss":0,"cards_obtained":["Writhe"]},{"damage_healed":0,"gold_gain":0,"player_choice":"Obtained Book","damage_taken":16,"max_hp_gain":0,"max_hp_loss":0,"event_name":"Cursed Tome","floor":21,"gold_loss":0}],"is_beta":false,"boss_relics":[{"not_picked":["Runic Dome","Ectoplasm"],"picked":"Pandora\u0027s Box"}],"items_purged_floors":[],"is_endless":false,"potions_floor_spawned":[2,3,5,7,8,12,14,24,27],"killed_by":"Slavers","ascension_level":2}