{"gold_per_floor":[114,114,184,198,213,238,255,255],"floor_reached":8,"playtime":506,"items_purged":[],"score":120,"play_id":"4b45843b-4699-4d0f-bba4-8b20e8d5e83f","local_time":"20190818203502","is_ascension_mode":true,"campfire_choices":[],"neow_cost":"TEN_PERCENT_HP_LOSS","seed_source_timestamp":9884875206000,"circlet_count":0,"master_deck":["AscendersBane","Strike_R","Strike_R","Strike_R","Strike_R","Strike_R","Defend_R","Defend_R","Defend_R","Defend_R","Bash","Flash of Steel","Trip","Flame Barrier","Pommel Strike","Thunderclap","Clothesline","Iron Wave","Pommel Strike"],"relics":["Burning Blood","SsserpentHead","Turnip"],"potions_floor_usage":[6,6,8],"damage_taken":[{"damage":6,"enemies":"2 Louse","floor":1,"turns":3},{"damage":12,"enemies":"Cultist","floor":3,"turns":4},{"damage":7,"enemies":"Small Slimes","floor":4,"turns":4},{"damage":11,"enemies":"Blue Slaver","floor":5,"turns":4},{"damage":17,"enemies":"Gremlin Nob","floor":6,"turns":4},{"damage":8,"enemies":"2 Fungi Beasts","floor":7,"turns":4},{"damage":47,"enemies":"Lagavulin","floor":8,"turns":7}],"seed_played":"5701178002385340647","potions_obtained":[{"floor":1,"key":"Explosive Potion"},{"floor":4,"key":"EssenceOfSteel"},{"floor":6,"key":"PowerPotion"}],"is_trial":false,"path_per_floor":["M","?","M","M","M","E","M","E"],"character_chosen":"IRONCLAD","items_purchased":[],"campfire_rested":0,"item_purchase_floors":[],"current_hp_per_floor":[68,68,62,61,56,45,43,0],"gold":255,"neow_bonus":"RANDOM_COLORLESS_2","is_prod":false,"is_daily":false,"chose_seed":false,"campfire_upgraded":0,"win_rate":0,"timestamp":1566153302,"path_taken":["M","?","?","M","M","E","M","E"],"build_version":"2019-07-17","purchased_purges":0,"victory":false,"max_hp_per_floor":[68,68,68,68,68,68,68,68],"card_choices":[{"not_picked":["Armaments","Shrug It Off"],"picked":"Flame Barrier","floor":1},{"not_picked":["Sever Soul","Clash"],"picked":"Pommel Strike","floor":3},{"not_picked":["Battle Trance","Flex"],"picked":"Thunderclap","floor":4},{"not_picked":["Dark Embrace","Thunderclap"],"picked":"Clothesline","floor":5},{"not_picked":["Second Wind","Twin Strike"],"picked":"Iron Wave","floor":6},{"not_picked":["Anger","Sword Boomerang"],"picked":"Pommel Strike","floor":7}],"player_experience":1516905,"relics_obtained":[{"floor":6,"key":"Turnip"}],"event_choices":[{"damage_healed":0,"gold_gain":0,"player_choice":"Trade","damage_taken":0,"relics_obtained":["SsserpentHead"],"max_hp_gain":0,"max_hp_loss":0,"event_name":"FaceTrader","floor":2,"gold_loss":0}],"is_beta":false,"boss_relics":[],"items_purged_floors":[],"is_endless":false,"potions_floor_spawned":[1,4,6],"killed_by":"Lagavulin","ascension_level":20}