{"gold_per_floor":[109,109,125,138,149,175,175,187,187,199,199],"floor_reached":11,"playtime":475,"items_purged":[],"score":154,"play_id":"eaf014ee-ec43-4809-ae34-91221ed8ef2c","local_time":"20190817001333","is_ascension_mode":true,"campfire_choices":[{"data":"Sweeping Beam","floor":7.0,"key":"SMITH"}],"neow_cost":"NONE","seed_source_timestamp":0,"circlet_count":0,"master_deck":["AscendersBane","Strike_B","Strike_B","Strike_B","Strike_B","Defend_B","Defend_B","Defend_B","Defend_B","Zap","Dualcast","Sweeping Beam+1","Gash","Conserve Battery","Beam Cell","Gash","Beam Cell","Ball Lightning"],"special_seed":0,"relics":["Cracked Core","Juzu Bracelet","Bag of Marbles"],"potions_floor_usage":[10,10,11,11,11],"damage_taken":[{"damage":1.0,"enemies":"Cultist","floor":1.0,"turns":4.0},{"damage":2.0,"enemies":"Jaw Worm","floor":3.0,"turns":3.0},{"damage":6.0,"enemies":"2 Louse","floor":4.0,"turns":2.0},{"damage":0.0,"enemies":"2 Fungi Beasts","floor":5.0,"turns":3.0},{"damage":37.0,"enemies":"Lagavulin","floor":6.0,"turns":7.0},{"damage":12,"enemies":"Exordium Wildlife","floor":8,"turns":3},{"damage":0,"enemies":"Red Slaver","floor":10,"turns":3},{"damage":8,"enemies":"3 Sentries","floor":11,"turns":3}],"seed_played":"4840775344527593320","potions_obtained":[{"floor":0.0,"key":"Fire Potion"},{"floor":0.0,"key":"EntropicBrew"},{"floor":6.0,"key":"EntropicBrew"},{"floor":10,"key":"Energy Potion"}],"is_trial":false,"path_per_floor":["M","?","M","M","M","E","R","M","T","M","E"],"character_chosen":"DEFECT","items_purchased":[],"campfire_rested":0,"item_purchase_floors":[],"current_hp_per_floor":[63,63,61,55,55,18,18,6,6,6,0],"gold":199,"neow_bonus":"THREE_SMALL_POTIONS","is_prod":false,"is_daily":false,"chose_seed":false,"campfire_upgraded":1,"win_rate":0,"timestamp":1565993613,"path_taken":["M","?","?","M","M","E","R","M","T","M","E"],"build_version":"2019-07-17","purchased_purges":0,"victory":false,"max_hp_per_floor":[71,71,71,71,71,71,71,71,71,71,71],"card_choices":[{"not_picked":["Hologram","Beam Cell"],"picked":"Sweeping Beam","floor":1.0},{"not_picked":["Go for the Eyes","Skim"],"picked":"Gash","floor":3.0},{"not_picked":["Capacitor","Hyperbeam"],"picked":"Conserve Battery","floor":4.0},{"not_picked":["Stack","Fusion"],"picked":"Beam Cell","floor":5.0},{"not_picked":["Force Field","Double Energy"],"picked":"Gash","floor":6.0},{"not_picked":["Blizzard","Barrage"],"picked":"Beam Cell","floor":8},{"not_picked":["Lockon","Static Discharge"],"picked":"Ball Lightning","floor":10}],"player_experience":1503156,"relics_obtained":[{"floor":6.0,"key":"Juzu Bracelet"},{"floor":9,"key":"Bag of Marbles"}],"event_choices":[{"damage_healed":0.0,"max_hp_gain":0.0,"max_hp_loss":0.0,"gold_gain":0.0,"event_name":"Lab","player_choice":"Got Potions","floor":2.0,"gold_loss":0.0,"damage_taken":0.0}],"is_beta":false,"boss_relics":[],"items_purged_floors":[],"is_endless":false,"potions_floor_spawned":[3,5,6,8,10],"killed_by":"3 Sentries","ascension_level":20}