{"gold_per_floor":[112,130,144,144,219,219,232,262,562,572,584,597,21,21,21,118,118,138,148,63,78,32,32,58,68,68,68,82,82,82,99,99,99],"floor_reached":33,"playtime":4815,"items_purged":[],"score":271,"play_id":"27dd8577-0f15-4107-8fb3-a59545c8fc7e","local_time":"20180730234103","is_ascension_mode":false,"campfire_choices":[{"floor":6,"key":"REST"},{"floor":15,"key":"REST"},{"floor":23,"key":"REST"},{"floor":27,"key":"REST"},{"floor":29,"key":"REST"},{"floor":32,"key":"REST"}],"neow_cost":"FIFTY_PERCENT_DAMAGE","seed_source_timestamp":127411260938456,"circlet_count":0,"master_deck":["Defend_G","Defend_G","Defend_G","Strike_G","Strike_G","Strike_G","Strike_G+1","Strike_G","Survivor","Neutralize","Dash","Backstab","Noxious Fumes","Predator+1","Flying Knee","Distraction+1","Infinite Blades","Distraction+1","Blur+1","Deadly Poison+1","Flash of Steel","Quick Slash","Venomology+1","Sucker Punch","Slice+1","Infinite Blades+1","PiercingWail+1","Dodge and Roll+1","Backflip+1","Dodge and Roll+1","Outmaneuver+1"],"relics":["Ring of the Snake","Toxic Egg 2","Du-Vu Doll","Old Coin","Frozen Egg 2","Chemical X","WristBlade","Pear","Pen Nib","Whetstone","Nilry\u0027s Codex"],"potions_floor_usage":[8,16,21,21,21,21,28,31,31,33,33,33],"damage_taken":[{"damage":0,"enemies":"2 Louse","floor":1,"turns":2},{"damage":0,"enemies":"Small Slimes","floor":2,"turns":3},{"damage":0,"enemies":"Jaw Worm","floor":3,"turns":3},{"damage":0,"enemies":"Exordium Wildlife","floor":7,"turns":3},{"damage":14,"enemies":"Gremlin Nob","floor":8,"turns":3},{"damage":9,"enemies":"Exordium Thugs","floor":10,"turns":5},{"damage":0,"enemies":"Looter","floor":11,"turns":3},{"damage":0,"enemies":"2 Fungi Beasts","floor":12,"turns":2},{"damage":21,"enemies":"The Guardian","floor":16,"turns":8},{"damage":10,"enemies":"2 Thieves","floor":18,"turns":4},{"damage":9,"enemies":"Shell Parasite","floor":19,"turns":7},{"damage":4,"enemies":"Centurion and Healer","floor":21,"turns":2},{"damage":47,"enemies":"Book of Stabbing","floor":24,"turns":5},{"damage":10,"enemies":"Snake Plant","floor":25,"turns":5},{"damage":18,"enemies":"Slaver and Parasite","floor":28,"turns":5},{"damage":8,"enemies":"Centurion and Healer","floor":31,"turns":3},{"damage":61,"enemies":"Automaton","floor":33,"turns":12}],"seed_played":"-4379253212578156021","potions_obtained":[{"floor":7,"key":"Explosive Potion"},{"floor":10,"key":"EssenceOfSteel"},{"floor":16,"key":"Swift Potion"},{"floor":19,"key":"AttackPotion"},{"floor":21,"key":"AttackPotion"}],"is_trial":false,"path_per_floor":["M","M","M","?","?","R","M","E","T","M","M","M","$","?","R","B",null,"M","M","?","M","$","R","E","M","T","R","M","R","?","M","R"],"character_chosen":"THE_SILENT","items_purchased":["Frozen Egg 2","Chemical X","Flash of Steel","Quick Slash","PiercingWail+1"],"campfire_rested":6,"item_purchase_floors":[13,13,13,13,22],"current_hp_per_floor":[35,35,35,32,21,42,42,28,28,19,19,19,19,19,40,19,70,60,51,61,57,57,80,33,23,23,47,29,53,37,29,53,0],"gold":99,"neow_bonus":"TRANSFORM_TWO_CARDS","is_prod":false,"is_daily":false,"chose_seed":false,"campfire_upgraded":0,"win_rate":0.0,"timestamp":1532986863,"path_taken":["M","M","M","?","?","R","M","E","T","M","?","M","$","?","R","BOSS","M","M","?","M","$","R","E","M","T","R","M","R","?","?","R","BOSS"],"build_version":"2018-07-26","purchased_purges":0,"victory":false,"max_hp_per_floor":[70,70,70,70,70,70,70,70,70,70,70,70,70,70,70,70,70,70,70,80,80,80,80,80,80,80,80,80,80,80,80,80,80],"card_choices":[{"not_picked":["Bane","Dodge and Roll"],"picked":"Noxious Fumes","floor":1},{"not_picked":["Acrobatics","Dodge and Roll"],"picked":"Predator","floor":2},{"not_picked":["Predator","Acrobatics"],"picked":"Flying Knee","floor":3},{"not_picked":["Dodge and Roll+1","Footwork"],"picked":"Distraction+1","floor":7},{"not_picked":["Finisher","Eviscerate"],"picked":"Infinite Blades","floor":8},{"not_picked":["Dagger Throw","Underhanded Strike"],"picked":"Distraction+1","floor":10},{"not_picked":["Well Laid Plans","Noxious Fumes"],"picked":"Blur+1","floor":11},{"not_picked":["A Thousand Cuts","Sucker Punch"],"picked":"Deadly Poison+1","floor":12},{"not_picked":["Unload","A Thousand Cuts+1"],"picked":"Venomology+1","floor":16},{"not_picked":["Distraction+1","Dagger Throw"],"picked":"Sucker Punch","floor":18},{"not_picked":["Dodge and Roll+1","Acrobatics+1"],"picked":"Slice+1","floor":19},{"not_picked":["All Out Attack","Flechettes"],"picked":"Infinite Blades+1","floor":21},{"not_picked":["Predator","Deadly Poison+1"],"picked":"Dodge and Roll+1","floor":24},{"not_picked":["Bane","Flechettes"],"picked":"Backflip+1","floor":25},{"not_picked":["Well Laid Plans+1","Bane"],"picked":"Dodge and Roll+1","floor":28},{"not_picked":["Dagger Throw","Escape Plan+1"],"picked":"Outmaneuver+1","floor":31}],"player_experience":53434,"relics_obtained":[{"floor":8,"key":"Du-Vu Doll"},{"floor":9,"key":"Old Coin"},{"floor":24,"key":"Pen Nib"},{"floor":26,"key":"Whetstone"},{"floor":30,"key":"Nilry\u0027s Codex"}],"event_choices":[{"event_name":"Scrap Ooze","player_choice":"success","floor":4,"damage_taken":3},{"event_name":"World of Goop","player_choice":"Gather Gold","floor":5,"damage_taken":0},{"event_name":"The Cleric","player_choice":"Leave","floor":14,"damage_taken":0},{"event_name":"Addict","player_choice":"Obtained Relic","floor":20,"damage_taken":0},{"event_name":"Cursed Tome","player_choice":"Obtained Book","floor":30,"damage_taken":0}],"is_beta":false,"boss_relics":[{"not_picked":["Tiny House","HoveringKite"],"picked":"WristBlade"}],"items_purged_floors":[],"is_endless":false,"potions_floor_spawned":[7,10,16,19,21,25],"killed_by":"Automaton","ascension_level":0}