{"gold_per_floor":[110,124,143,41,116,116,141,141,141,171,202,233,245,288,300,416,428,460,490,17,17,34,34,64,64,135,162,181,181,181],"floor_reached":30,"playtime":2308,"items_purged":[],"score":445,"play_id":"9af7cbbc-306d-47e3-bbac-76102059dd85","local_time":"20190722084842","is_ascension_mode":true,"campfire_choices":[{"data":"Neutralize","floor":6,"key":"SMITH"},{"floor":8,"key":"REST"},{"data":"Outmaneuver","floor":13,"key":"SMITH"},{"floor":15,"key":"REST"},{"data":"Accuracy","floor":23,"key":"SMITH"},{"data":"Leg Sweep","floor":25,"key":"SMITH"},{"data":"Outmaneuver","floor":29,"key":"SMITH"}],"neow_cost":"NONE","seed_source_timestamp":692446188975,"circlet_count":0,"master_deck":["AscendersBane","Defend_G","Defend_G","Defend_G","Defend_G","Defend_G","Survivor","Neutralize+1","PiercingWail","Dagger Spray","Cloak And Dagger","Blade Dance","Heel Hook","Outmaneuver+1","Prepared","Deadly Poison","Bane","Crippling Poison","Backflip","Glass Knife","Deflect+1","Accuracy+1","Outmaneuver+1","Infinite Blades","Leg Sweep+1","Bite","Bite","Bite","Bite","Bite","Dash+1","Backflip","Blur+1","Flying Knee+1"],"relics":["Ring of the Snake","Bronze Scales","Meat on the Bone","MawBank","Dream Catcher","Sozu","Gambling Chip","Paper Crane","Toxic Egg 2","Pantograph"],"potions_floor_usage":[10,14,14],"damage_taken":[{"damage":0,"enemies":"Cultist","floor":1,"turns":4},{"damage":0,"enemies":"2 Louse","floor":2,"turns":3},{"damage":0,"enemies":"Small Slimes","floor":3,"turns":4},{"damage":33,"enemies":"3 Sentries","floor":7,"turns":7},{"damage":36,"enemies":"Gremlin Gang","floor":10,"turns":5},{"damage":6,"enemies":"3 Louse","floor":11,"turns":2},{"damage":7,"enemies":"Lots of Slimes","floor":12,"turns":3},{"damage":6,"enemies":"Lagavulin","floor":14,"turns":7},{"damage":21,"enemies":"The Guardian","floor":16,"turns":15},{"damage":13,"enemies":"Shell Parasite","floor":18,"turns":5},{"damage":21,"enemies":"Chosen","floor":19,"turns":5},{"damage":16,"enemies":"Shelled Parasite and Fungi","floor":22,"turns":6},{"damage":25,"enemies":"Slavers","floor":24,"turns":5},{"damage":24,"enemies":"Gremlin Leader","floor":27,"turns":10},{"damage":0,"enemies":"Snecko","floor":28,"turns":6},{"damage":30,"enemies":"Slavers","floor":30,"turns":4}],"seed_played":"-4033494713153916382","potions_obtained":[{"floor":7,"key":"EssenceOfSteel"},{"floor":10,"key":"Weak Potion"},{"floor":12,"key":"SkillPotion"}],"is_trial":false,"path_per_floor":["M","M","M","$","?","R","E","R","T","M","M","M","R","E","R","B",null,"M","M","$","?","M","R","E","R","T","E","M","R","E"],"character_chosen":"THE_SILENT","items_purchased":["Blade Dance","Heel Hook","Gambling Chip","Outmaneuver","Infinite Blades","Leg Sweep"],"campfire_rested":2,"item_purchase_floors":[4,4,20,20,20,20],"current_hp_per_floor":[63,63,63,63,52,52,19,40,40,16,22,27,27,33,54,45,64,51,42,42,42,34,34,25,25,25,19,27,27,0],"gold":181,"neow_bonus":"RANDOM_COMMON_RELIC","is_prod":false,"is_daily":false,"chose_seed":false,"campfire_upgraded":5,"win_rate":0,"timestamp":1563810522,"path_taken":["M","M","?","$","?","R","E","R","T","M","M","M","R","E","R","BOSS","M","M","$","?","M","R","E","R","T","E","M","R","E"],"build_version":"2019-07-17","purchased_purges":0,"victory":false,"max_hp_per_floor":[70,70,70,70,70,70,70,70,70,70,70,70,70,70,70,70,70,70,70,70,49,49,49,49,49,49,49,49,49,49],"card_choices":[{"not_picked":["Deflect","Escape Plan"],"picked":"PiercingWail","floor":1},{"not_picked":["Backflip","Accuracy"],"picked":"Dagger Spray","floor":2},{"not_picked":["Deadly Poison","Eviscerate"],"picked":"Cloak And Dagger","floor":3},{"not_picked":["Setup","Phantasmal Killer"],"picked":"Outmaneuver","floor":7},{"not_picked":["Expertise","PiercingWail"],"picked":"Prepared","floor":10},{"not_picked":["PiercingWail","Slice"],"picked":"Deadly Poison","floor":11},{"not_picked":["Expertise","Endless Agony"],"picked":"Bane","floor":12},{"not_picked":["Quick Slash","Underhanded Strike"],"picked":"Crippling Poison","floor":14},{"not_picked":["Skewer","Grand Finale"],"picked":"Backflip","floor":15},{"not_picked":["Unload","Malaise"],"picked":"Glass Knife","floor":16},{"not_picked":["Concentrate","Deadly Poison"],"picked":"Deflect+1","floor":18},{"not_picked":["Sucker Punch","Flying Knee"],"picked":"Accuracy","floor":19},{"not_picked":["Heel Hook","Blur"],"picked":"Dash+1","floor":22},{"not_picked":["Deflect","Dodge and Roll"],"picked":"Backflip","floor":24},{"not_picked":["Doppelganger+1","Backstab"],"picked":"Blur+1","floor":27},{"not_picked":["Sucker Punch+1","Backflip+1"],"picked":"Flying Knee+1","floor":28}],"player_experience":404351,"relics_obtained":[{"floor":7,"key":"Meat on the Bone"},{"floor":9,"key":"MawBank"},{"floor":14,"key":"Dream Catcher"},{"floor":24,"key":"Paper Crane"},{"floor":26,"key":"Toxic Egg 2"},{"floor":27,"key":"Pantograph"}],"event_choices":[{"damage_healed":0,"gold_gain":75,"player_choice":"Gather Gold","damage_taken":11,"max_hp_gain":0,"max_hp_loss":0,"event_name":"World of Goop","floor":5,"gold_loss":0},{"damage_healed":0,"gold_gain":0,"player_choice":"Became a vampire","damage_taken":0,"max_hp_gain":0,"max_hp_loss":21,"event_name":"Vampires","floor":21,"gold_loss":0,"cards_obtained":["Bite","Bite","Bite","Bite","Bite"]}],"is_beta":false,"boss_relics":[{"not_picked":["Philosopher\u0027s Stone","Lizard Tail"],"picked":"Sozu"}],"items_purged_floors":[],"is_endless":false,"potions_floor_spawned":[7,10,12,18,19,22],"killed_by":"Slavers","ascension_level":10}