{"gold_per_floor":[18,32,48,67,79,2,35,35,35,35],"floor_reached":10,"playtime":988,"items_purged":[],"score":105,"play_id":"b3cc98c8-f15a-4e55-ae9c-9c1af740e3b5","local_time":"20190724083407","is_ascension_mode":true,"campfire_choices":[],"neow_cost":"NO_GOLD","seed_source_timestamp":196529268554,"circlet_count":0,"master_deck":["AscendersBane","Strike_G","Strike_G","Strike_G","Strike_G","Strike_G","Defend_G","Defend_G","Defend_G","Defend_G","Defend_G","Survivor","Neutralize","Corpse Explosion","Prepared","Dodge and Roll","Quick Slash","Leg Sweep","Terror","Glass Knife","Bane"],"relics":["Ring of the Snake","Letter Opener","Paper Crane"],"potions_floor_usage":[],"damage_taken":[{"damage":4,"enemies":"2 Louse","floor":1,"turns":3},{"damage":3,"enemies":"Jaw Worm","floor":2,"turns":4},{"damage":3,"enemies":"Small Slimes","floor":3,"turns":5},{"damage":6,"enemies":"3 Louse","floor":4,"turns":3},{"damage":16,"enemies":"Large Slime","floor":5,"turns":8},{"damage":29,"enemies":"Lagavulin","floor":7,"turns":8},{"damage":13,"enemies":"Red Slaver","floor":10,"turns":3}],"seed_played":"1220496835091691425","potions_obtained":[{"floor":3,"key":"Regen Potion"}],"is_trial":false,"path_per_floor":["M","M","M","M","M","$","E","?","T","M"],"character_chosen":"THE_SILENT","items_purchased":["Glass Knife"],"campfire_rested":0,"item_purchase_floors":[6],"current_hp_per_floor":[59,56,53,47,31,31,2,2,2,0],"gold":35,"neow_bonus":"THREE_RARE_CARDS","is_prod":false,"is_daily":false,"chose_seed":false,"campfire_upgraded":0,"win_rate":0,"timestamp":1563982447,"path_taken":["M","M","M","M","M","$","E","?","T","M"],"build_version":"2019-07-17","purchased_purges":0,"victory":false,"max_hp_per_floor":[70,70,70,70,70,70,70,70,70,70],"card_choices":[{"not_picked":["Night Terror","Storm of Steel"],"picked":"Corpse Explosion","floor":0},{"not_picked":["Slice","Infinite Blades"],"picked":"Prepared","floor":1},{"not_picked":["Predator","Cloak And Dagger"],"picked":"Dodge and Roll","floor":2},{"not_picked":["Bane","Backstab"],"picked":"Quick Slash","floor":3},{"not_picked":["Dagger Throw","Unload"],"picked":"Leg Sweep","floor":4},{"not_picked":["Reflex","Skewer"],"picked":"Terror","floor":5},{"not_picked":["Dagger Spray","Burst"],"picked":"Bane","floor":7}],"player_experience":443635,"relics_obtained":[{"floor":7,"key":"Letter Opener"},{"floor":9,"key":"Paper Crane"}],"event_choices":[{"damage_healed":0,"gold_gain":0,"player_choice":"Ignored","damage_taken":0,"max_hp_gain":0,"max_hp_loss":0,"event_name":"Liars Game","floor":8,"gold_loss":0}],"is_beta":false,"boss_relics":[],"items_purged_floors":[],"is_endless":false,"potions_floor_spawned":[3],"killed_by":"Red Slaver","ascension_level":10}