{"gold_per_floor":[116,133,133,149,165,191,172,172],"floor_reached":8,"playtime":758,"items_purged":[],"score":69,"play_id":"aa8e762a-743a-469b-9a40-7e395e094aff","local_time":"20190710120321","is_ascension_mode":true,"campfire_choices":[],"neow_cost":"NONE","seed_source_timestamp":696304595034945,"circlet_count":0,"master_deck":["Strike_G","Strike_G","Strike_G","Strike_G","Strike_G","Defend_G","Defend_G","Defend_G","Defend_G","Defend_G","Survivor","Neutralize","PiercingWail","Backflip","Noxious Fumes","Backflip","Acrobatics","Acrobatics"],"relics":["Ring of the Snake","Strawberry","Oddly Smooth Stone"],"potions_floor_usage":[6,8],"damage_taken":[{"damage":0,"enemies":"2 Louse","floor":1,"turns":4},{"damage":1,"enemies":"Cultist","floor":2,"turns":5},{"damage":0,"enemies":"Jaw Worm","floor":4,"turns":7},{"damage":7,"enemies":"2 Fungi Beasts","floor":5,"turns":5},{"damage":17,"enemies":"3 Sentries","floor":6,"turns":8},{"damage":16,"enemies":"Exordium Thugs","floor":7,"turns":5},{"damage":59,"enemies":"Gremlin Nob","floor":8,"turns":5}],"seed_played":"-2878557991137502067","potions_obtained":[{"floor":4,"key":"Fire Potion"},{"floor":6,"key":"Strength Potion"},{"floor":7,"key":"Swift Potion"}],"is_trial":false,"path_per_floor":["M","M","?","M","M","E","M","E"],"character_chosen":"THE_SILENT","items_purchased":[],"campfire_rested":0,"item_purchase_floors":[],"current_hp_per_floor":[77,76,76,76,69,52,36,0],"gold":172,"neow_bonus":"RANDOM_COMMON_RELIC","is_prod":false,"is_daily":false,"chose_seed":false,"campfire_upgraded":0,"win_rate":0,"timestamp":1562785401,"path_taken":["M","M","?","M","M","E","M","E"],"build_version":"2019-07-05","purchased_purges":0,"victory":false,"max_hp_per_floor":[77,77,77,77,77,77,77,77],"card_choices":[{"not_picked":["Dagger Spray","Backstab"],"picked":"PiercingWail","floor":1},{"not_picked":["Expertise","Riddle With Holes"],"picked":"Backflip","floor":2},{"not_picked":["Blur","Well Laid Plans"],"picked":"Noxious Fumes","floor":4},{"not_picked":["Calculated Gamble","Distraction"],"picked":"Backflip","floor":5},{"not_picked":["Crippling Poison","All Out Attack"],"picked":"Acrobatics","floor":6},{"not_picked":["Sucker Punch","Distraction"],"picked":"Acrobatics","floor":7}],"player_experience":183436,"relics_obtained":[{"floor":6,"key":"Oddly Smooth Stone"}],"event_choices":[{"damage_healed":0,"gold_gain":0,"player_choice":"Ignored","damage_taken":0,"max_hp_gain":0,"max_hp_loss":0,"event_name":"WeMeetAgain","floor":3,"gold_loss":0}],"is_beta":false,"boss_relics":[],"items_purged_floors":[],"is_endless":false,"potions_floor_spawned":[4,6,7],"killed_by":"Gremlin Nob","ascension_level":3}