{"gold_per_floor":[116,131,131,12,12,12,24,37,89,89,99,128,56,69,69,146,146,158,176,101,101,114,114],"floor_reached":23,"playtime":1526,"items_purged":[],"score":386,"play_id":"713b71b6-d483-4642-9718-b4152f476cdc","local_time":"20190820154503","is_ascension_mode":true,"campfire_choices":[{"data":"All Out Attack","floor":6,"key":"SMITH"},{"data":"Neutralize","floor":10,"key":"SMITH"},{"data":"Footwork","floor":15,"key":"SMITH"}],"neow_cost":"NONE","seed_source_timestamp":164272440234200,"circlet_count":0,"master_deck":["AscendersBane","Strike_G","Strike_G","Strike_G","Defend_G","Defend_G","Defend_G","Defend_G","Defend_G","Survivor","Neutralize+1","Quick Slash","Flying Knee","Footwork+1","Acrobatics","All Out Attack+1","Quick Slash","PiercingWail","PiercingWail","Well Laid Plans","Poisoned Stab","Venomology","PiercingWail","Expertise"],"relics":["Coffee Dripper","Boot","Art of War","Busted Crown"],"potions_floor_usage":[16,16,18,22,22,22],"damage_taken":[{"damage":0,"enemies":"Cultist","floor":1,"turns":4},{"damage":4,"enemies":"Small Slimes","floor":2,"turns":5},{"damage":0,"enemies":"2 Louse","floor":7,"turns":2},{"damage":1,"enemies":"Large Slime","floor":8,"turns":5},{"damage":0,"enemies":"2 Fungi Beasts","floor":11,"turns":3},{"damage":7,"enemies":"Lagavulin","floor":12,"turns":6},{"damage":6,"enemies":"Looter","floor":14,"turns":4},{"damage":22,"enemies":"Hexaghost","floor":16,"turns":12},{"damage":5,"enemies":"Spheric Guardian","floor":18,"turns":7},{"damage":0,"enemies":"Chosen","floor":19,"turns":5},{"damage":0,"enemies":"Centurion and Healer","floor":22,"turns":9},{"damage":78,"enemies":"Book of Stabbing","floor":23,"turns":7}],"seed_played":"3237382971182306720","potions_obtained":[{"floor":7,"key":"FearPotion"},{"floor":8,"key":"SpeedPotion"},{"floor":11,"key":"Regen Potion"},{"floor":14,"key":"GhostInAJar"},{"floor":18,"key":"Regen Potion"},{"floor":22,"key":"FairyPotion"}],"is_trial":false,"path_per_floor":["M","M","?","$","?","R","M","M","T","R","M","E","?","M","R","B",null,"M","M","?","?","M","E"],"character_chosen":"THE_SILENT","items_purchased":["Footwork","Acrobatics"],"campfire_rested":0,"item_purchase_floors":[4,4],"current_hp_per_floor":[59,55,48,48,48,48,48,47,47,47,47,40,40,34,34,27,56,51,51,51,33,48,0],"gold":114,"neow_bonus":"BOSS_RELIC","is_prod":false,"is_daily":false,"chose_seed":false,"campfire_upgraded":3,"win_rate":0,"timestamp":1566308703,"path_taken":["M","?","?","$","?","R","M","M","T","R","?","E","?","M","R","BOSS","M","M","?","?","M","E"],"build_version":"2019-07-17","purchased_purges":0,"victory":false,"max_hp_per_floor":[66,66,66,66,66,66,66,66,66,66,66,66,66,66,66,66,66,66,66,66,71,71,71],"card_choices":[{"not_picked":["Dagger Spray","Dodge and Roll"],"picked":"Quick Slash","floor":1},{"not_picked":["Bane","Accuracy"],"picked":"Flying Knee","floor":2},{"not_picked":["Distraction","Bane"],"picked":"Quick Slash","floor":7},{"not_picked":["A Thousand Cuts","Bane"],"picked":"PiercingWail","floor":8},{"not_picked":["Blade Dance","Deflect"],"picked":"PiercingWail","floor":11},{"not_picked":["Adrenaline","Infinite Blades"],"picked":"Well Laid Plans","floor":12},{"not_picked":["Bane","Acrobatics"],"picked":"Poisoned Stab","floor":14},{"not_picked":["Envenom","Unload"],"picked":"Venomology","floor":16},{"not_picked":["Riddle With Holes"],"picked":"SKIP","floor":18},{"not_picked":[],"picked":"PiercingWail","floor":19},{"not_picked":[],"picked":"Expertise","floor":22}],"player_experience":1553352,"relics_obtained":[{"floor":9,"key":"Boot"},{"floor":12,"key":"Art of War"}],"event_choices":[{"cards_removed":["Strike_G"],"damage_healed":0,"gold_gain":0,"player_choice":"Card Removal","damage_taken":7,"max_hp_gain":0,"max_hp_loss":0,"event_name":"Golden Wing","floor":3,"gold_loss":0},{"damage_healed":0,"gold_gain":0,"player_choice":"1 cards matched","damage_taken":0,"max_hp_gain":0,"max_hp_loss":0,"event_name":"Match and Keep!","floor":5,"gold_loss":0,"cards_obtained":["All Out Attack"]},{"damage_healed":0,"gold_gain":0,"player_choice":"Left Gold","damage_taken":0,"max_hp_gain":0,"max_hp_loss":0,"event_name":"World of Goop","floor":13,"gold_loss":72},{"cards_removed":["Strike_G"],"damage_healed":0,"gold_gain":0,"player_choice":"Gave Gold","damage_taken":0,"max_hp_gain":0,"max_hp_loss":0,"event_name":"Beggar","floor":20,"gold_loss":75},{"damage_healed":0,"gold_gain":0,"player_choice":"Shed Blood","damage_taken":23,"max_hp_gain":5,"max_hp_loss":0,"event_name":"Forgotten Altar","floor":21,"gold_loss":0}],"is_beta":false,"boss_relics":[{"not_picked":["Black Star","Runic Dome"],"picked":"Busted Crown"}],"items_purged_floors":[],"is_endless":false,"potions_floor_spawned":[7,8,11,12,14,18,22],"killed_by":"Book of Stabbing","ascension_level":20}