{"gold_per_floor":[109,119,129,16,35,66,66,66,66,66,66],"floor_reached":11,"playtime":693,"items_purged":[],"score":106,"play_id":"fa9a87f8-6365-451f-ac36-fb59c6ef72c7","local_time":"20190718143919","is_ascension_mode":true,"campfire_choices":[{"data":"Tactician","floor":7,"key":"SMITH"},{"floor":10,"key":"REST"}],"neow_cost":"NONE","seed_source_timestamp":521402433546906,"circlet_count":0,"master_deck":["Strike_G","Strike_G","Strike_G","Strike_G","Strike_G","Defend_G","Defend_G","Defend_G","Defend_G","Defend_G","Survivor","Neutralize+1","Prepared","Flying Knee","Heel Hook","Tactician+1","Finisher","PiercingWail","Noxious Fumes"],"relics":["Ring of the Snake","Incense Burner","Frozen Egg 2","Bottled Lightning"],"potions_floor_usage":[6],"damage_taken":[{"damage":0,"enemies":"Jaw Worm","floor":1,"turns":5},{"damage":0,"enemies":"Cultist","floor":2,"turns":4},{"damage":0,"enemies":"2 Louse","floor":3,"turns":3},{"damage":26,"enemies":"Large Slime","floor":5,"turns":8},{"damage":18,"enemies":"Gremlin Nob","floor":6,"turns":5},{"damage":40,"enemies":"Lagavulin","floor":11,"turns":8}],"seed_played":"5694336344954662102","potions_obtained":[{"floor":5,"key":"GamblersBrew"},{"floor":6,"key":"Strength Potion"}],"is_trial":false,"path_per_floor":["M","M","M","$","M","E","R","?","T","R","E"],"character_chosen":"THE_SILENT","items_purchased":["Tactician","Finisher"],"campfire_rested":1,"item_purchase_floors":[4,4],"current_hp_per_floor":[63,63,63,63,37,19,19,19,19,40,0],"gold":66,"neow_bonus":"UPGRADE_CARD","is_prod":false,"is_daily":false,"chose_seed":false,"campfire_upgraded":1,"win_rate":0,"timestamp":1563485959,"path_taken":["M","M","M","$","M","E","R","?","T","R","E"],"build_version":"2019-07-17","purchased_purges":0,"victory":false,"max_hp_per_floor":[70,70,70,70,70,70,70,70,70,70,70],"card_choices":[{"not_picked":["Slice","Quick Slash"],"picked":"Prepared","floor":1},{"not_picked":["Dodge and Roll","Outmaneuver"],"picked":"Flying Knee","floor":2},{"not_picked":["Flechettes","Backflip"],"picked":"Heel Hook","floor":3},{"not_picked":["Poisoned Stab","Quick Slash"],"picked":"PiercingWail","floor":5},{"not_picked":["Choke","Dagger Throw"],"picked":"Noxious Fumes","floor":6}],"player_experience":364258,"relics_obtained":[{"floor":6,"key":"Incense Burner"},{"floor":9,"key":"Bottled Lightning"}],"event_choices":[{"damage_healed":0,"gold_gain":0,"player_choice":"Gave Potion","damage_taken":0,"relics_obtained":["Frozen Egg 2"],"max_hp_gain":0,"max_hp_loss":0,"event_name":"WeMeetAgain","floor":8,"gold_loss":0}],"is_beta":false,"boss_relics":[],"items_purged_floors":[],"is_endless":false,"potions_floor_spawned":[5,6],"killed_by":"Lagavulin","ascension_level":9}