{"gold_per_floor":[119,119,6,6,22,22,22,40,40,40,55,66,66,101,101,179,179,119,6,6,6,6,6,6,6,6,6,6,6],"floor_reached":29,"playtime":1185,"items_purged":[],"score":467,"play_id":"9332612e-0415-4507-a23e-7a9455c2b8c7","local_time":"20190820003905","is_ascension_mode":true,"campfire_choices":[{"data":"Streamline","floor":6,"key":"SMITH"},{"data":"Streamline","floor":13,"key":"SMITH"},{"data":"Beam Cell","floor":15,"key":"SMITH"},{"data":"Self Repair","floor":23,"key":"SMITH"},{"data":"Electrodynamics","floor":25,"key":"SMITH"}],"neow_cost":"NONE","seed_source_timestamp":110255352230900,"circlet_count":0,"master_deck":["AscendersBane","Defend_B+1","Defend_B+1","Defend_B+1","Defend_B+1","Zap","Dualcast","Gash","Leap","Streamline+1","Cold Snap","Ball Lightning","Streamline+1","Go for the Eyes","Beam Cell+1","Electrodynamics+1","Stack","Self Repair+1","Compile Driver","Leap","FTL","Barrage","Thunder Strike","Bite","Bite","Bite","Bite","Bite"],"relics":["Coffee Dripper","Kunai","Cables","Ectoplasm","WingedGreaves"],"potions_floor_usage":[11,11,16,20,21],"damage_taken":[{"damage":3,"enemies":"Small Slimes","floor":1,"turns":2},{"damage":0,"enemies":"Jaw Worm","floor":5,"turns":3},{"damage":4,"enemies":"Cultist","floor":8,"turns":4},{"damage":0,"enemies":"Lots of Slimes","floor":11,"turns":4},{"damage":0,"enemies":"3 Louse","floor":12,"turns":3},{"damage":11,"enemies":"Gremlin Nob","floor":14,"turns":4},{"damage":21,"enemies":"Slime Boss","floor":16,"turns":8},{"damage":21,"enemies":"2 Thieves","floor":18,"turns":3},{"damage":4,"enemies":"Spheric Guardian","floor":20,"turns":4},{"damage":34,"enemies":"Shelled Parasite and Fungi","floor":21,"turns":5},{"damage":28,"enemies":"Masked Bandits","floor":29,"turns":3}],"seed_played":"7249561033622479130","potions_obtained":[{"floor":1,"key":"SpeedPotion"},{"floor":8,"key":"Dexterity Potion"},{"floor":11,"key":"SkillPotion"},{"floor":18,"key":"SpeedPotion"},{"floor":20,"key":"Poison Potion"}],"is_trial":false,"path_per_floor":["M","?","$","?","M","R","?","M","T","$","M","M","R","E","R","B",null,"M","$","M","M","?","R","$","R","T","?","?","?"],"character_chosen":"DEFECT","items_purchased":["Leap","Streamline","Self Repair","Compile Driver"],"campfire_rested":0,"item_purchase_floors":[3,3,19,19],"current_hp_per_floor":[61,61,61,61,61,61,61,57,57,57,57,57,57,46,46,25,60,39,39,42,15,15,15,15,15,15,15,15,0],"gold":6,"neow_bonus":"BOSS_RELIC","is_prod":false,"is_daily":false,"chose_seed":false,"campfire_upgraded":5,"win_rate":0,"timestamp":1566254345,"path_taken":["M","?","$","?","M","R","?","M","T","?","?","M","R","E","R","BOSS","M","$","?","M","?","R","$","R","T","?","?","?"],"build_version":"2019-07-17","purchased_purges":0,"victory":false,"max_hp_per_floor":[71,71,71,71,71,71,71,71,71,71,71,71,71,71,71,71,71,71,71,71,71,71,71,71,71,71,49,49,49],"card_choices":[{"not_picked":["Static Discharge","Sweeping Beam"],"picked":"Gash","floor":1},{"not_picked":["Barrage","Fusion"],"picked":"Cold Snap","floor":5},{"not_picked":["Hologram","Streamline"],"picked":"Ball Lightning","floor":8},{"not_picked":["Meteor Strike","Conserve Battery"],"picked":"Streamline","floor":11},{"not_picked":["Stack","Hologram"],"picked":"Go for the Eyes","floor":12},{"not_picked":["Ball Lightning","Lockon"],"picked":"Beam Cell","floor":14},{"not_picked":["All For One","Meteor Strike"],"picked":"Electrodynamics","floor":16},{"not_picked":["Redo","Barrage"],"picked":"Stack","floor":18},{"not_picked":["Double Energy","Redo"],"picked":"Leap","floor":20},{"not_picked":["Beam Cell","Coolheaded"],"picked":"FTL","floor":21}],"player_experience":1543214,"relics_obtained":[{"floor":9,"key":"Kunai"},{"floor":14,"key":"Cables"},{"floor":26,"key":"WingedGreaves"}],"event_choices":[{"damage_healed":0,"gold_gain":0,"player_choice":"Fled","damage_taken":0,"max_hp_gain":0,"max_hp_loss":0,"event_name":"Scrap Ooze","floor":2,"gold_loss":0},{"damage_healed":0,"gold_gain":0,"player_choice":"Ignored","damage_taken":0,"max_hp_gain":0,"max_hp_loss":0,"event_name":"Liars Game","floor":4,"gold_loss":0},{"damage_healed":0,"gold_gain":0,"player_choice":"Ignored","damage_taken":0,"max_hp_gain":0,"max_hp_loss":0,"event_name":"Shining Light","floor":7,"gold_loss":0},{"damage_healed":0,"gold_gain":0,"cards_transformed":["Strike_B","Strike_B"],"player_choice":"Became Test Subject","damage_taken":0,"max_hp_gain":0,"max_hp_loss":0,"event_name":"Drug Dealer","floor":22,"gold_loss":0,"cards_obtained":["Barrage","Thunder Strike"]},{"damage_healed":0,"gold_gain":0,"player_choice":"Became a vampire","damage_taken":0,"max_hp_gain":0,"max_hp_loss":22,"event_name":"Vampires","floor":27,"gold_loss":0,"cards_obtained":["Bite","Bite","Bite","Bite","Bite"]},{"damage_healed":0,"gold_gain":0,"player_choice":"Simplicity","damage_taken":0,"max_hp_gain":0,"max_hp_loss":0,"event_name":"Back to Basics","floor":28,"gold_loss":0,"cards_upgraded":["Defend_B","Defend_B","Defend_B","Defend_B"]},{"damage_healed":0,"gold_gain":0,"player_choice":"Fought Bandits","damage_taken":0,"max_hp_gain":0,"max_hp_loss":0,"event_name":"Masked Bandits","floor":29,"gold_loss":0}],"is_beta":false,"boss_relics":[{"not_picked":["Pandora\u0027s Box","Runic Dome"],"picked":"Ectoplasm"}],"items_purged_floors":[],"is_endless":false,"potions_floor_spawned":[1,8,11,18,20],"killed_by":"Masked Bandits","ascension_level":20}