{"gold_per_floor":[109,119,119,8,8,8,43,43,43,43,63,80,96,114,114,188,188,206,70,90,109,159,159,193,193,193,209,209],"floor_reached":28,"playtime":1302,"items_purged":[],"score":480,"play_id":"cd5f3db8-c40a-428f-b111-436f4e8d8935","local_time":"20190819111751","is_ascension_mode":true,"campfire_choices":[{"data":"Footwork","floor":6.0,"key":"SMITH"},{"data":"Neutralize","floor":8.0,"key":"SMITH"},{"floor":10.0,"key":"REST"},{"data":"Noxious Fumes","floor":15.0,"key":"SMITH"},{"data":"Wraith Form v2","floor":23.0,"key":"SMITH"},{"floor":25.0,"key":"REST"}],"neow_cost":"PERCENT_DAMAGE","seed_source_timestamp":2255924139818116,"circlet_count":0,"master_deck":["AscendersBane","Strike_G","Strike_G","Strike_G","Strike_G","Defend_G","Defend_G","Defend_G","Defend_G","Defend_G","Survivor","Neutralize+1","Flying Knee","Quick Slash","Footwork+1","Prepared","Blur","Noxious Fumes+1","Poisoned Stab+1","Dagger Spray+1","Deflect","A Thousand Cuts","Underhanded Strike+1","Deflect","All Out Attack+1","Flying Knee+1","Wraith Form v2+1","Bane+1","Flechettes+1"],"special_seed":0,"relics":["Ring of the Snake","Mercury Hourglass","Molten Egg 2","Matryoshka","Runic Pyramid","Letter Opener","Blood Vial","Darkstone Periapt"],"potions_floor_usage":[28],"damage_taken":[{"damage":1.0,"enemies":"2 Louse","floor":1.0,"turns":5.0},{"damage":4.0,"enemies":"Cultist","floor":2.0,"turns":4.0},{"damage":16.0,"enemies":"3 Sentries","floor":7.0,"turns":9.0},{"damage":0.0,"enemies":"Jaw Worm","floor":11.0,"turns":5.0},{"damage":0.0,"enemies":"Exordium Thugs","floor":12.0,"turns":4.0},{"damage":2.0,"enemies":"Large Slime","floor":13.0,"turns":6.0},{"damage":0.0,"enemies":"Looter","floor":14.0,"turns":4.0},{"damage":13.0,"enemies":"Hexaghost","floor":16.0,"turns":9.0},{"damage":12.0,"enemies":"2 Thieves","floor":18.0,"turns":4.0},{"damage":7.0,"enemies":"Shell Parasite","floor":20.0,"turns":8.0},{"damage":23.0,"enemies":"Snake Plant","floor":21.0,"turns":5.0},{"damage":30.0,"enemies":"Gremlin Leader","floor":24.0,"turns":7.0},{"damage":3.0,"enemies":"Centurion and Healer","floor":27.0,"turns":5.0},{"damage":42,"enemies":"Slavers","floor":28,"turns":2}],"seed_played":"-7234063182083769257","potions_obtained":[{"floor":11.0,"key":"PowerPotion"},{"floor":13.0,"key":"FearPotion"},{"floor":16.0,"key":"Regen Potion"},{"floor":27.0,"key":"Strength Potion"}],"is_trial":false,"path_per_floor":["M","M","?","$","T","R","E","R","T","R","M","M","M","M","R","B",null,"M","$","M","M","?","R","E","R","T","M","E"],"character_chosen":"THE_SILENT","items_purchased":["Footwork","Prepared","Deflect","All Out Attack+1"],"campfire_rested":2,"item_purchase_floors":[4,4,19,19],"current_hp_per_floor":[55,51,51,51,51,51,35,35,35,58,58,58,56,56,56,43,69,57,57,50,27,27,27,12,35,35,34,0],"gold":209,"neow_bonus":"TWENTY_PERCENT_HP_BONUS","is_prod":false,"is_daily":false,"chose_seed":false,"campfire_upgraded":4,"win_rate":0,"timestamp":1566238671,"path_taken":["M","M","?","$","?","R","E","R","T","R","M","M","M","M","R","BOSS","M","$","M","M","?","R","E","R","T","M","E"],"build_version":"2019-07-17","purchased_purges":0,"victory":false,"max_hp_per_floor":[78,78,78,78,78,78,78,78,78,78,78,78,78,78,78,78,78,78,78,78,78,78,78,78,78,78,78,78],"card_choices":[{"not_picked":["Blade Dance","Backflip"],"picked":"Flying Knee","floor":1.0},{"not_picked":["Setup","Eviscerate"],"picked":"Quick Slash","floor":2.0},{"not_picked":["Backflip","Bane"],"picked":"Blur","floor":7.0},{"not_picked":["Bane+1","Acrobatics"],"picked":"Noxious Fumes","floor":11.0},{"not_picked":["Calculated Gamble","Backflip"],"picked":"Poisoned Stab+1","floor":12.0},{"not_picked":["Calculated Gamble","Deadly Poison"],"picked":"Dagger Spray+1","floor":13.0},{"not_picked":["Setup","Eviscerate+1"],"picked":"Deflect","floor":14.0},{"not_picked":["Venomology","Storm of Steel"],"picked":"A Thousand Cuts","floor":16.0},{"not_picked":["Backstab+1","Tactician"],"picked":"Underhanded Strike+1","floor":18.0},{"not_picked":["Expertise","Quick Slash+1"],"picked":"Flying Knee+1","floor":20.0},{"not_picked":["Dagger Throw+1","Deadly Poison+1"],"picked":"Wraith Form v2","floor":21.0},{"not_picked":["Deflect","Backstab+1"],"picked":"Bane+1","floor":24.0},{"not_picked":["Quick Slash+1","Slice+1"],"picked":"Flechettes+1","floor":27.0}],"player_experience":778243,"relics_obtained":[{"floor":5.0,"key":"Mercury Hourglass"},{"floor":7.0,"key":"Molten Egg 2"},{"floor":9.0,"key":"Matryoshka"},{"floor":24.0,"key":"Letter Opener"},{"floor":26.0,"key":"Blood Vial"},{"floor":26.0,"key":"Darkstone Periapt"}],"event_choices":[{"cards_removed":["Strike_G"],"damage_healed":0.0,"max_hp_gain":0.0,"max_hp_loss":0.0,"gold_gain":0.0,"event_name":"Bonfire Elementals","player_choice":"Offered Basic","floor":3.0,"gold_loss":0.0,"damage_taken":0.0},{"damage_healed":0.0,"max_hp_gain":0.0,"max_hp_loss":0.0,"gold_gain":50.0,"event_name":"Golden Shrine","player_choice":"Pray","floor":22.0,"gold_loss":0.0,"damage_taken":0.0}],"is_beta":false,"boss_relics":[{"not_picked":["Orrery","WristBlade"],"picked":"Runic Pyramid"}],"items_purged_floors":[],"is_endless":false,"potions_floor_spawned":[11,13,16,18,21,27],"killed_by":"Slavers","ascension_level":20}