{"gold_per_floor":[110,124,104,19,45,45,74,90,90,116,128,128,128,147,147,222,222,238,54,67,67,86,86,112,125,125,125,125,454,471,506,506,506],"floor_reached":33,"playtime":2119,"items_purged":["Dropkick"],"score":730,"play_id":"723264bc-7c80-418a-bfb6-d7f9d0278470","local_time":"20190818214827","is_ascension_mode":true,"campfire_choices":[{"data":"Whirlwind","floor":6,"key":"SMITH"},{"data":"Juggernaut","floor":12,"key":"SMITH"},{"floor":15,"key":"REST"},{"floor":23,"key":"REST"},{"floor":28,"key":"REST"},{"floor":32,"key":"REST"}],"neow_cost":"NONE","seed_source_timestamp":12676079711900,"circlet_count":0,"master_deck":["AscendersBane","Whirlwind+1","Pommel Strike","Bloodletting+1","Juggernaut+1","Battle Trance","Disarm","Havoc","Feel No Pain","Offering","Pummel","Clash","Metallicize","Whirlwind","Dark Embrace","Whirlwind","Demon Form","Havoc","Purity","True Grit","Flex","Corruption","Limit Break","Headbutt","Armaments","Body Slam","Juggernaut"],"relics":["Burning Blood","NeowsBlessing","Smiling Mask","Ancient Tea Set","Gambling Chip","Ornamental Fan","Pandora\u0027s Box","Mummified Hand","Strawberry","Old Coin","Toxic Egg 2"],"potions_floor_usage":[16,16,22,29,30,30],"damage_taken":[{"damage":0,"enemies":"Small Slimes","floor":1,"turns":1},{"damage":0,"enemies":"Cultist","floor":2,"turns":1},{"damage":0,"enemies":"3 Sentries","floor":7,"turns":1},{"damage":0,"enemies":"2 Louse","floor":8,"turns":1},{"damage":34,"enemies":"Gremlin Nob","floor":10,"turns":4},{"damage":3,"enemies":"2 Fungi Beasts","floor":11,"turns":1},{"damage":13,"enemies":"Large Slime","floor":14,"turns":5},{"damage":23,"enemies":"Slime Boss","floor":16,"turns":6},{"damage":28,"enemies":"Shell Parasite","floor":18,"turns":3},{"damage":0,"enemies":"Chosen","floor":20,"turns":4},{"damage":17,"enemies":"Snecko","floor":22,"turns":5},{"damage":16,"enemies":"Gremlin Leader","floor":24,"turns":5},{"damage":13,"enemies":"Chosen and Byrds","floor":25,"turns":3},{"damage":0,"enemies":"Slavers","floor":29,"turns":1},{"damage":16,"enemies":"Shelled Parasite and Fungi","floor":30,"turns":3},{"damage":32,"enemies":"Book of Stabbing","floor":31,"turns":4},{"damage":54,"enemies":"Collector","floor":33,"turns":3}],"seed_played":"5338266543581911323","potions_obtained":[{"floor":2,"key":"Strength Potion"},{"floor":3,"key":"PowerPotion"},{"floor":14,"key":"AttackPotion"},{"floor":16,"key":"GamblersBrew"},{"floor":18,"key":"Weak Potion"},{"floor":20,"key":"SteroidPotion"},{"floor":25,"key":"Weak Potion"},{"floor":29,"key":"Ancient Potion"}],"is_trial":false,"path_per_floor":["M","M","?","$","T","R","E","M","T","E","M","R","?","M","R","B",null,"M","$","M","?","M","R","E","M","T","?","R","E","M","E","R","B"],"character_chosen":"IRONCLAD","items_purchased":["Bloodletting","Havoc","Purity"],"campfire_rested":4,"item_purchase_floors":[4,19,19],"current_hp_per_floor":[74,75,75,75,75,75,75,75,75,47,50,50,27,20,42,25,63,41,41,47,26,15,39,29,22,29,29,55,61,51,25,51,0],"gold":506,"neow_bonus":"THREE_ENEMY_KILL","is_prod":false,"is_daily":false,"chose_seed":false,"campfire_upgraded":2,"win_rate":0,"timestamp":1566157707,"path_taken":["M","M","?","$","?","R","E","M","T","E","M","R","?","M","R","BOSS","M","$","M","?","M","R","E","M","T","?","R","E","M","E","R","BOSS"],"build_version":"2019-07-17","purchased_purges":1,"victory":false,"max_hp_per_floor":[75,75,75,75,75,75,75,75,75,75,75,75,75,75,75,75,75,75,75,75,80,80,80,80,80,87,87,87,87,87,87,87,87],"card_choices":[{"not_picked":["Thunderclap","Twin Strike"],"picked":"Whirlwind","floor":1},{"not_picked":["Twin Strike","Wild Strike"],"picked":"Pommel Strike","floor":2},{"not_picked":["Perfected Strike","Second Wind"],"picked":"Juggernaut","floor":7},{"not_picked":["Combust","Twin Strike"],"picked":"Battle Trance","floor":8},{"not_picked":["Sentinel","Clash"],"picked":"Disarm","floor":10},{"not_picked":["Iron Wave","Pummel"],"picked":"Havoc","floor":11},{"not_picked":["Thunderclap","Sever Soul"],"picked":"Feel No Pain","floor":14},{"not_picked":["Berserk","Reaper"],"picked":"Offering","floor":16},{"not_picked":["Entrench","Wild Strike+1","Perfected Strike"],"picked":"SKIP","floor":18},{"not_picked":["Twin Strike","Body Slam","Clash"],"picked":"SKIP","floor":20},{"not_picked":["Thunderclap+1","Wild Strike"],"picked":"True Grit","floor":22},{"not_picked":["Shrug It Off","Thunderclap"],"picked":"Flex","floor":24},{"not_picked":["Flex","Thunderclap"],"picked":"Corruption","floor":25},{"not_picked":["True Grit","Entrench"],"picked":"Armaments","floor":29},{"not_picked":["Iron Wave","Infernal Blade"],"picked":"Body Slam","floor":30},{"not_picked":["Dual Wield","Body Slam"],"picked":"Juggernaut","floor":31}],"player_experience":1519649,"relics_obtained":[{"floor":5,"key":"Smiling Mask"},{"floor":7,"key":"Ancient Tea Set"},{"floor":9,"key":"Gambling Chip"},{"floor":10,"key":"Ornamental Fan"},{"floor":24,"key":"Mummified Hand"},{"floor":26,"key":"Strawberry"},{"floor":29,"key":"Old Coin"},{"floor":31,"key":"Toxic Egg 2"}],"event_choices":[{"damage_healed":0,"gold_gain":0,"player_choice":"Bought 1 Potion","damage_taken":0,"max_hp_gain":0,"max_hp_loss":0,"event_name":"The Woman in Blue","floor":3,"gold_loss":0},{"damage_healed":0,"gold_gain":0,"player_choice":"Entered Light","damage_taken":23,"max_hp_gain":0,"max_hp_loss":0,"event_name":"Shining Light","floor":13,"gold_loss":0,"cards_upgraded":["Defend_R","Bloodletting"]},{"damage_healed":0,"gold_gain":0,"player_choice":"Shed Blood","damage_taken":26,"max_hp_gain":5,"max_hp_loss":0,"event_name":"Forgotten Altar","floor":21,"gold_loss":0},{"damage_healed":0,"gold_gain":0,"cards_transformed":["Twin Strike","Bash"],"player_choice":"Became Test Subject","damage_taken":0,"max_hp_gain":0,"max_hp_loss":0,"event_name":"Drug Dealer","floor":27,"gold_loss":0,"cards_obtained":["Limit Break","Headbutt"]}],"is_beta":false,"boss_relics":[{"not_picked":["Mark of Pain","Fusion Hammer"],"picked":"Pandora\u0027s Box"}],"items_purged_floors":[19],"is_endless":false,"potions_floor_spawned":[2,7,11,14,16,18,20,25,29],"killed_by":"Collector","ascension_level":20}