{"gold_per_floor":[20,20,36,52,67,67,87,87,87,107,117,292,257,283,283,381,381,397,55,55,75,91,91,91,116,116,136,162,176,176,191,191,293,293,307,321,271,286,286,286,31,62,87,117,13,30,48,63,63,63],"floor_reached":51,"playtime":4516,"items_purged":["Doubt","Regret","Writhe"],"score":851,"play_id":"088cadb5-0ced-43f0-9959-98a839d2fb25","local_time":"20180823040715","is_ascension_mode":true,"campfire_choices":[{"data":"White Noise","floor":6,"key":"SMITH"},{"data":"Electrodynamics","floor":15,"key":"SMITH"},{"data":"Storm","floor":23,"key":"SMITH"},{"data":"Defragment","floor":32,"key":"SMITH"},{"data":"Chaos","floor":40,"key":"SMITH"},{"data":"Amplify","floor":49,"key":"SMITH"}],"neow_cost":"NO_GOLD","seed_source_timestamp":471960450478888,"circlet_count":0,"master_deck":["Strike_B+1","Defend_B","Defend_B","Defend_B","Zap+1","Dualcast","Stack","White Noise+1","Leap","Coolheaded","Electrodynamics+1","Storm+1","Machine Learning","Defragment+1","Storm","Heatsinks","Hello World","Ghostly","Ghostly","Ghostly","Ghostly","Ghostly","Capacitor","Machine Learning","Chaos+1","Conserve Battery","Amplify+1","Auto Shields+1","Coolheaded+1","Stack+1","Cold Snap+1","White Noise","Seek","Redo+1","Turbo","Turbo","Hologram+1","Static Discharge+1"],"relics":["Cracked Core","Shuriken","Pear","Pen Nib","Cursed Key","Centennial Puzzle","Strawberry","Smiling Mask","Pantograph","Oddly Smooth Stone","Astrolabe","Bottled Tornado","Bird Faced Urn","Bag of Preparation","Anchor"],"potions_floor_usage":[14,14,16,16,16,16,27,27,27,27,31,33,44,50],"damage_taken":[{"damage":0,"enemies":"Small Slimes","floor":1,"turns":2},{"damage":0,"enemies":"Cultist","floor":3,"turns":4},{"damage":0,"enemies":"Jaw Worm","floor":4,"turns":6},{"damage":3,"enemies":"Blue Slaver","floor":5,"turns":4},{"damage":1,"enemies":"Looter","floor":7,"turns":4},{"damage":43,"enemies":"Exordium Thugs","floor":10,"turns":5},{"damage":4,"enemies":"3 Louse","floor":11,"turns":4},{"damage":0,"enemies":"3 Sentries","floor":14,"turns":3},{"damage":16,"enemies":"Slime Boss","floor":16,"turns":6},{"damage":25,"enemies":"Chosen","floor":18,"turns":5},{"damage":0,"enemies":"Shell Parasite","floor":21,"turns":2},{"damage":2,"enemies":"Sentry and Sphere","floor":22,"turns":3},{"damage":1,"enemies":"Gremlin Leader","floor":25,"turns":4},{"damage":1,"enemies":"Shelled Parasite and Fungi","floor":27,"turns":3},{"damage":5,"enemies":"Slavers","floor":28,"turns":3},{"damage":1,"enemies":"Centurion and Healer","floor":29,"turns":3},{"damage":12,"enemies":"Snake Plant","floor":31,"turns":3},{"damage":45,"enemies":"Champ","floor":33,"turns":8},{"damage":6,"enemies":"Flame Bruiser 1 Orb","floor":35,"turns":5},{"damage":3,"enemies":"3 Shapes","floor":36,"turns":4},{"damage":0,"enemies":"Spire Growth","floor":38,"turns":5},{"damage":20,"enemies":"Giant Head","floor":42,"turns":11},{"damage":21,"enemies":"Nemesis","floor":44,"turns":6},{"damage":19,"enemies":"4 Shapes","floor":46,"turns":4},{"damage":0,"enemies":"Sphere and 2 Shapes","floor":47,"turns":3},{"damage":0,"enemies":"Maw","floor":48,"turns":4},{"damage":11,"enemies":"Time Eater","floor":50,"turns":7}],"seed_played":"-6454725237545961679","potions_obtained":[{"floor":1,"key":"Block Potion"},{"floor":3,"key":"Dexterity Potion"},{"floor":5,"key":"LiquidBronze"},{"floor":14,"key":"EntropicBrew"},{"floor":22,"key":"Explosive Potion"},{"floor":25,"key":"EntropicBrew"},{"floor":28,"key":"Poison Potion"},{"floor":35,"key":"Ancient Potion"},{"floor":46,"key":"Fire Potion"},{"floor":47,"key":"GamblersBrew"},{"floor":48,"key":"Block Potion"}],"is_trial":false,"path_per_floor":["M","?","M","M","M","R","M","?","T","M","M","?","?","E","R","B",null,"M","$","?","M","M","R","?","E","T","M","E","M","?","M","R","B",null,"M","M","$","M","?","R","$","E","T","E","$","M","M","M","R","B"],"character_chosen":"DEFECT","items_purchased":["Centennial Puzzle","Storm","Doom and Gloom","Bottled Tornado","Turbo"],"campfire_rested":0,"item_purchase_floors":[19,19,19,41,45],"current_hp_per_floor":[75,75,75,75,72,72,71,56,66,30,26,26,47,47,47,31,85,60,60,44,44,42,42,42,48,48,47,49,48,48,36,36,4,49,43,40,40,40,40,40,40,20,20,37,37,41,49,49,49,49],"gold":63,"neow_bonus":"REMOVE_TWO","is_prod":false,"is_daily":false,"chose_seed":false,"campfire_upgraded":6,"win_rate":0,"timestamp":1534990035,"path_taken":["M","?","M","?","M","R","M","?","T","?","M","?","?","E","R","BOSS","M","$","?","M","M","R","?","E","T","?","E","?","?","M","R","BOSS","M","M","$","M","?","R","$","E","T","E","$","M","M","M","R","BOSS"],"build_version":"2018-08-16","purchased_purges":3,"victory":true,"max_hp_per_floor":[75,75,75,75,75,75,75,75,85,85,85,85,85,85,85,85,85,85,85,85,85,85,85,42,49,49,49,49,49,49,49,49,49,49,49,49,49,49,49,49,49,49,49,49,49,49,49,49,49,49],"card_choices":[{"not_picked":["Steam Power","Barrage"],"picked":"Stack","floor":1},{"not_picked":["Cold Snap","Compile Driver"],"picked":"White Noise","floor":3},{"not_picked":["Redo","Skim","Hologram"],"picked":"SKIP","floor":4},{"not_picked":["Rebound","Streamline"],"picked":"Leap","floor":5},{"not_picked":["Double Energy","Streamline"],"picked":"Coolheaded","floor":7},{"not_picked":["Sweeping Beam","Beam Cell","Compile Driver"],"picked":"SKIP","floor":10},{"not_picked":["Static Discharge","Scrape"],"picked":"Electrodynamics","floor":11},{"not_picked":["Beam Cell","Barrage"],"picked":"Storm","floor":14},{"not_picked":["Buffer","Meteor Strike"],"picked":"Machine Learning","floor":16},{"not_picked":["Lockon","Streamline"],"picked":"Defragment","floor":18},{"not_picked":["Coolheaded","Redo"],"picked":"Heatsinks","floor":21},{"not_picked":["Beam Cell","Stack"],"picked":"Hello World","floor":22},{"not_picked":["Streamline","Barrage+1"],"picked":"Capacitor","floor":25},{"not_picked":["Steam","Scrape"],"picked":"Machine Learning","floor":27},{"not_picked":["Scrape+1","Recycle+1"],"picked":"Chaos","floor":28},{"not_picked":["Coolheaded","Steam"],"picked":"Conserve Battery","floor":29},{"not_picked":["Rebound","Gash","Doom and Gloom"],"picked":"SKIP","floor":31},{"not_picked":["Reboot","Biased Cognition"],"picked":"Amplify","floor":33},{"not_picked":["Double Energy","Cold Snap+1"],"picked":"Stack+1","floor":35},{"not_picked":["Go for the Eyes","Rebound+1"],"picked":"Cold Snap+1","floor":36},{"not_picked":["All For One","Coolheaded+1"],"picked":"White Noise","floor":38},{"not_picked":["Rebound","Sweeping Beam"],"picked":"Seek","floor":42},{"not_picked":["Stack+1","Cold Snap+1"],"picked":"Redo+1","floor":44},{"not_picked":["Leap","Blizzard"],"picked":"Turbo","floor":46},{"not_picked":["Sweeping Beam+1","Tempest"],"picked":"Hologram+1","floor":47},{"not_picked":["Compile Driver+1","Stack+1"],"picked":"Static Discharge+1","floor":48}],"player_experience":371488,"relics_obtained":[{"floor":9,"key":"Pear"},{"floor":14,"key":"Pen Nib"},{"floor":25,"key":"Strawberry"},{"floor":26,"key":"Smiling Mask"},{"floor":28,"key":"Pantograph"},{"floor":42,"key":"Bird Faced Urn"},{"floor":43,"key":"Bag of Preparation"},{"floor":44,"key":"Anchor"}],"event_choices":[{"event_name":"Accursed Blacksmith","player_choice":"Rummage","floor":2,"damage_taken":0},{"event_name":"Shining Light","player_choice":"Entered Light","floor":8,"damage_taken":0},{"event_name":"Liars Game","player_choice":"agreed","floor":12,"damage_taken":0},{"event_name":"The Cleric","player_choice":"Healed","floor":13,"damage_taken":0},{"event_name":"Cursed Tome","player_choice":"Obtained Book","floor":20,"damage_taken":0},{"event_name":"Ghosts","player_choice":"Became a Ghost","floor":24,"damage_taken":0},{"event_name":"The Mausoleum","player_choice":"Yes","floor":30,"damage_taken":0},{"event_name":"Purifier","player_choice":"One Purge","floor":39,"damage_taken":0}],"is_beta":false,"boss_relics":[{"not_picked":["Inserter","Eternal Feather"],"picked":"Cursed Key"},{"not_picked":["Sozu","Runic Pyramid"],"picked":"Astrolabe"}],"items_purged_floors":[19,37,45],"is_endless":false,"potions_floor_spawned":[1,3,5,14,22,25,28,35,46,47,48],"ascension_level":2}