{"gold_per_floor":[116,116,129,154,0,43,64,64,88,88,88,88,101,142,142,142],"floor_reached":16,"playtime":1395,"items_purged":[],"score":176,"play_id":"e8e7d367-385d-4a8f-a01a-e2d04a6d2b58","local_time":"20190726104400","is_ascension_mode":true,"campfire_choices":[{"data":"Concentrate","floor":8,"key":"SMITH"},{"data":"Well Laid Plans","floor":10,"key":"SMITH"},{"data":"Outmaneuver","floor":12,"key":"SMITH"},{"data":"Footwork","floor":15,"key":"SMITH"}],"neow_cost":"NONE","seed_source_timestamp":180340017508750,"circlet_count":0,"master_deck":["AscendersBane","Strike_G","Strike_G","Strike_G","Strike_G","Defend_G","Defend_G","Defend_G","Defend_G","Defend_G","Survivor+1","Neutralize","Outmaneuver+1","Backflip","Sucker Punch","Flying Knee","Footwork","Quick Slash","Outmaneuver+1","Well Laid Plans+1","Concentrate+1","Dagger Spray","Footwork+1"],"special_seed":0,"relics":["Ring of the Snake","Golden Idol","War Paint","Bag of Preparation","Orichalcum"],"potions_floor_usage":[6,6,7,16],"damage_taken":[{"damage":1.0,"enemies":"Small Slimes","floor":1.0,"turns":5.0},{"damage":0.0,"enemies":"2 Louse","floor":3.0,"turns":4.0},{"damage":5.0,"enemies":"Jaw Worm","floor":4.0,"turns":4.0},{"damage":15,"enemies":"Gremlin Nob","floor":6,"turns":5},{"damage":9,"enemies":"Large Slime","floor":7,"turns":9},{"damage":7,"enemies":"3 Louse","floor":13,"turns":5},{"damage":8,"enemies":"Lagavulin","floor":14,"turns":12},{"damage":57,"enemies":"Hexaghost","floor":16,"turns":16}],"seed_played":"4230290910911832494","potions_obtained":[{"floor":1.0,"key":"Weak Potion"},{"floor":3.0,"key":"Strength Potion"},{"floor":7,"key":"Fruit Juice"},{"floor":14,"key":"Regen Potion"}],"is_trial":false,"path_per_floor":["M","?","M","M","$","E","M","R","T","R","?","R","M","E","R","B"],"character_chosen":"THE_SILENT","items_purchased":["Footwork","Quick Slash","Outmaneuver"],"campfire_rested":0,"item_purchase_floors":[5,5,5],"current_hp_per_floor":[62,62,62,57,57,42,38,38,38,38,61,61,54,46,46,0],"gold":142,"neow_bonus":"TRANSFORM_CARD","is_prod":false,"is_daily":false,"chose_seed":false,"campfire_upgraded":4,"win_rate":0,"timestamp":1564163040,"path_taken":["M","?","M","M","$","E","M","R","T","R","?","R","M","E","R","BOSS"],"build_version":"2019-07-17","purchased_purges":0,"victory":false,"max_hp_per_floor":[70,65,65,65,65,65,70,70,70,70,70,70,70,70,70,70],"card_choices":[{"not_picked":["Crippling Poison","PiercingWail"],"picked":"Backflip","floor":1.0},{"not_picked":["Slice","Blade Dance"],"picked":"Sucker Punch","floor":3.0},{"not_picked":["Noxious Fumes","Reflex"],"picked":"Flying Knee","floor":4.0},{"not_picked":["Sucker Punch","Deflect"],"picked":"Well Laid Plans","floor":6},{"not_picked":["Sucker Punch","Infinite Blades"],"picked":"Concentrate","floor":7},{"not_picked":["Crippling Poison","Dodge and Roll"],"picked":"Dagger Spray","floor":13},{"not_picked":["Grand Finale","Quick Slash"],"picked":"Footwork","floor":14}],"player_experience":500059,"relics_obtained":[{"floor":6,"key":"War Paint"},{"floor":9,"key":"Bag of Preparation"},{"floor":14,"key":"Orichalcum"}],"event_choices":[{"damage_healed":0.0,"max_hp_gain":0.0,"max_hp_loss":5.0,"gold_gain":0.0,"event_name":"Golden Idol","player_choice":"Lose Max HP","floor":2.0,"gold_loss":0.0,"damage_taken":0.0,"relics_obtained":["Golden Idol"]},{"damage_healed":23,"gold_gain":0,"player_choice":"Banana","damage_taken":0,"max_hp_gain":0,"max_hp_loss":0,"event_name":"Big Fish","floor":11,"gold_loss":0}],"is_beta":false,"boss_relics":[],"items_purged_floors":[],"is_endless":false,"potions_floor_spawned":[1,3,7,14],"killed_by":"Hexaghost","ascension_level":12}