{"gold_per_floor":[115,126,37,37,55,55,80,155,227,227,238,248,265,300,300,402,402,412,396,413,338,350,350,367,367,413,413,413],"floor_reached":28,"playtime":3549,"items_purged":[],"score":348,"play_id":"3d79697d-97c3-47ae-847e-9e6da26b3b80","local_time":"20190722120531","is_ascension_mode":true,"campfire_choices":[{"data":"All Out Attack","floor":6.0,"key":"SMITH"},{"data":"Concentrate","floor":10.0,"key":"SMITH"},{"floor":15,"key":"REST"},{"floor":23,"key":"REST"},{"data":"Tactician","floor":25,"key":"SMITH"},{"floor":27,"key":"REST"}],"neow_cost":"NONE","seed_source_timestamp":11168969865579,"circlet_count":0,"master_deck":["AscendersBane","Strike_G","Strike_G","Strike_G","Defend_G","Defend_G","Defend_G","Defend_G","Defend_G","Survivor","Neutralize","Flying Knee","Dagger Throw","Acrobatics","Outmaneuver","All Out Attack+1","Masterful Stab","Concentrate+1","Leg Sweep","Reflex","Prepared","Bouncing Flask","Night Terror","Deadly Poison+1","Well Laid Plans","Tactician+1","Outmaneuver+1","Bane+1","Backflip"],"special_seed":0,"relics":["Ring of the Snake","Boot","Matryoshka","Tough Bandages","Black Star","Question Card","Dream Catcher"],"potions_floor_usage":[14,18,24,24],"damage_taken":[{"damage":0.0,"enemies":"2 Louse","floor":1.0,"turns":3.0},{"damage":0.0,"enemies":"Cultist","floor":2.0,"turns":3.0},{"damage":6.0,"enemies":"Small Slimes","floor":5.0,"turns":4.0},{"damage":8.0,"enemies":"Gremlin Nob","floor":7.0,"turns":4.0},{"damage":1,"enemies":"Exordium Wildlife","floor":11,"turns":3},{"damage":1,"enemies":"2 Fungi Beasts","floor":12,"turns":3},{"damage":3,"enemies":"Looter","floor":13,"turns":4},{"damage":21,"enemies":"Lagavulin","floor":14,"turns":10},{"damage":19,"enemies":"Hexaghost","floor":16,"turns":12},{"damage":10,"enemies":"Shell Parasite","floor":18,"turns":7},{"damage":3,"enemies":"2 Thieves","floor":19,"turns":4},{"damage":20,"enemies":"Snecko","floor":20,"turns":7},{"damage":11,"enemies":"Chosen and Byrds","floor":22,"turns":8},{"damage":8,"enemies":"3 Cultists","floor":24,"turns":7},{"damage":46,"enemies":"Slavers","floor":28,"turns":4}],"seed_played":"3204820762832467220","potions_obtained":[{"floor":2.0,"key":"AttackPotion"},{"floor":12,"key":"Block Potion"},{"floor":16,"key":"PowerPotion"},{"floor":20,"key":"SpeedPotion"},{"floor":22,"key":"AttackPotion"}],"is_trial":false,"path_per_floor":["M","M","$","?","M","R","E","?","T","R","M","M","M","E","R","B",null,"M","M","M","?","M","R","M","R","T","R","E"],"character_chosen":"THE_SILENT","items_purchased":["Outmaneuver","All Out Attack"],"campfire_rested":3,"item_purchase_floors":[3,3],"current_hp_per_floor":[63,63,63,56,50,50,42,35,35,35,34,33,30,9,30,11,55,45,42,22,22,11,32,24,24,24,45,0],"gold":413,"neow_bonus":"THREE_CARDS","is_prod":false,"is_daily":false,"chose_seed":false,"campfire_upgraded":3,"win_rate":0,"timestamp":1563822331,"path_taken":["M","M","$","?","M","R","E","?","T","R","M","M","M","E","R","BOSS","M","M","?","?","M","R","M","R","T","R","E"],"build_version":"2019-07-17","purchased_purges":0,"victory":false,"max_hp_per_floor":[70,70,70,70,70,70,70,70,70,70,70,70,70,70,70,70,70,70,70,70,70,70,70,70,70,70,70,70],"card_choices":[{"not_picked":["Cloak And Dagger","Predator"],"picked":"Flying Knee","floor":0.0},{"not_picked":["Prepared","Blade Dance"],"picked":"Dagger Throw","floor":1.0},{"not_picked":["Dagger Spray","Cloak And Dagger"],"picked":"Acrobatics","floor":2.0},{"not_picked":["Quick Slash","Heel Hook"],"picked":"Masterful Stab","floor":5.0},{"not_picked":["Cloak And Dagger","Dagger Spray"],"picked":"Concentrate","floor":7.0},{"not_picked":["Deflect","Heel Hook"],"picked":"Leg Sweep","floor":11},{"not_picked":["Poisoned Stab","Backflip"],"picked":"Reflex","floor":12},{"not_picked":["Cloak And Dagger","Dash"],"picked":"Prepared","floor":13},{"not_picked":["Accuracy","Cloak And Dagger"],"picked":"Bouncing Flask","floor":14},{"not_picked":["Phantasmal Killer","Unload"],"picked":"Night Terror","floor":16},{"not_picked":["Dodge and Roll","Terror+1"],"picked":"Deadly Poison+1","floor":18},{"not_picked":["Cloak And Dagger","Slice"],"picked":"Well Laid Plans","floor":19},{"not_picked":["Blade Dance","Outmaneuver+1"],"picked":"Tactician","floor":20},{"not_picked":["Sucker Punch","Setup"],"picked":"Outmaneuver+1","floor":22},{"not_picked":["Dagger Spray+1","Bouncing Flask"],"picked":"Bane+1","floor":24},{"not_picked":["Cloak And Dagger","Deadly Poison","Finisher"],"picked":"Backflip","floor":27}],"player_experience":412759,"relics_obtained":[{"floor":7.0,"key":"Boot"},{"floor":9.0,"key":"Matryoshka"},{"floor":14,"key":"Tough Bandages"},{"floor":26,"key":"Question Card"},{"floor":26,"key":"Dream Catcher"}],"event_choices":[{"cards_removed":["Strike_G"],"damage_healed":0.0,"max_hp_gain":0.0,"max_hp_loss":0.0,"gold_gain":0.0,"event_name":"Golden Wing","player_choice":"Card Removal","floor":4.0,"gold_loss":0.0,"damage_taken":7.0},{"damage_healed":0.0,"max_hp_gain":0.0,"max_hp_loss":0.0,"gold_gain":75.0,"event_name":"FaceTrader","player_choice":"Touch","floor":8.0,"gold_loss":0.0,"damage_taken":7.0},{"cards_removed":["Strike_G"],"damage_healed":0,"gold_gain":0,"player_choice":"Gave Gold","damage_taken":0,"max_hp_gain":0,"max_hp_loss":0,"event_name":"Beggar","floor":21,"gold_loss":75}],"is_beta":false,"boss_relics":[{"not_picked":["Philosopher\u0027s Stone","Cursed Key"],"picked":"Black Star"}],"items_purged_floors":[],"is_endless":false,"potions_floor_spawned":[2,12,16,20,22],"killed_by":"Slavers","ascension_level":10}