{"gold_per_floor":[117,49,63,13,13,45,59,75,148,181,192,192,224,236,236,338,338,354,354,320,32,51,51,0,0,25,38,53,79,79,97,97,193,193,204,215,228,228,6,6],"floor_reached":40,"playtime":9007,"items_purged":[],"score":455,"play_id":"df32923b-7040-42ec-9882-52c1f17c279a","local_time":"20180730221811","is_ascension_mode":false,"campfire_choices":[{"floor":12,"key":"REST"},{"floor":15,"key":"REST"},{"floor":23,"key":"REST"},{"floor":25,"key":"REST"},{"floor":30,"key":"REST"},{"floor":32,"key":"REST"}],"neow_cost":"","seed_source_timestamp":0,"circlet_count":0,"master_deck":["Defend_G","Defend_G","Defend_G+1","Strike_G+1","Strike_G","Strike_G","Survivor","Neutralize","Backflip","Terror","Backflip","Acrobatics","Heel Hook","Poisoned Stab","Sucker Punch","Catalyst","Crippling Poison","Blur","Bullet Time","Quick Slash+1","Poisoned Stab","Terror","Blur","Apotheosis","Sucker Punch","Escape Plan","Flying Knee+1","Dodge and Roll","Sucker Punch+1","PiercingWail","Envenom+1","Crippling Poison","Dash","Deadly Poison","Poisoned Stab+1","Infinite Blades+1","All Out Attack","Deadly Poison+1","Bane","Writhe","Dodge and Roll","Prepared"],"special_seed":0,"relics":["Ring of the Snake","Mango","Frozen Egg 2","Anchor","Bag of Preparation","Empty Cage","Potion Belt","Vajra","Orrery","Lantern"],"potions_floor_usage":[13,27,29,29,33,36,40],"damage_taken":[{"damage":4.0,"enemies":"Jaw Worm","floor":1.0,"turns":7.0},{"damage":1.0,"enemies":"2 Louse","floor":3.0,"turns":5.0},{"damage":13.0,"enemies":"3 Sentries","floor":6.0,"turns":13.0},{"damage":0.0,"enemies":"Cultist","floor":7.0,"turns":5.0},{"damage":9.0,"enemies":"Large Slime","floor":8.0,"turns":11.0},{"damage":14.0,"enemies":"Gremlin Nob","floor":10.0,"turns":3.0},{"damage":0,"enemies":"2 Fungi Beasts","floor":11,"turns":5},{"damage":23,"enemies":"Lagavulin","floor":13,"turns":6},{"damage":0,"enemies":"Lots of Slimes","floor":14,"turns":5},{"damage":19,"enemies":"The Guardian","floor":16,"turns":12},{"damage":28,"enemies":"Spheric Guardian","floor":18,"turns":7},{"damage":19,"enemies":"2 Thieves","floor":20,"turns":5},{"damage":13,"enemies":"Snake Plant","floor":22,"turns":3},{"damage":19,"enemies":"Centurion and Healer","floor":27,"turns":7},{"damage":0,"enemies":"Chosen and Byrds","floor":28,"turns":6},{"damage":38,"enemies":"Slavers","floor":29,"turns":9},{"damage":11,"enemies":"Sentry and Sphere","floor":31,"turns":8},{"damage":47,"enemies":"Collector","floor":33,"turns":9},{"damage":27,"enemies":"Flame Bruiser 1 Orb","floor":35,"turns":7},{"damage":0,"enemies":"Orb Walker","floor":36,"turns":3},{"damage":14,"enemies":"Maw","floor":37,"turns":6},{"damage":91,"enemies":"Giant Head","floor":40,"turns":9}],"seed_played":"-289973517079213862","potions_obtained":[{"floor":3.0,"key":"Fire Potion"},{"floor":6.0,"key":"AttackPotion"},{"floor":7.0,"key":"SteroidPotion"},{"floor":11,"key":"AttackPotion"},{"floor":13,"key":"SteroidPotion"},{"floor":20,"key":"SkillPotion"},{"floor":22,"key":"GamblersBrew"},{"floor":27,"key":"Block Potion"},{"floor":33,"key":"Explosive Potion"},{"floor":35,"key":"Energy Potion"},{"floor":36,"key":"Weak Potion"}],"is_trial":false,"path_per_floor":["M","$","M","?","?","E","M","M","T","E","M","R","E","M","R","B",null,"M","?","M","$","M","R","?","R","T","M","M","E","R","M","R","B",null,"M","M","M","?","$"],"character_chosen":"THE_SILENT","items_purchased":["Terror","Blur","Apotheosis","Sucker Punch","Lantern","Dodge and Roll","Prepared"],"campfire_rested":6,"item_purchase_floors":[2,21,21,21,39,39,39],"current_hp_per_floor":[66,66,65,65,51,52,52,43,43,29,29,54,31,31,56,37,84,56,56,37,37,24,49,49,74,74,55,55,17,42,31,56,9,84,57,57,43,64,64,0],"gold":6,"neow_bonus":"","is_prod":false,"is_daily":false,"chose_seed":false,"campfire_upgraded":0,"win_rate":0.0,"timestamp":1532981891,"path_taken":["M","$","M","?","?","E","M","M","T","E","M","R","E","?","R","BOSS","M","?","?","$","M","R","?","R","T","M","M","E","R","M","R","BOSS","M","M","M","?","$","E"],"build_version":"2018-07-26","purchased_purges":0,"victory":false,"max_hp_per_floor":[70,70,70,70,70,84,84,84,84,84,84,84,84,84,84,84,84,84,84,84,84,84,84,84,84,84,84,84,84,84,84,84,84,84,84,84,84,84,84,84],"card_choices":[{"not_picked":["Dagger Spray","Acrobatics"],"picked":"Backflip","floor":1.0},{"not_picked":["Bane","Heel Hook"],"picked":"Backflip","floor":3.0},{"not_picked":["Outmaneuver","Slice"],"picked":"Acrobatics","floor":6.0},{"not_picked":["Phantasmal Killer","Predator"],"picked":"Heel Hook","floor":7.0},{"not_picked":["Reflex","Distraction"],"picked":"Poisoned Stab","floor":8.0},{"not_picked":["Dagger Spray","Backstab"],"picked":"Sucker Punch","floor":10},{"not_picked":["Dagger Spray","Distraction"],"picked":"Catalyst","floor":11},{"not_picked":["Dagger Throw","Catalyst"],"picked":"Crippling Poison","floor":13},{"not_picked":["Leg Sweep","Slice"],"picked":"Blur","floor":14},{"not_picked":["Phantasmal Killer","Glass Knife"],"picked":"Bullet Time","floor":16},{"not_picked":["Sucker Punch","Slice+1"],"picked":"Quick Slash+1","floor":18},{"not_picked":["Flying Knee","Quick Slash"],"picked":"Terror","floor":20},{"not_picked":["Outmaneuver","Acrobatics"],"picked":"Escape Plan","floor":22},{"not_picked":["Outmaneuver","Underhanded Strike"],"picked":"Flying Knee+1","floor":27},{"not_picked":["Reflex+1","Catalyst"],"picked":"Dodge and Roll","floor":28},{"not_picked":["Quick Slash","Glass Knife"],"picked":"Sucker Punch+1","floor":29},{"not_picked":["Quick Slash","Crippling Poison"],"picked":"PiercingWail","floor":31},{"not_picked":["A Thousand Cuts+1","Tools of the Trade+1"],"picked":"Envenom+1","floor":33},{"not_picked":["Dagger Spray","Choke"],"picked":"Crippling Poison","floor":34},{"not_picked":["Prepared","Outmaneuver"],"picked":"Dash","floor":34},{"not_picked":["Outmaneuver+1","Riddle With Holes+1"],"picked":"Deadly Poison","floor":34},{"not_picked":["Skewer+1","Slice+1"],"picked":"Poisoned Stab+1","floor":34},{"not_picked":["Eviscerate","Poisoned Stab"],"picked":"Infinite Blades+1","floor":34},{"not_picked":["Outmaneuver+1","Poisoned Stab"],"picked":"All Out Attack","floor":35},{"not_picked":["Prepared+1","Escape Plan"],"picked":"Deadly Poison+1","floor":36},{"not_picked":["Deflect+1","Well Laid Plans+1"],"picked":"Bane","floor":37}],"player_experience":44427,"relics_obtained":[{"floor":6.0,"key":"Mango"},{"floor":9.0,"key":"Frozen Egg 2"},{"floor":10,"key":"Anchor"},{"floor":13,"key":"Bag of Preparation"},{"floor":26,"key":"Potion Belt"},{"floor":29,"key":"Vajra"}],"event_choices":[{"event_name":"The Cleric","player_choice":"Card Removal","floor":4.0,"damage_taken":0.0},{"event_name":"Shining Light","player_choice":"Entered Light","floor":5.0,"damage_taken":0.0},{"event_name":"Transmorgrifier","player_choice":"Transform","floor":19,"damage_taken":0},{"event_name":"Masked Bandits","player_choice":"Paid Bandits 51 gold","floor":24,"damage_taken":0},{"event_name":"Winding Halls","player_choice":"Writhe","floor":38,"damage_taken":0}],"is_beta":false,"boss_relics":[{"not_picked":["HoveringKite","Fusion Hammer"],"picked":"Empty Cage"},{"not_picked":["Eternal Feather","White Beast Statue"],"picked":"Orrery"}],"items_purged_floors":[],"is_endless":false,"potions_floor_spawned":[3,6,7,11,13,20,22,27,33,35,36],"killed_by":"Giant Head","ascension_level":0}