{"gold_per_floor":[112,22,22,35,51,51,81,81,81,99,99,117,136,167,167,167],"floor_reached":16,"playtime":902,"items_purged":[],"score":224,"play_id":"bdee5773-9b1e-4f51-a721-5495b2542620","local_time":"20190815120643","is_ascension_mode":true,"campfire_choices":[{"floor":6.0,"key":"REST"},{"floor":8.0,"key":"REST"},{"floor":15,"key":"REST"}],"neow_cost":"PERCENT_DAMAGE","seed_source_timestamp":1913694958131673,"circlet_count":0,"master_deck":["AscendersBane","Strike_G","Strike_G","Strike_G","Strike_G","Strike_G","Defend_G+1","Defend_G","Defend_G","Defend_G","Defend_G","Survivor","Neutralize","Underhanded Strike","Crippling Poison","Dodge and Roll+1","Dagger Throw","Prepared","Adrenaline","Flying Knee","PiercingWail","Terror","Underhanded Strike"],"special_seed":0,"relics":["Ring of the Snake","Calipers","Peace Pipe","Darkstone Periapt","Ornamental Fan"],"potions_floor_usage":[16],"damage_taken":[{"damage":4.0,"enemies":"Jaw Worm","floor":1.0,"turns":6.0},{"damage":2.0,"enemies":"Small Slimes","floor":4.0,"turns":3.0},{"damage":0.0,"enemies":"Cultist","floor":5.0,"turns":3.0},{"damage":28.0,"enemies":"Lagavulin","floor":7.0,"turns":7.0},{"damage":1,"enemies":"Exordium Wildlife","floor":10,"turns":3},{"damage":3,"enemies":"Blue Slaver","floor":12,"turns":4},{"damage":0,"enemies":"2 Fungi Beasts","floor":13,"turns":4},{"damage":55,"enemies":"Gremlin Nob","floor":14,"turns":5},{"damage":30,"enemies":"Hexaghost","floor":16,"turns":14}],"seed_played":"-3849316180277558611","potions_obtained":[{"floor":4.0,"key":"FearPotion"},{"floor":5.0,"key":"LiquidBronze"},{"floor":7.0,"key":"GamblersBrew"},{"floor":10,"key":"Regen Potion"}],"is_trial":false,"path_per_floor":["M","$","?","M","M","R","E","R","T","M","?","M","M","E","R","B"],"character_chosen":"THE_SILENT","items_purchased":["Crippling Poison","Dodge and Roll"],"campfire_rested":3,"item_purchase_floors":[2,2],"current_hp_per_floor":[40,40,20,18,18,37,9,28,28,27,66,63,63,8,27,0],"gold":167,"neow_bonus":"ONE_RARE_RELIC","is_prod":false,"is_daily":false,"chose_seed":false,"campfire_upgraded":0,"win_rate":0,"timestamp":1565896003,"path_taken":["M","$","?","M","M","R","E","R","T","M","?","M","M","E","R","BOSS"],"build_version":"2019-07-17","purchased_purges":0,"victory":false,"max_hp_per_floor":[66,66,66,66,66,66,66,66,66,66,66,66,66,66,66,66],"card_choices":[{"not_picked":["Flying Knee","Backstab"],"picked":"Underhanded Strike","floor":1.0},{"not_picked":["Infinite Blades","Poisoned Stab"],"picked":"Dagger Throw","floor":4.0},{"not_picked":["Reflex","Acrobatics"],"picked":"Prepared","floor":5.0},{"not_picked":["Heel Hook","Bane"],"picked":"Adrenaline","floor":7.0},{"not_picked":["Slice","Quick Slash"],"picked":"Flying Knee","floor":10},{"not_picked":["Poisoned Stab","Bane"],"picked":"PiercingWail","floor":12},{"not_picked":["Infinite Blades","Storm of Steel"],"picked":"Terror","floor":13},{"not_picked":["Blade Dance","Flying Knee"],"picked":"Underhanded Strike","floor":14}],"player_experience":745544,"relics_obtained":[{"floor":7.0,"key":"Peace Pipe"},{"floor":9.0,"key":"Darkstone Periapt"},{"floor":14,"key":"Ornamental Fan"}],"event_choices":[{"damage_healed":0.0,"max_hp_gain":0.0,"max_hp_loss":0.0,"gold_gain":0.0,"event_name":"Shining Light","player_choice":"Entered Light","floor":3.0,"gold_loss":0.0,"damage_taken":20.0,"cards_upgraded":["Dodge and Roll","Defend_G"]},{"damage_healed":39,"gold_gain":0,"player_choice":"Full Heal","damage_taken":0,"max_hp_gain":0,"max_hp_loss":0,"event_name":"Wheel of Change","floor":11,"gold_loss":0}],"is_beta":false,"boss_relics":[],"items_purged_floors":[],"is_endless":false,"potions_floor_spawned":[4,5,7,10],"killed_by":"Hexaghost","ascension_level":20}