{"gold_per_floor":[112,130,2,52,1,27,27,52,52,52],"floor_reached":10,"playtime":1039,"items_purged":["Strike_G"],"score":137,"play_id":"06520567-1bf1-4fa2-af17-7d3d0d37631f","local_time":"20190731093323","is_ascension_mode":true,"campfire_choices":[{"data":"Tools of the Trade","floor":7,"key":"SMITH"}],"neow_cost":"TEN_PERCENT_HP_LOSS","seed_source_timestamp":608427539330174,"circlet_count":0,"master_deck":["AscendersBane","Strike_G","Strike_G","Strike_G","Strike_G","Defend_G","Defend_G","Defend_G","Defend_G","Defend_G","Survivor","Neutralize","Tools of the Trade+1","Skewer","Leg Sweep","Acrobatics","Deadly Poison","Backflip","Burst"],"special_seed":0,"relics":["Ring of the Snake","Kunai","Omamori","Orichalcum"],"potions_floor_usage":[6,8],"damage_taken":[{"damage":6.0,"enemies":"Cultist","floor":1.0,"turns":5.0},{"damage":8.0,"enemies":"Jaw Worm","floor":2.0,"turns":4.0},{"damage":24,"enemies":"Lagavulin","floor":6,"turns":7},{"damage":19,"enemies":"Gremlin Nob","floor":8,"turns":6},{"damage":7,"enemies":"3 Sentries","floor":10,"turns":2}],"seed_played":"-4066301533780499091","potions_obtained":[{"floor":2.0,"key":"Poison Potion"},{"floor":6,"key":"Fire Potion"}],"is_trial":false,"path_per_floor":["M","M","$","?","$","E","R","E","T","E"],"character_chosen":"THE_SILENT","items_purchased":["Acrobatics","Deadly Poison"],"campfire_rested":0,"item_purchase_floors":[3,5],"current_hp_per_floor":[53,45,45,45,45,21,21,2,2,0],"gold":52,"neow_bonus":"THREE_RARE_CARDS","is_prod":false,"is_daily":false,"chose_seed":false,"campfire_upgraded":1,"win_rate":0,"timestamp":1564590803,"path_taken":["M","M","$","?","?","E","R","E","T","E"],"build_version":"2019-07-17","purchased_purges":1,"victory":false,"max_hp_per_floor":[60,60,60,60,60,60,60,60,60,60],"card_choices":[{"not_picked":["Adrenaline","Night Terror"],"picked":"Tools of the Trade","floor":0.0},{"not_picked":["Slice","Choke"],"picked":"Skewer","floor":1.0},{"not_picked":["Backflip","Deadly Poison"],"picked":"Leg Sweep","floor":2.0},{"not_picked":["Choke","Dagger Throw"],"picked":"Backflip","floor":6},{"not_picked":["Leg Sweep","Unload"],"picked":"Burst","floor":8}],"player_experience":572576,"relics_obtained":[{"floor":6,"key":"Kunai"},{"floor":8,"key":"Omamori"},{"floor":9,"key":"Orichalcum"}],"event_choices":[{"damage_healed":0.0,"max_hp_gain":0.0,"max_hp_loss":0.0,"gold_gain":50.0,"event_name":"Golden Shrine","player_choice":"Pray","floor":4.0,"gold_loss":0.0,"damage_taken":0.0}],"is_beta":false,"boss_relics":[],"items_purged_floors":[3],"is_endless":false,"potions_floor_spawned":[2,6],"killed_by":"3 Sentries","ascension_level":17}