{"gold_per_floor":[110,123,7,7,7,35,35,63,116,116,16,16],"floor_reached":12,"playtime":372,"items_purged":["Strike_B"],"score":218,"play_id":"75294ae5-9782-40e8-9cea-773905c3f17c","local_time":"20190813225726","is_ascension_mode":true,"campfire_choices":[{"data":"Sweeping Beam","floor":7,"key":"SMITH"},{"data":"Consume","floor":10,"key":"SMITH"}],"neow_cost":"NONE","seed_source_timestamp":788529435693800,"circlet_count":0,"master_deck":["AscendersBane","Strike_B","Strike_B","Strike_B","Defend_B","Defend_B","Defend_B","Defend_B","Zap","Dualcast","Capacitor","Sweeping Beam+1","Sunder","Darkness","Rainbow","Consume+1","Coolheaded"],"relics":["Cracked Core","NeowsBlessing","Smiling Mask","Bottled Tornado","Mercury Hourglass","Oddly Smooth Stone"],"potions_floor_usage":[8],"damage_taken":[{"damage":0,"enemies":"Cultist","floor":1,"turns":1},{"damage":0,"enemies":"2 Louse","floor":2,"turns":1},{"damage":0,"enemies":"Gremlin Nob","floor":6,"turns":1},{"damage":26,"enemies":"Lagavulin","floor":8,"turns":6},{"damage":68,"enemies":"Gremlin Nob","floor":12,"turns":4}],"seed_played":"-8818869465017341545","potions_obtained":[{"floor":6,"key":"GamblersBrew"}],"is_trial":false,"path_per_floor":["M","M","$","T","?","E","R","E","T","R","$","E"],"character_chosen":"DEFECT","items_purchased":["Sunder","Darkness","Coolheaded"],"campfire_rested":0,"item_purchase_floors":[3,3,11],"current_hp_per_floor":[64,64,64,64,69,69,69,43,43,43,43,0],"gold":16,"neow_bonus":"THREE_ENEMY_KILL","is_prod":false,"is_daily":false,"chose_seed":false,"campfire_upgraded":2,"win_rate":0,"timestamp":1565729846,"path_taken":["M","?","$","?","?","E","R","E","T","R","?","E"],"build_version":"2019-07-17","purchased_purges":1,"victory":false,"max_hp_per_floor":[71,71,71,71,76,76,76,76,76,76,76,76],"card_choices":[{"not_picked":["Turbo","Heatsinks"],"picked":"Capacitor","floor":1},{"not_picked":["Beam Cell","Self Repair"],"picked":"Sweeping Beam","floor":2},{"not_picked":["Beam Cell","Sweeping Beam"],"picked":"Rainbow","floor":6},{"not_picked":["Rebound","Barrage"],"picked":"Consume","floor":8}],"player_experience":1490310,"relics_obtained":[{"floor":4,"key":"Smiling Mask"},{"floor":6,"key":"Bottled Tornado"},{"floor":8,"key":"Mercury Hourglass"},{"floor":9,"key":"Oddly Smooth Stone"}],"event_choices":[{"damage_healed":0,"gold_gain":0,"player_choice":"Donut","damage_taken":0,"max_hp_gain":5,"max_hp_loss":0,"event_name":"Big Fish","floor":5,"gold_loss":0}],"is_beta":false,"boss_relics":[],"items_purged_floors":[11],"is_endless":false,"potions_floor_spawned":[6],"killed_by":"Gremlin Nob","ascension_level":20}