{"gold_per_floor":[17,33,50,50,50,76,76,91,91,116,116,135,163,183,183,183],"floor_reached":16,"playtime":901,"items_purged":[],"score":207,"play_id":"14c4c5e8-7ca4-4ecb-adfa-3dde8fa56fc0","local_time":"20190729124519","is_ascension_mode":true,"campfire_choices":[{"data":"Storm of Steel","floor":7.0,"key":"SMITH"},{"floor":11.0,"key":"REST"},{"floor":15.0,"key":"REST"}],"neow_cost":"NO_GOLD","seed_source_timestamp":446519381639355,"circlet_count":0,"master_deck":["AscendersBane","Strike_G","Strike_G","Strike_G","Strike_G","Strike_G","Defend_G","Defend_G","Defend_G","Defend_G","Defend_G","Survivor","Neutralize","Storm of Steel+1","Flying Knee","Escape Plan","Flying Knee","Blur","Cloak And Dagger","Leg Sweep+1","Outmaneuver+1","Endless Agony","Dagger Spray"],"special_seed":0,"relics":["Ring of the Snake","Darkstone Periapt","Gremlin Horn","Toxic Egg 2","Girya"],"potions_floor_usage":[],"damage_taken":[{"damage":0.0,"enemies":"Small Slimes","floor":1.0,"turns":3.0},{"damage":1.0,"enemies":"Cultist","floor":2.0,"turns":4.0},{"damage":0.0,"enemies":"Jaw Worm","floor":3.0,"turns":4.0},{"damage":39.0,"enemies":"Lagavulin","floor":6.0,"turns":9.0},{"damage":8.0,"enemies":"Looter","floor":8.0,"turns":2.0},{"damage":15.0,"enemies":"3 Sentries","floor":10.0,"turns":11.0},{"damage":0.0,"enemies":"Blue Slaver","floor":12.0,"turns":4.0},{"damage":5.0,"enemies":"Gremlin Nob","floor":13.0,"turns":4.0},{"damage":4.0,"enemies":"Lots of Slimes","floor":14.0,"turns":4.0},{"damage":34,"enemies":"Slime Boss","floor":16,"turns":8}],"seed_played":"-1754292815744715807","potions_obtained":[{"floor":2.0,"key":"Weak Potion"},{"floor":4.0,"key":"Fruit Juice"},{"floor":4.0,"key":"Energy Potion"},{"floor":6.0,"key":"Explosive Potion"},{"floor":12.0,"key":"Fire Potion"},{"floor":14.0,"key":"LiquidBronze"}],"is_trial":false,"path_per_floor":["M","M","M","?","$","E","R","M","T","E","R","M","E","M","R","B"],"character_chosen":"THE_SILENT","items_purchased":[],"campfire_rested":2,"item_purchase_floors":[],"current_hp_per_floor":[59,58,58,63,63,24,24,16,16,1,22,22,17,13,34,0],"gold":183,"neow_bonus":"THREE_RARE_CARDS","is_prod":false,"is_daily":false,"chose_seed":false,"campfire_upgraded":1,"win_rate":0,"timestamp":1564429519,"path_taken":["M","M","M","?","$","E","R","M","T","E","R","M","E","M","R","BOSS"],"build_version":"2019-07-17","purchased_purges":0,"victory":false,"max_hp_per_floor":[66,66,66,71,71,71,71,71,71,71,71,71,71,71,71,71],"card_choices":[{"not_picked":["Unload","Doppelganger"],"picked":"Storm of Steel","floor":0.0},{"not_picked":["Quick Slash","Backstab"],"picked":"Flying Knee","floor":1.0},{"not_picked":["Slice","Flechettes"],"picked":"Escape Plan","floor":2.0},{"not_picked":["Acrobatics","Slice"],"picked":"Flying Knee","floor":3.0},{"not_picked":["PiercingWail","Eviscerate"],"picked":"Blur","floor":6.0},{"not_picked":["Dagger Throw","Poisoned Stab"],"picked":"Cloak And Dagger","floor":8.0},{"not_picked":["Phantasmal Killer","Cloak And Dagger"],"picked":"Leg Sweep","floor":10.0},{"not_picked":["Underhanded Strike","Quick Slash"],"picked":"Outmaneuver+1","floor":12.0},{"not_picked":["Noxious Fumes","Eviscerate"],"picked":"Endless Agony","floor":13.0},{"not_picked":["Bane","Predator"],"picked":"Dagger Spray","floor":14.0}],"player_experience":536472,"relics_obtained":[{"floor":6.0,"key":"Darkstone Periapt"},{"floor":9.0,"key":"Gremlin Horn"},{"floor":10.0,"key":"Toxic Egg 2"},{"floor":13.0,"key":"Girya"}],"event_choices":[{"damage_healed":0.0,"max_hp_gain":0.0,"max_hp_loss":0.0,"gold_gain":0.0,"event_name":"Lab","player_choice":"Got Potions","floor":4.0,"gold_loss":0.0,"damage_taken":0.0}],"is_beta":false,"boss_relics":[],"items_purged_floors":[],"is_endless":false,"potions_floor_spawned":[2,6,12,14],"killed_by":"Slime Boss","ascension_level":14}