{"gold_per_floor":[113,113,19,19,38,68,68,96,168,183,183,199,199,211,211,211],"floor_reached":16,"playtime":652,"items_purged":[],"score":270,"play_id":"5fee0c8d-968f-40a8-bce1-f1eb917bc2a4","local_time":"20190814135051","is_ascension_mode":true,"campfire_choices":[{"data":"Terror","floor":7.0,"key":"SMITH"},{"floor":11.0,"key":"REST"},{"floor":13.0,"key":"REST"},{"floor":15.0,"key":"REST"}],"neow_cost":"NONE","seed_source_timestamp":1833526210092154,"circlet_count":0,"master_deck":["AscendersBane","Strike_G","Strike_G","Strike_G","Strike_G","Strike_G","Defend_G","Defend_G","Defend_G","Defend_G","Defend_G","Survivor","Neutralize","Outmaneuver","Dodge and Roll","Neutralize","Tactician","Dagger Throw","Terror+1","Outmaneuver","Skewer","Dash","Prepared","Tactician"],"special_seed":0,"relics":["Ring of the Snake","NeowsBlessing","Oddly Smooth Stone","Orichalcum","Pear"],"potions_floor_usage":[16,16],"damage_taken":[{"damage":0.0,"enemies":"Jaw Worm","floor":1.0,"turns":1.0},{"damage":0.0,"enemies":"Cultist","floor":5.0,"turns":1.0},{"damage":0.0,"enemies":"3 Sentries","floor":6.0,"turns":1.0},{"damage":52.0,"enemies":"Gremlin Nob","floor":8.0,"turns":5.0},{"damage":1.0,"enemies":"2 Louse","floor":10.0,"turns":2.0},{"damage":33.0,"enemies":"Exordium Thugs","floor":12.0,"turns":7.0},{"damage":6.0,"enemies":"2 Fungi Beasts","floor":14.0,"turns":4.0},{"damage":43,"enemies":"Slime Boss","floor":16,"turns":7}],"seed_played":"-1692860576442592534","potions_obtained":[{"floor":8.0,"key":"Energy Potion"},{"floor":10.0,"key":"AttackPotion"},{"floor":14.0,"key":"GhostInAJar"}],"is_trial":false,"path_per_floor":["M","?","$","$","M","E","R","E","T","M","R","M","R","M","R","B"],"character_chosen":"THE_SILENT","items_purchased":["Tactician","Dagger Throw"],"campfire_rested":3,"item_purchase_floors":[3,3],"current_hp_per_floor":[59,59,59,59,59,59,59,7,17,16,38,5,27,21,43,0],"gold":211,"neow_bonus":"THREE_ENEMY_KILL","is_prod":false,"is_daily":false,"chose_seed":false,"campfire_upgraded":1,"win_rate":0,"timestamp":1565815851,"path_taken":["M","?","?","$","M","E","R","E","T","?","R","M","R","M","R","BOSS"],"build_version":"2019-07-17","purchased_purges":0,"victory":false,"max_hp_per_floor":[66,66,66,66,66,66,66,66,76,76,76,76,76,76,76,76],"card_choices":[{"not_picked":["Backflip","Flying Knee"],"picked":"Outmaneuver","floor":1.0},{"not_picked":["Catalyst","Concentrate"],"picked":"Terror","floor":5.0},{"not_picked":["Flechettes","Bouncing Flask"],"picked":"Outmaneuver","floor":6.0},{"not_picked":["PiercingWail","Dagger Spray"],"picked":"Skewer","floor":8.0},{"not_picked":["PiercingWail","Slice"],"picked":"Dash","floor":10.0},{"not_picked":["Flying Knee","Sucker Punch"],"picked":"Prepared","floor":12.0},{"not_picked":["PiercingWail","Backstab"],"picked":"Tactician","floor":14.0}],"player_experience":726907,"relics_obtained":[{"floor":6.0,"key":"Oddly Smooth Stone"},{"floor":8.0,"key":"Orichalcum"},{"floor":9.0,"key":"Pear"}],"event_choices":[{"damage_healed":0.0,"max_hp_gain":0.0,"max_hp_loss":0.0,"gold_gain":0.0,"event_name":"Match and Keep!","player_choice":"2 cards matched","floor":2.0,"gold_loss":0.0,"damage_taken":0.0,"cards_obtained":["Dodge and Roll","Neutralize"]}],"is_beta":false,"boss_relics":[],"items_purged_floors":[],"is_endless":false,"potions_floor_spawned":[8,10,12,14],"killed_by":"Slime Boss","ascension_level":20}