{"gold_per_floor":[117,67,67,84,102,122,197,197,197,224,244,258,258,278,278,381,381,364,364,289,289,307,307,93,93,175,201,220,220,230,6,6,6],"floor_reached":33,"playtime":1847,"items_purged":["Strike_R","Strike_R","Strike_R"],"score":292,"play_id":"9e25081d-ddef-437b-aeed-71c8c70e5b65","local_time":"20190619153810","is_ascension_mode":false,"campfire_choices":[{"data":"Clothesline","floor":8,"key":"SMITH"},{"data":"Armaments","floor":13,"key":"SMITH"},{"data":"Disarm","floor":15,"key":"SMITH"},{"data":"Feed","floor":23,"key":"SMITH"},{"data":"Rampage","floor":25,"key":"SMITH"},{"floor":32,"key":"REST"}],"neow_cost":"NONE","seed_source_timestamp":227314739208912,"circlet_count":0,"master_deck":["Defend_R","Defend_R","Defend_R","Defend_R","Bash","True Grit","Cleave","Clothesline+1","Disarm+1","Shrug It Off","Armaments+1","Metallicize","Feed+1","Spot Weakness","Disarm+1","Disarm+1","Rampage+1","Burning Pact","Dark Embrace","Headbutt"],"relics":["Runic Cube"],"potions_floor_usage":[10,16,18,27,27,31,33,33],"damage_taken":[{"damage":8,"enemies":"Jaw Worm","floor":1,"turns":3},{"damage":0,"enemies":"2 Louse","floor":4,"turns":3},{"damage":1,"enemies":"Cultist","floor":5,"turns":3},{"damage":1,"enemies":"3 Louse","floor":6,"turns":3},{"damage":14,"enemies":"3 Sentries","floor":10,"turns":7},{"damage":4,"enemies":"Large Slime","floor":11,"turns":7},{"damage":12,"enemies":"Gremlin Gang","floor":12,"turns":4},{"damage":2,"enemies":"Red Slaver","floor":14,"turns":6},{"damage":10,"enemies":"The Guardian","floor":16,"turns":12},{"damage":21,"enemies":"2 Thieves","floor":18,"turns":4},{"damage":1,"enemies":"Shell Parasite","floor":22,"turns":8},{"damage":26,"enemies":"Gremlin Leader","floor":27,"turns":8},{"damage":27,"enemies":"Sentry and Sphere","floor":28,"turns":11},{"damage":9,"enemies":"Snake Plant","floor":30,"turns":8},{"damage":49,"enemies":"Automaton","floor":33,"turns":10}],"seed_played":"-1016724039811713736","potions_obtained":[{"floor":4,"key":"LiquidBronze"},{"floor":5,"key":"AttackPotion"},{"floor":6,"key":"PowerPotion"},{"floor":12,"key":"LiquidBronze"},{"floor":16,"key":"Weak Potion"},{"floor":27,"key":"Dexterity Potion"},{"floor":30,"key":"PowerPotion"}],"is_trial":false,"path_per_floor":["M","?","?","M","M","M","?","R","T","E","M","M","R","M","R","B",null,"M","?","$","?","M","R","$","R","T","E","M","?","M","$","R","B"],"character_chosen":"IRONCLAD","items_purchased":["Rampage","Burning Pact","Fruit Juice"],"campfire_rested":1,"item_purchase_floors":[24,24,31],"current_hp_per_floor":[72,72,65,65,64,63,52,52,52,38,34,22,22,20,20,10,80,63,63,63,63,66,66,66,66,66,40,17,17,12,17,47,0],"gold":6,"neow_bonus":"BOSS_RELIC","is_prod":false,"is_daily":false,"chose_seed":false,"campfire_upgraded":5,"win_rate":0,"timestamp":1560951490,"path_taken":["M","?","?","M","M","M","?","R","T","E","?","M","R","M","R","BOSS","M","?","$","?","M","R","$","R","T","E","?","?","M","$","R","BOSS"],"build_version":"2019-01-23","purchased_purges":3,"victory":false,"max_hp_per_floor":[80,80,80,80,80,80,80,80,80,80,80,80,80,80,80,80,80,84,84,84,84,88,88,88,88,88,88,92,92,96,101,101,101],"card_choices":[{"not_picked":["Clash","Evolve"],"picked":"True Grit","floor":1},{"not_picked":["Heavy Blade","Metallicize"],"picked":"Cleave","floor":4},{"not_picked":["Warcry","Armaments"],"picked":"Clothesline","floor":5},{"not_picked":["Sword Boomerang","Battle Trance"],"picked":"Disarm","floor":6},{"not_picked":["Rupture","Clash"],"picked":"Shrug It Off","floor":10},{"not_picked":["Shrug It Off","Perfected Strike","Searing Blow"],"picked":"SKIP","floor":11},{"not_picked":["Headbutt","Clothesline"],"picked":"Armaments","floor":12},{"not_picked":["Cleave","Carnage"],"picked":"Metallicize","floor":14},{"not_picked":["Immolate","Brutality"],"picked":"Feed","floor":16},{"not_picked":["Shrug It Off+1","Searing Blow"],"picked":"Spot Weakness","floor":18},{"not_picked":["Wild Strike+1","Fire Breathing+1"],"picked":"Disarm+1","floor":22},{"not_picked":["Thunderclap","Perfected Strike+1"],"picked":"Dark Embrace","floor":27},{"not_picked":["Thunderclap","Uppercut","Heavy Blade"],"picked":"SKIP","floor":28},{"not_picked":["Warcry","Twin Strike"],"picked":"Headbutt","floor":30}],"player_experience":1363747,"relics_obtained":[],"event_choices":[{"cards_removed":["Strike_R"],"damage_healed":0,"gold_gain":0,"player_choice":"Card Removal","damage_taken":0,"max_hp_gain":0,"max_hp_loss":0,"event_name":"The Cleric","floor":2,"gold_loss":50},{"cards_removed":["Strike_R"],"damage_healed":0,"gold_gain":0,"player_choice":"Card Removal","damage_taken":7,"max_hp_gain":0,"max_hp_loss":0,"event_name":"Golden Wing","floor":3,"gold_loss":0},{"damage_healed":0,"gold_gain":75,"player_choice":"Gather Gold","damage_taken":11,"max_hp_gain":0,"max_hp_loss":0,"event_name":"World of Goop","floor":7,"gold_loss":0},{"damage_healed":0,"gold_gain":0,"player_choice":"Ignored","damage_taken":0,"max_hp_gain":0,"max_hp_loss":0,"event_name":"Vampires","floor":19,"gold_loss":0},{"damage_healed":0,"gold_gain":0,"player_choice":"Copied","damage_taken":0,"max_hp_gain":0,"max_hp_loss":0,"event_name":"Duplicator","floor":21,"gold_loss":0,"cards_obtained":["Disarm"]},{"damage_healed":0,"gold_gain":0,"player_choice":"Ignored","damage_taken":0,"max_hp_gain":0,"max_hp_loss":0,"event_name":"The Mausoleum","floor":29,"gold_loss":0}],"is_beta":false,"boss_relics":[{"not_picked":["White Beast Statue","Black Star","Runic Dome"]}],"items_purged_floors":[20,24,31],"is_endless":false,"potions_floor_spawned":[4,5,6,12,16,27,30],"killed_by":"Automaton","ascension_level":0}