{"gold_per_floor":[112,126,126,143,143,143,19,36,36,50,14,14,39,52,52,147,147,163,183,183,196,208,208,223,223,223,238,238,266,4,15,15,15],"floor_reached":33,"playtime":5084,"items_purged":[],"score":371,"play_id":"8aab8a05-5473-4849-9b01-41eede117ad3","local_time":"20180731164600","is_ascension_mode":false,"campfire_choices":[{"data":"PiercingWail","floor":6,"key":"SMITH"},{"data":"Infinite Blades","floor":12,"key":"SMITH"},{"data":"Quick Slash","floor":15,"key":"SMITH"},{"floor":23,"key":"REST"},{"floor":28,"key":"REST"},{"floor":32,"key":"REST"}],"neow_cost":"NONE","seed_source_timestamp":188638627700682,"circlet_count":0,"master_deck":["Defend_G","Defend_G","Defend_G","Defend_G","Strike_G","Strike_G","Strike_G","Strike_G","Strike_G","Survivor","Neutralize","Cloak And Dagger","PiercingWail+1","Cloak And Dagger","Flying Knee","Quick Slash+1","Cloak And Dagger","Outmaneuver","Poisoned Stab","Blade Dance","Infinite Blades+1","Blade Dance","Cloak And Dagger","Corpse Explosion","Poisoned Stab","Poisoned Stab+1","PiercingWail+1","Backflip","Poisoned Stab","Sucker Punch","Storm of Steel","Backflip","Acrobatics","Calculated Gamble","Blind","Dagger Spray","Bane+1","Cloak And Dagger"],"relics":["Ring of the Snake","Ancient Tea Set","Boot","Bottled Flame","White Beast Statue","Mango","Bottled Tornado","Dream Catcher"],"potions_floor_usage":[14,14,19,22,27,27,27,29,33,33],"damage_taken":[{"damage":0,"enemies":"Small Slimes","floor":1,"turns":4},{"damage":0,"enemies":"Cultist","floor":2,"turns":5},{"damage":0,"enemies":"Jaw Worm","floor":4,"turns":5},{"damage":0,"enemies":"Blue Slaver","floor":8,"turns":5},{"damage":0,"enemies":"Red Slaver","floor":10,"turns":3},{"damage":4,"enemies":"Lagavulin","floor":13,"turns":5},{"damage":7,"enemies":"Gremlin Gang","floor":14,"turns":4},{"damage":28,"enemies":"Hexaghost","floor":16,"turns":11},{"damage":32,"enemies":"Spheric Guardian","floor":18,"turns":8},{"damage":10,"enemies":"Shell Parasite","floor":19,"turns":7},{"damage":0,"enemies":"Centurion and Healer","floor":21,"turns":7},{"damage":11,"enemies":"Cultist and Chosen","floor":22,"turns":5},{"damage":0,"enemies":"3 Cultists","floor":24,"turns":3},{"damage":6,"enemies":"Centurion and Healer","floor":27,"turns":7},{"damage":28,"enemies":"Slavers","floor":29,"turns":4},{"damage":42,"enemies":"Slaver and Parasite","floor":31,"turns":11},{"damage":36,"enemies":"Champ","floor":33,"turns":10}],"seed_played":"5939176558159580001","potions_obtained":[{"floor":1,"key":"Strength Potion"},{"floor":8,"key":"Strength Potion"},{"floor":16,"key":"SteroidPotion"},{"floor":18,"key":"Weak Potion"},{"floor":19,"key":"Dexterity Potion"},{"floor":21,"key":"LiquidBronze"},{"floor":22,"key":"Weak Potion"},{"floor":24,"key":"EssenceOfSteel"},{"floor":27,"key":"Explosive Potion"},{"floor":29,"key":"Explosive Potion"},{"floor":31,"key":"Weak Potion"}],"is_trial":false,"path_per_floor":["M","M","?","M","?","R","$","M","T","M","$","R","E","M","R","B",null,"M","M","?","M","M","R","M","T","T","M","R","E","$","M","R"],"character_chosen":"THE_SILENT","items_purchased":["Quick Slash","Cloak And Dagger","Outmaneuver","Infinite Blades","Acrobatics","Calculated Gamble","Blind","Dagger Spray"],"campfire_rested":3,"item_purchase_floors":[7,7,7,11,30,30,30,30],"current_hp_per_floor":[70,70,70,70,75,75,75,75,75,75,75,75,71,64,64,36,75,43,33,33,33,22,44,44,58,58,52,78,50,50,8,34,0],"gold":15,"neow_bonus":"RANDOM_COMMON_RELIC","is_prod":false,"is_daily":false,"chose_seed":false,"campfire_upgraded":3,"win_rate":0.0,"timestamp":1533048360,"path_taken":["M","M","?","M","?","R","$","?","T","M","$","R","E","M","R","BOSS","M","?","?","M","?","R","M","?","T","M","R","E","?","M","R","BOSS"],"build_version":"2018-07-26","purchased_purges":0,"victory":false,"max_hp_per_floor":[70,70,70,70,75,75,75,75,75,75,75,75,75,75,75,75,75,75,75,75,75,75,75,75,89,89,89,89,89,89,89,89,89],"card_choices":[{"not_picked":["Footwork","Flying Knee"],"picked":"Cloak And Dagger","floor":1},{"not_picked":["Burst","Dagger Throw"],"picked":"PiercingWail","floor":2},{"not_picked":["Underhanded Strike","Predator"],"picked":"Flying Knee","floor":4},{"not_picked":["Heel Hook","Bane"],"picked":"Poisoned Stab","floor":8},{"not_picked":["Underhanded Strike","Dagger Throw"],"picked":"Blade Dance","floor":10},{"not_picked":["Riddle With Holes","Skewer"],"picked":"Blade Dance","floor":13},{"not_picked":["Outmaneuver","Underhanded Strike"],"picked":"Cloak And Dagger","floor":14},{"not_picked":["Die Die Die","Malaise"],"picked":"Corpse Explosion","floor":16},{"not_picked":["Tactician","Eviscerate"],"picked":"Poisoned Stab","floor":18},{"not_picked":["Skewer+1","Prepared"],"picked":"Poisoned Stab+1","floor":19},{"not_picked":["Well Laid Plans+1","Acrobatics"],"picked":"Backflip","floor":21},{"not_picked":["Slice","Blade Dance"],"picked":"Poisoned Stab","floor":22},{"not_picked":["Outmaneuver","Flechettes"],"picked":"Sucker Punch","floor":24},{"not_picked":["Sucker Punch","Poisoned Stab"],"picked":"Storm of Steel","floor":27},{"not_picked":["Noxious Fumes","Dagger Spray"],"picked":"Backflip","floor":29},{"not_picked":["Quick Slash","Well Laid Plans"],"picked":"Bane+1","floor":31},{"not_picked":["Backflip","Poisoned Stab"],"picked":"Cloak And Dagger","floor":32}],"player_experience":73233,"relics_obtained":[{"floor":9,"key":"Boot"},{"floor":13,"key":"Bottled Flame"},{"floor":25,"key":"Mango"},{"floor":26,"key":"Bottled Tornado"},{"floor":29,"key":"Dream Catcher"}],"event_choices":[{"event_name":"Transmorgrifier","player_choice":"Transform","floor":3,"damage_taken":0},{"event_name":"Big Fish","player_choice":"Donut","floor":5,"damage_taken":0},{"event_name":"Duplicator","player_choice":"One dupe","floor":20,"damage_taken":0}],"is_beta":false,"boss_relics":[{"not_picked":["Runic Pyramid","Cursed Key"],"picked":"White Beast Statue"}],"items_purged_floors":[],"is_endless":false,"potions_floor_spawned":[1,8,16,18,19,21,22,24,27,29,31],"killed_by":"Champ","ascension_level":0}