{"gold_per_floor":[117,136,61,77,37,64,64,64],"floor_reached":8,"playtime":321,"items_purged":[],"score":106,"play_id":"a91968b8-1611-4455-868b-be2f18dd4ced","local_time":"20190801162530","is_ascension_mode":true,"campfire_choices":[{"data":"Phantasmal Killer","floor":7.0,"key":"SMITH"}],"neow_cost":"NONE","seed_source_timestamp":720201114351777,"circlet_count":0,"master_deck":["AscendersBane","Strike_G","Strike_G","Strike_G","Strike_G","Defend_G","Defend_G","Defend_G","Defend_G","Defend_G","Survivor","Neutralize","Blade Dance","Cloak And Dagger","Leg Sweep","Dagger Spray","Phantasmal Killer+1"],"special_seed":0,"relics":["Ring of the Snake","NeowsBlessing","Bronze Scales"],"potions_floor_usage":[],"damage_taken":[{"damage":0.0,"enemies":"Jaw Worm","floor":1.0,"turns":1.0},{"damage":0.0,"enemies":"2 Louse","floor":2.0,"turns":1.0},{"damage":0.0,"enemies":"Cultist","floor":4.0,"turns":1.0},{"damage":0.0,"enemies":"Looter","floor":5.0,"turns":4.0},{"damage":22.0,"enemies":"Gremlin Nob","floor":6.0,"turns":4.0},{"damage":41,"enemies":"Lagavulin","floor":8,"turns":10}],"seed_played":"7859463055809941214","potions_obtained":[{"floor":1.0,"key":"AttackPotion"},{"floor":2.0,"key":"AttackPotion"}],"is_trial":false,"path_per_floor":["M","M","?","M","M","E","R","E"],"character_chosen":"THE_SILENT","items_purchased":[],"campfire_rested":0,"item_purchase_floors":[],"current_hp_per_floor":[59,59,59,59,59,37,37,0],"gold":64,"neow_bonus":"THREE_ENEMY_KILL","is_prod":false,"is_daily":false,"chose_seed":false,"campfire_upgraded":1,"win_rate":0,"timestamp":1564701930,"path_taken":["M","M","?","M","M","E","R","E"],"build_version":"2019-07-17","purchased_purges":0,"victory":false,"max_hp_per_floor":[66,66,66,66,66,66,66,66],"card_choices":[{"not_picked":["Endless Agony","Catalyst"],"picked":"Blade Dance","floor":1.0},{"not_picked":["Acrobatics","Bouncing Flask"],"picked":"Cloak And Dagger","floor":2.0},{"not_picked":["Cloak And Dagger","Dagger Throw"],"picked":"Leg Sweep","floor":4.0},{"not_picked":["Distraction","Deflect"],"picked":"Dagger Spray","floor":5.0},{"not_picked":["Dagger Spray","Backflip"],"picked":"Phantasmal Killer","floor":6.0}],"player_experience":615051,"relics_obtained":[{"floor":6.0,"key":"Bronze Scales"}],"event_choices":[{"cards_removed":["Strike_G"],"damage_healed":0.0,"max_hp_gain":0.0,"max_hp_loss":0.0,"gold_gain":0.0,"event_name":"The Cleric","player_choice":"Card Removal","floor":3.0,"gold_loss":75.0,"damage_taken":0.0}],"is_beta":false,"boss_relics":[],"items_purged_floors":[],"is_endless":false,"potions_floor_spawned":[1,2],"killed_by":"Lagavulin","ascension_level":18}