{"gold_per_floor":[113,113,128,143,158,158,182,182,182,357,23,23,62,83,83,204,204,222,3,3,3,3,3,28,49,49,26,26,42,42,55,55,175,175,198,198,1197,1216,12,47,47,0,51,10,33,33],"floor_reached":46,"playtime":3417,"items_purged":["Doubt","Injury","Normality"],"score":523,"play_id":"68d583a4-5aa4-4002-b495-9c37f6a93ab9","local_time":"20180807205808","is_ascension_mode":false,"campfire_choices":[{"data":"Noxious Fumes","floor":6,"key":"SMITH"},{"data":"Poisoned Stab","floor":8,"key":"SMITH"},{"data":"Poisoned Stab","floor":15,"key":"SMITH"},{"floor":23,"key":"REST"},{"floor":28,"key":"REST"},{"floor":32,"key":"REST"},{"floor":41,"key":"REST"}],"neow_cost":"","seed_source_timestamp":296834483505391,"circlet_count":0,"master_deck":["Defend_G","Defend_G","Defend_G","Defend_G","Defend_G","Strike_G","Strike_G","Survivor","Neutralize","Outmaneuver","Backflip","Noxious Fumes+1","Poisoned Stab+1","Poisoned Stab+1","Sucker Punch","Heel Hook","Dagger Spray","A Thousand Cuts","Dagger Spray+1","Deflect+1","Caltrops+1","Dagger Throw","Madness","Dodge and Roll","Necronomicurse","Crippling Poison","Backflip","Deflect","Footwork","Well Laid Plans","A Thousand Cuts","Riddle With Holes","Transmutation","Panache","Apotheosis","Normality","Deflect+1","Sadistic Nature","Well Laid Plans","Deflect","Flying Knee","Sucker Punch","Blind","Cloak And Dagger","Tools of the Trade","Deflect+1","Caltrops","Caltrops"],"relics":["Ring of the Snake","Golden Idol","Ninja Scroll","Sling","Mummified Hand","Astrolabe","Necronomicon","Pantograph","White Beast Statue","Blood Vial","Dream Catcher","Lee\u0027s Waffle","Singing Bowl","Red Mask","Ancient Tea Set"],"potions_floor_usage":[5,5,16,29,33,33,40,46,46,46],"damage_taken":[{"damage":0,"enemies":"2 Louse","floor":1,"turns":4},{"damage":0,"enemies":"Small Slimes","floor":3,"turns":5},{"damage":0,"enemies":"Jaw Worm","floor":4,"turns":7},{"damage":22,"enemies":"Exordium Thugs","floor":5,"turns":7},{"damage":0,"enemies":"Exordium Wildlife","floor":7,"turns":4},{"damage":5,"enemies":"3 Sentries","floor":13,"turns":5},{"damage":0,"enemies":"Looter","floor":14,"turns":3},{"damage":9,"enemies":"Hexaghost","floor":16,"turns":8},{"damage":20,"enemies":"Spheric Guardian","floor":18,"turns":4},{"damage":7,"enemies":"Chosen","floor":24,"turns":6},{"damage":17,"enemies":"Centurion and Healer","floor":25,"turns":6},{"damage":10,"enemies":"Cultist and Chosen","floor":29,"turns":6},{"damage":15,"enemies":"Snecko","floor":31,"turns":6},{"damage":33,"enemies":"Collector","floor":33,"turns":10},{"damage":8,"enemies":"3 Shapes","floor":35,"turns":5},{"damage":19,"enemies":"3 Darklings","floor":38,"turns":4},{"damage":73,"enemies":"2 Orb Walkers","floor":40,"turns":6},{"damage":22,"enemies":"Sphere and 2 Shapes","floor":45,"turns":6},{"damage":10,"enemies":"Spire Growth","floor":46,"turns":2}],"seed_played":"8743166794111844680","potions_obtained":[{"floor":1,"key":"Energy Potion"},{"floor":4,"key":"Regen Potion"},{"floor":5,"key":"SteroidPotion"},{"floor":14,"key":"Energy Potion"},{"floor":25,"key":"Explosive Potion"},{"floor":29,"key":"Regen Potion"},{"floor":31,"key":"Block Potion"},{"floor":35,"key":"LiquidBronze"},{"floor":38,"key":"Poison Potion"},{"floor":40,"key":"FearPotion"},{"floor":45,"key":"Fire Potion"}],"is_trial":false,"path_per_floor":["M","?","M","M","M","R","M","R","T","?","$","$","E","M","R","B",null,"M","$","?","$","?","R","M","M","T","$","R","M","?","M","R","B",null,"M","?","?","M","$","E","R","?","T","$","M"],"character_chosen":"THE_SILENT","items_purchased":["Sling","Sucker Punch","Madness","Dodge and Roll","Deflect","Blood Vial","Dream Catcher","Lee\u0027s Waffle","Sadistic Nature","Well Laid Plans","Deflect","Flying Knee","Sucker Punch","Blind","Cloak And Dagger","SkillPotion","Caltrops"],"campfire_rested":4,"item_purchase_floors":[11,11,19,19,27,39,39,39,39,39,39,39,39,39,39,39,44],"current_hp_per_floor":[70,70,70,70,57,57,57,57,57,57,57,57,52,52,52,43,70,50,50,50,50,34,55,48,31,31,31,52,42,42,27,48,52,70,62,52,52,33,77,4,27,27,27,27,7,0],"gold":33,"neow_bonus":"","is_prod":false,"is_daily":false,"chose_seed":false,"campfire_upgraded":3,"win_rate":0,"timestamp":1533668288,"path_taken":["M","?","M","M","M","R","M","R","T","?","?","$","E","?","R","BOSS","M","$","?","?","?","R","?","M","T","$","R","M","?","M","R","BOSS","M","?","?","M","$","E","R","?","T","?","?","M"],"build_version":"2018-08-02","purchased_purges":3,"victory":false,"max_hp_per_floor":[70,70,70,70,70,70,70,70,70,70,70,70,70,70,70,70,70,70,70,70,70,70,70,70,70,70,70,70,70,70,70,70,70,70,70,70,70,70,77,77,77,77,77,77,77,77],"card_choices":[{"not_picked":["Catalyst","Underhanded Strike"],"picked":"Outmaneuver","floor":1},{"not_picked":["Acrobatics","PiercingWail"],"picked":"Backflip","floor":3},{"not_picked":["All Out Attack","Dagger Throw"],"picked":"Noxious Fumes","floor":4},{"not_picked":["Prepared","Deflect"],"picked":"Poisoned Stab","floor":5},{"not_picked":["Riddle With Holes","Blade Dance"],"picked":"Poisoned Stab","floor":7},{"not_picked":["Slice","Skewer"],"picked":"Heel Hook","floor":13},{"not_picked":["Underhanded Strike","Slice"],"picked":"Dagger Spray","floor":14},{"not_picked":["Bullet Time","Night Terror"],"picked":"A Thousand Cuts","floor":16},{"not_picked":["Dagger Spray","Finisher"],"picked":"Dagger Throw","floor":18},{"not_picked":["Heel Hook","Finisher"],"picked":"Crippling Poison","floor":24},{"not_picked":["Acrobatics","Dagger Throw"],"picked":"Backflip","floor":25},{"not_picked":["Accuracy","Skewer"],"picked":"Footwork","floor":29},{"not_picked":["Backflip","Flechettes"],"picked":"Well Laid Plans","floor":31},{"not_picked":["Die Die Die","Adrenaline"],"picked":"A Thousand Cuts","floor":33},{"not_picked":["Cloak And Dagger","Dagger Throw"],"picked":"Riddle With Holes","floor":35},{"not_picked":["Finesse","Blind"],"picked":"Transmutation","floor":36},{"not_picked":["Secret Weapon","Flash of Steel"],"picked":"Panache","floor":36},{"not_picked":["Good Instincts","Master of Strategy"],"picked":"Apotheosis","floor":36},{"not_picked":["Sucker Punch","PiercingWail+1"],"picked":"Deflect+1","floor":38},{"not_picked":["Tactician","Outmaneuver"],"picked":"Tools of the Trade","floor":40},{"not_picked":["Dagger Spray+1","Prepared+1"],"picked":"Deflect+1","floor":41},{"not_picked":["Infinite Blades","Sucker Punch"],"picked":"Caltrops","floor":45}],"player_experience":248852,"relics_obtained":[{"floor":9,"key":"Ninja Scroll"},{"floor":13,"key":"Mummified Hand"},{"floor":22,"key":"Necronomicon"},{"floor":26,"key":"Pantograph"},{"floor":40,"key":"Singing Bowl"},{"floor":43,"key":"Ancient Tea Set"}],"event_choices":[{"event_name":"Golden Idol","player_choice":"Take Wound","floor":2,"damage_taken":0},{"event_name":"Liars Game","player_choice":"agreed","floor":10,"damage_taken":0},{"event_name":"Drug Dealer","player_choice":"Ignored","floor":20,"damage_taken":0},{"event_name":"Cursed Tome","player_choice":"Obtained Book","floor":22,"damage_taken":0},{"event_name":"Addict","player_choice":"Ignored","floor":30,"damage_taken":0},{"event_name":"SensoryStone","player_choice":"Memory 3","floor":36,"damage_taken":0},{"event_name":"MindBloom","player_choice":"Gold","floor":37,"damage_taken":0},{"event_name":"Tomb of Lord Red Mask","player_choice":"Paid","floor":42,"damage_taken":0}],"is_beta":false,"boss_relics":[{"not_picked":["Eternal Feather","Ectoplasm"],"picked":"Astrolabe"},{"not_picked":["Snecko Eye","Philosopher\u0027s Stone"],"picked":"White Beast Statue"}],"items_purged_floors":[11,19,39],"is_endless":false,"potions_floor_spawned":[1,4,5,14,25,29,31,35,38,40,45],"killed_by":"Spire Growth","ascension_level":0}