{"gold_per_floor":[110,185,11,23,23,23,41,41,68,68,83,100,100,115,115,191,191,163,163,163,163],"floor_reached":21,"playtime":790,"items_purged":[],"score":338,"play_id":"0d943d09-d6a9-461a-bc77-5e4cc5129439","local_time":"20190815132855","is_ascension_mode":true,"campfire_choices":[{"data":"All Out Attack","floor":6,"key":"SMITH"},{"data":"Outmaneuver","floor":8,"key":"SMITH"},{"data":"Dash","floor":10,"key":"SMITH"},{"floor":13,"key":"REST"},{"data":"Outmaneuver","floor":15,"key":"SMITH"}],"neow_cost":"NONE","seed_source_timestamp":1918873640061008,"circlet_count":0,"master_deck":["AscendersBane","Strike_G","Strike_G","Strike_G","Strike_G","Strike_G","Defend_G","Defend_G","Defend_G","Defend_G","Defend_G","Survivor","Neutralize","Infinite Blades","Blur","All Out Attack+1","Outmaneuver+1","PiercingWail","Dash+1","Caltrops","PiercingWail","Outmaneuver+1","Phantasmal Killer","Slice","Bouncing Flask"],"relics":["Ring of the Snake","NeowsBlessing","Boot","Busted Crown"],"potions_floor_usage":[16,18],"damage_taken":[{"damage":0,"enemies":"2 Louse","floor":1,"turns":1},{"damage":0,"enemies":"Cultist","floor":4,"turns":1},{"damage":0,"enemies":"Small Slimes","floor":7,"turns":1},{"damage":10,"enemies":"3 Louse","floor":11,"turns":3},{"damage":14,"enemies":"Gremlin Gang","floor":12,"turns":5},{"damage":1,"enemies":"Exordium Wildlife","floor":14,"turns":3},{"damage":41,"enemies":"The Guardian","floor":16,"turns":16},{"damage":18,"enemies":"2 Thieves","floor":18,"turns":4},{"damage":22,"enemies":"Spheric Guardian","floor":21,"turns":3}],"seed_played":"4092019449414827090","potions_obtained":[{"floor":4,"key":"EssenceOfSteel"},{"floor":11,"key":"Block Potion"}],"is_trial":false,"path_per_floor":["M","?","$","M","?","R","M","R","T","R","M","M","R","M","R","B",null,"M","?","?","M"],"character_chosen":"THE_SILENT","items_purchased":["Blur","All Out Attack","Outmaneuver"],"campfire_rested":1,"item_purchase_floors":[3,3,3],"current_hp_per_floor":[59,48,48,48,48,48,48,48,48,48,38,24,43,42,42,1,50,32,32,14,0],"gold":163,"neow_bonus":"THREE_ENEMY_KILL","is_prod":false,"is_daily":false,"chose_seed":false,"campfire_upgraded":4,"win_rate":0,"timestamp":1565900935,"path_taken":["M","?","$","M","?","R","M","R","T","R","?","M","R","M","R","BOSS","M","?","?","M"],"build_version":"2019-07-17","purchased_purges":0,"victory":false,"max_hp_per_floor":[66,66,66,66,66,66,66,66,66,66,66,66,66,66,66,66,66,66,66,71,71],"card_choices":[{"not_picked":["Acrobatics","Quick Slash"],"picked":"Infinite Blades","floor":1},{"not_picked":["Slice","Sucker Punch"],"picked":"PiercingWail","floor":4},{"not_picked":["Deadly Poison","Quick Slash"],"picked":"Dash","floor":7},{"not_picked":["Deflect","Adrenaline"],"picked":"Caltrops","floor":11},{"not_picked":["Blade Dance","Underhanded Strike"],"picked":"PiercingWail","floor":12},{"not_picked":["Quick Slash","Cloak And Dagger"],"picked":"Outmaneuver","floor":14},{"not_picked":["Unload","Night Terror"],"picked":"Phantasmal Killer","floor":16},{"not_picked":[],"picked":"Slice","floor":18}],"player_experience":749476,"relics_obtained":[{"floor":9,"key":"Boot"}],"event_choices":[{"damage_healed":0,"gold_gain":75,"player_choice":"Gather Gold","damage_taken":11,"max_hp_gain":0,"max_hp_loss":0,"event_name":"World of Goop","floor":2,"gold_loss":0},{"damage_healed":0,"gold_gain":0,"player_choice":"Leave","damage_taken":0,"max_hp_gain":0,"max_hp_loss":0,"event_name":"FaceTrader","floor":5,"gold_loss":0},{"damage_healed":0,"gold_gain":0,"player_choice":"Read","damage_taken":0,"max_hp_gain":0,"max_hp_loss":0,"event_name":"The Library","floor":19,"gold_loss":0,"cards_obtained":["Bouncing Flask"]},{"damage_healed":0,"gold_gain":0,"player_choice":"Shed Blood","damage_taken":23,"max_hp_gain":5,"max_hp_loss":0,"event_name":"Forgotten Altar","floor":20,"gold_loss":0}],"is_beta":false,"boss_relics":[{"not_picked":["Orrery","Snecko Eye"],"picked":"Busted Crown"}],"items_purged_floors":[],"is_endless":false,"potions_floor_spawned":[4,11,12],"killed_by":"Spheric Guardian","ascension_level":20}