{"gold_per_floor":[119,136,211,229,229,229,241,241],"floor_reached":8,"playtime":427,"items_purged":[],"score":96,"play_id":"50b8a16d-fda6-418b-b474-14e2de7f2575","local_time":"20190820122014","is_ascension_mode":true,"campfire_choices":[{"data":"Well Laid Plans","floor":6,"key":"SMITH"}],"neow_cost":"NONE","seed_source_timestamp":2347117743236178,"circlet_count":0,"master_deck":["AscendersBane","Strike_G","Strike_G","Strike_G","Strike_G","Defend_G","Defend_G","Defend_G","Defend_G","Defend_G","Survivor","Neutralize","Flying Knee","Deflect","Well Laid Plans+1","Acrobatics"],"relics":["Ring of the Snake"],"potions_floor_usage":[],"damage_taken":[{"damage":1,"enemies":"Small Slimes","floor":1,"turns":4},{"damage":10,"enemies":"2 Louse","floor":2,"turns":3},{"damage":0,"enemies":"Jaw Worm","floor":4,"turns":4},{"damage":29,"enemies":"Gremlin Gang","floor":7,"turns":9},{"damage":20,"enemies":"Lagavulin","floor":8,"turns":5}],"seed_played":"2560254540460805946","potions_obtained":[{"floor":4,"key":"GamblersBrew"},{"floor":7,"key":"GhostInAJar"}],"is_trial":false,"path_per_floor":["M","M","?","M","?","R","M","E"],"character_chosen":"THE_SILENT","items_purchased":[],"campfire_rested":0,"item_purchase_floors":[],"current_hp_per_floor":[58,48,37,37,30,30,1,0],"gold":241,"neow_bonus":"THREE_CARDS","is_prod":false,"is_daily":false,"chose_seed":false,"campfire_upgraded":1,"win_rate":0,"timestamp":1566328814,"path_taken":["M","M","?","M","?","R","M","E"],"build_version":"2019-07-17","purchased_purges":0,"victory":false,"max_hp_per_floor":[66,66,66,66,66,66,66,66],"card_choices":[{"not_picked":["Outmaneuver","Setup"],"picked":"Flying Knee","floor":0},{"not_picked":["Sucker Punch","Catalyst"],"picked":"Deflect","floor":1},{"not_picked":["Cloak And Dagger","Acrobatics"],"picked":"Well Laid Plans","floor":2},{"not_picked":["Underhanded Strike","Poisoned Stab"],"picked":"Acrobatics","floor":4},{"not_picked":["Infinite Blades","Acrobatics","Finisher"],"picked":"SKIP","floor":7}],"player_experience":793842,"relics_obtained":[],"event_choices":[{"damage_healed":0,"gold_gain":75,"player_choice":"Gather Gold","damage_taken":11,"max_hp_gain":0,"max_hp_loss":0,"event_name":"World of Goop","floor":3,"gold_loss":0},{"cards_removed":["Strike_G"],"damage_healed":0,"gold_gain":0,"player_choice":"Card Removal","damage_taken":7,"max_hp_gain":0,"max_hp_loss":0,"event_name":"Golden Wing","floor":5,"gold_loss":0}],"is_beta":false,"boss_relics":[],"items_purged_floors":[],"is_endless":false,"potions_floor_spawned":[4,7],"killed_by":"Lagavulin","ascension_level":20}