{"gold_per_floor":[117,117,117,128,144,144,172,172,172,187,187,220,220],"floor_reached":13,"playtime":336,"items_purged":[],"score":186,"play_id":"696c4327-590d-4e1b-b461-71171ed4e3b3","local_time":"20190819131852","is_ascension_mode":true,"campfire_choices":[{"data":"Terror","floor":6.0,"key":"SMITH"},{"floor":11.0,"key":"REST"}],"neow_cost":"NONE","seed_source_timestamp":2263957202853731,"circlet_count":0,"master_deck":["AscendersBane","Strike_G","Strike_G+1","Strike_G","Strike_G","Defend_G","Defend_G+1","Defend_G","Defend_G","Defend_G","Survivor","Neutralize","Dagger Throw","Blade Dance","Terror+1","Tactician","Well Laid Plans","Dodge and Roll"],"special_seed":0,"relics":["Ring of the Snake","NeowsBlessing","Darkstone Periapt","Ninja Scroll","Juzu Bracelet"],"potions_floor_usage":[12],"damage_taken":[{"damage":0.0,"enemies":"Cultist","floor":1.0,"turns":1.0},{"damage":0.0,"enemies":"Jaw Worm","floor":4.0,"turns":1.0},{"damage":0.0,"enemies":"Small Slimes","floor":5.0,"turns":1.0},{"damage":17.0,"enemies":"Lagavulin","floor":7.0,"turns":6.0},{"damage":0.0,"enemies":"2 Fungi Beasts","floor":10.0,"turns":2.0},{"damage":32,"enemies":"Gremlin Nob","floor":12,"turns":4},{"damage":9,"enemies":"3 Louse","floor":13,"turns":2}],"seed_played":"5653400696916699419","potions_obtained":[{"floor":7.0,"key":"Strength Potion"}],"is_trial":false,"path_per_floor":["M","?","?","M","M","R","E","?","T","M","R","E","M"],"character_chosen":"THE_SILENT","items_purchased":[],"campfire_rested":1,"item_purchase_floors":[],"current_hp_per_floor":[59,39,39,39,39,39,22,22,22,22,41,9,0],"gold":220,"neow_bonus":"THREE_ENEMY_KILL","is_prod":false,"is_daily":false,"chose_seed":false,"campfire_upgraded":1,"win_rate":0,"timestamp":1566245932,"path_taken":["M","?","?","?","M","R","E","?","T","M","R","E","M"],"build_version":"2019-07-17","purchased_purges":0,"victory":false,"max_hp_per_floor":[66,66,66,66,66,66,66,66,66,66,66,66,66],"card_choices":[{"not_picked":["Flying Knee","Quick Slash"],"picked":"Dagger Throw","floor":1.0},{"not_picked":["Endless Agony","Poisoned Stab"],"picked":"Blade Dance","floor":4.0},{"not_picked":["Caltrops","All Out Attack"],"picked":"Terror","floor":5.0},{"not_picked":["Sucker Punch","Dagger Throw"],"picked":"Tactician","floor":7.0},{"not_picked":["Sucker Punch","Masterful Stab"],"picked":"Well Laid Plans","floor":10.0},{"not_picked":["Grand Finale","Expertise"],"picked":"Dodge and Roll","floor":12}],"player_experience":782451,"relics_obtained":[{"floor":7.0,"key":"Darkstone Periapt"},{"floor":9.0,"key":"Ninja Scroll"},{"floor":12,"key":"Juzu Bracelet"}],"event_choices":[{"damage_healed":0.0,"max_hp_gain":0.0,"max_hp_loss":0.0,"gold_gain":0.0,"event_name":"Shining Light","player_choice":"Entered Light","floor":2.0,"gold_loss":0.0,"damage_taken":20.0,"cards_upgraded":["Strike_G","Defend_G"]},{"cards_removed":["Strike_G"],"damage_healed":0.0,"max_hp_gain":0.0,"max_hp_loss":0.0,"gold_gain":0.0,"event_name":"Purifier","player_choice":"Purged","floor":3.0,"gold_loss":0.0,"damage_taken":0.0},{"damage_healed":0.0,"max_hp_gain":0.0,"max_hp_loss":0.0,"gold_gain":0.0,"event_name":"Dead Adventurer","player_choice":"Searched \u00270\u0027 times","floor":8.0,"gold_loss":0.0,"damage_taken":0.0}],"is_beta":false,"boss_relics":[],"items_purged_floors":[],"is_endless":false,"potions_floor_spawned":[7],"killed_by":"3 Louse","ascension_level":20}