{"gold_per_floor":[112,1,14,14,31,31,42,67,67,67,81,106,133,147,147,249,249,267,75,88,20,36,36,36,36],"floor_reached":25,"playtime":4306,"items_purged":[],"score":345,"play_id":"93e36708-140c-4693-82ef-88695be5c403","local_time":"20190718130244","is_ascension_mode":true,"campfire_choices":[{"data":"Storm of Steel","floor":6,"key":"SMITH"},{"data":"Blade Dance","floor":10,"key":"SMITH"},{"floor":15,"key":"REST"},{"floor":23,"key":"REST"}],"neow_cost":"NONE","seed_source_timestamp":511991354876749,"circlet_count":0,"master_deck":["Survivor","Neutralize","Storm of Steel+1","Blade Dance+1","Footwork","Predator","Cloak And Dagger+1","Deflect","Dagger Spray","Outmaneuver","PiercingWail","Bullet Time","Blade Dance","Corpse Explosion","Blade Dance","Doppelganger","Tools of the Trade","Accuracy","Cloak And Dagger","PiercingWail","Terror","Footwork","Phantasmal Killer","Eviscerate","Deflect","Backflip","Dash","Caltrops","Underhanded Strike+1","Infinite Blades","Reflex"],"relics":["Ring of the Snake","Pen Nib","Letter Opener","Dodecahedron","War Paint","Blood Vial","Pandora\u0027s Box"],"potions_floor_usage":[8,16,18,25,25],"damage_taken":[{"damage":7,"enemies":"Jaw Worm","floor":1,"turns":5},{"damage":0,"enemies":"Cultist","floor":3,"turns":3},{"damage":0,"enemies":"2 Louse","floor":5,"turns":4},{"damage":2,"enemies":"Exordium Wildlife","floor":7,"turns":4},{"damage":0,"enemies":"Gremlin Nob","floor":8,"turns":2},{"damage":0,"enemies":"Blue Slaver","floor":11,"turns":5},{"damage":18,"enemies":"3 Sentries","floor":12,"turns":7},{"damage":6,"enemies":"Looter","floor":14,"turns":4},{"damage":25,"enemies":"The Guardian","floor":16,"turns":17},{"damage":14,"enemies":"Shell Parasite","floor":18,"turns":5},{"damage":22,"enemies":"Spheric Guardian","floor":20,"turns":4},{"damage":26,"enemies":"Shelled Parasite and Fungi","floor":22,"turns":7},{"damage":28,"enemies":"Book of Stabbing","floor":25,"turns":5}],"seed_played":"-3809430218379030009","potions_obtained":[{"floor":3,"key":"Dexterity Potion"},{"floor":7,"key":"AttackPotion"},{"floor":11,"key":"PowerPotion"},{"floor":12,"key":"PowerPotion"},{"floor":22,"key":"Explosive Potion"}],"is_trial":false,"path_per_floor":["M","$","M","?","M","R","M","E","T","R","M","E","T","M","R","B",null,"M","$","M","$","M","R","?","E"],"character_chosen":"THE_SILENT","items_purchased":["Footwork","Predator","Backflip","Dash","Caltrops","Infinite Blades"],"campfire_rested":2,"item_purchase_floors":[2,2,19,19,19,21],"current_hp_per_floor":[56,56,56,44,44,44,42,42,42,42,42,24,24,20,41,18,57,45,45,25,25,1,22,22,0],"gold":36,"neow_bonus":"ONE_RANDOM_RARE_CARD","is_prod":false,"is_daily":false,"chose_seed":false,"campfire_upgraded":2,"win_rate":0,"timestamp":1563480164,"path_taken":["M","$","M","?","M","R","M","E","T","R","M","E","?","M","R","BOSS","M","$","M","$","?","R","?","E"],"build_version":"2019-07-17","purchased_purges":0,"victory":false,"max_hp_per_floor":[70,70,70,70,70,70,70,70,70,70,70,70,70,70,70,70,70,70,70,70,70,70,70,70,70],"card_choices":[{"not_picked":["Calculated Gamble","Dagger Spray"],"picked":"Blade Dance","floor":1},{"not_picked":["Backflip","Underhanded Strike"],"picked":"Cloak And Dagger","floor":3},{"not_picked":["Prepared","Backflip"],"picked":"Deflect","floor":5},{"not_picked":["Venomology","Slice"],"picked":"Dagger Spray","floor":7},{"not_picked":["Deflect","Unload"],"picked":"Outmaneuver","floor":8},{"not_picked":["Catalyst","Sucker Punch"],"picked":"PiercingWail","floor":11},{"not_picked":["Slice","Flying Knee"],"picked":"Bullet Time","floor":12},{"not_picked":["Dodge and Roll","Quick Slash"],"picked":"Blade Dance","floor":14},{"not_picked":["Night Terror","Venomology"],"picked":"Corpse Explosion","floor":16},{"not_picked":["Crippling Poison","Deadly Poison"],"picked":"Deflect","floor":18},{"not_picked":["Poisoned Stab","Backflip"],"picked":"Underhanded Strike+1","floor":20},{"not_picked":["Poisoned Stab+1","Terror"],"picked":"Reflex","floor":22}],"player_experience":355557,"relics_obtained":[{"floor":8,"key":"Letter Opener"},{"floor":9,"key":"Dodecahedron"},{"floor":12,"key":"War Paint"},{"floor":13,"key":"Blood Vial"}],"event_choices":[{"damage_healed":0,"gold_gain":0,"player_choice":"Success","damage_taken":12,"relics_obtained":["Pen Nib"],"max_hp_gain":0,"max_hp_loss":0,"event_name":"Scrap Ooze","floor":4,"gold_loss":0}],"is_beta":false,"boss_relics":[{"not_picked":["Snecko Eye","Velvet Choker"],"picked":"Pandora\u0027s Box"}],"items_purged_floors":[],"is_endless":false,"potions_floor_spawned":[3,7,11,12,22],"killed_by":"Book of Stabbing","ascension_level":9}