{"gold_per_floor":[119,119,138,26,41,41,58,58,108,108,108],"floor_reached":11,"playtime":350,"items_purged":["Strike_G"],"score":126,"play_id":"07f31bc3-b8a3-4dd1-97ae-a052478eb6fc","local_time":"20190820122737","is_ascension_mode":true,"campfire_choices":[{"data":"Dash","floor":6.0,"key":"SMITH"},{"data":"Deadly Poison","floor":8.0,"key":"SMITH"},{"data":"Blur","floor":10.0,"key":"SMITH"}],"neow_cost":"NONE","seed_source_timestamp":2347558393004108,"circlet_count":0,"master_deck":["AscendersBane","Strike_G","Strike_G","Strike_G","Strike_G","Defend_G","Defend_G","Defend_G","Defend_G","Defend_G","Survivor","Neutralize+1","Deflect","Deadly Poison+1","Dash+1","Blur+1"],"special_seed":0,"relics":["Ring of the Snake","NeowsBlessing","Smiling Mask"],"potions_floor_usage":[11,11],"damage_taken":[{"damage":0.0,"enemies":"2 Louse","floor":1.0,"turns":1.0},{"damage":0.0,"enemies":"Cultist","floor":3.0,"turns":1.0},{"damage":0.0,"enemies":"Small Slimes","floor":5.0,"turns":1.0},{"damage":12.0,"enemies":"2 Fungi Beasts","floor":7.0,"turns":5.0},{"damage":68,"enemies":"Gremlin Nob","floor":11,"turns":6}],"seed_played":"448519206451975176","potions_obtained":[{"floor":1.0,"key":"LiquidBronze"},{"floor":7.0,"key":"Dexterity Potion"}],"is_trial":false,"path_per_floor":["M","?","M","$","M","R","M","R","T","R","E"],"character_chosen":"THE_SILENT","items_purchased":["Dash"],"campfire_rested":0,"item_purchase_floors":[4],"current_hp_per_floor":[59,59,59,59,59,59,47,47,47,47,0],"gold":108,"neow_bonus":"THREE_ENEMY_KILL","is_prod":false,"is_daily":false,"chose_seed":false,"campfire_upgraded":3,"win_rate":0,"timestamp":1566329257,"path_taken":["M","?","M","$","?","R","M","R","T","R","E"],"build_version":"2019-07-17","purchased_purges":1,"victory":false,"max_hp_per_floor":[66,66,66,66,66,66,66,66,66,66,66],"card_choices":[{"not_picked":["Reflex","Outmaneuver"],"picked":"Deflect","floor":1.0},{"not_picked":["Dodge and Roll","Skewer"],"picked":"Deadly Poison","floor":3.0},{"not_picked":["Heel Hook","Dash","Acrobatics"],"picked":"SKIP","floor":5.0},{"not_picked":["Crippling Poison","Deflect"],"picked":"Blur","floor":7.0}],"player_experience":794269,"relics_obtained":[{"floor":9.0,"key":"Smiling Mask"}],"event_choices":[{"damage_healed":0.0,"max_hp_gain":0.0,"max_hp_loss":0.0,"gold_gain":0.0,"event_name":"Accursed Blacksmith","player_choice":"Forge","floor":2.0,"gold_loss":0.0,"damage_taken":0.0,"cards_upgraded":["Neutralize"]}],"is_beta":false,"boss_relics":[],"items_purged_floors":[4],"is_endless":false,"potions_floor_spawned":[1,7],"killed_by":"Gremlin Nob","ascension_level":20}