{"gold_per_floor":[118,71,90,90,108,146,146,0,0,33,33,33,33,57,57,150,150,171,184,8,24,24,24,358,377,377,33,33,33,158,181,181,277,277,295,57,57,72,34,34],"floor_reached":40,"playtime":2652,"items_purged":["Strike_G","Strike_G","Strike_G"],"score":746,"play_id":"70f46b3f-cd04-4e69-b0d1-35cb8585dd0e","local_time":"20190729163524","is_ascension_mode":true,"campfire_choices":[{"floor":7.0,"key":"REST"},{"floor":13.0,"key":"REST"},{"floor":15.0,"key":"REST"},{"floor":23.0,"key":"REST"},{"floor":28.0,"key":"REST"},{"data":"Tactician","floor":32.0,"key":"SMITH"}],"neow_cost":"NONE","seed_source_timestamp":0,"circlet_count":0,"master_deck":["AscendersBane","Strike_G","Strike_G","Defend_G","Defend_G","Defend_G","Defend_G","Defend_G","Survivor","Neutralize","Terror","Sucker Punch","Masterful Stab","PiercingWail+1","After Image","Flying Knee","Blade Dance","Leg Sweep","Caltrops+1","Wraith Form v2+1","PiercingWail+1","Concentrate+1","Infinite Blades+1","Acrobatics+1","Shame","Dodge and Roll","Tactician+1","Accuracy+1","PiercingWail","Caltrops+1","Prepared","Storm of Steel","Dodge and Roll+1","Footwork+1","Blur","Outmaneuver","Well Laid Plans+1"],"special_seed":0,"relics":["Ring of the Serpent","NeowsBlessing","Golden Idol","Pen Nib","Shuriken","Ancient Tea Set","Frozen Egg 2","War Paint","Old Coin","Darkstone Periapt","Ornamental Fan","Peace Pipe","Gremlin Horn","HoveringKite","CultistMask"],"potions_floor_usage":[],"damage_taken":[{"damage":0.0,"enemies":"2 Louse","floor":1.0,"turns":1.0},{"damage":0.0,"enemies":"Jaw Worm","floor":3.0,"turns":1.0},{"damage":0.0,"enemies":"Cultist","floor":5.0,"turns":1.0},{"damage":41.0,"enemies":"3 Sentries","floor":6.0,"turns":13.0},{"damage":29.0,"enemies":"Gremlin Nob","floor":10.0,"turns":4.0},{"damage":0.0,"enemies":"Red Slaver","floor":14.0,"turns":3.0},{"damage":23.0,"enemies":"Slime Boss","floor":16.0,"turns":12.0},{"damage":6.0,"enemies":"Shell Parasite","floor":18.0,"turns":6.0},{"damage":0.0,"enemies":"3 Byrds","floor":19.0,"turns":2.0},{"damage":16.0,"enemies":"Snake Plant","floor":21.0,"turns":5.0},{"damage":29.0,"enemies":"Gremlin Leader","floor":24.0,"turns":8.0},{"damage":5.0,"enemies":"Snecko","floor":25.0,"turns":5.0},{"damage":3.0,"enemies":"Colosseum Slavers","floor":30.0,"turns":7.0},{"damage":9.0,"enemies":"Colosseum Nobs","floor":30.0,"turns":6.0},{"damage":0.0,"enemies":"Sentry and Sphere","floor":31.0,"turns":4.0},{"damage":29.0,"enemies":"Champ","floor":33.0,"turns":14.0},{"damage":23.0,"enemies":"3 Darklings","floor":35.0,"turns":5.0},{"damage":0,"enemies":"Orb Walker","floor":38,"turns":5},{"damage":24,"enemies":"Giant Head","floor":40,"turns":6}],"seed_played":"5879768674304968878","potions_obtained":[{"floor":10.0,"key":"Weak Potion"},{"floor":14.0,"key":"EssenceOfSteel"},{"floor":25.0,"key":"Dexterity Potion"},{"floor":30.0,"key":"Regen Potion"},{"floor":31.0,"key":"Fire Potion"},{"floor":38,"key":"SneckoOil"}],"is_trial":false,"path_per_floor":["M","$","M","?","M","E","R","$","T","E","$","T","R","M","R","B",null,"M","M","$","M","?","R","E","M","T","$","R","$","?","M","R","B",null,"M","$","?","M","$","E"],"character_chosen":"THE_SILENT","items_purchased":["Sucker Punch","Flying Knee","Blade Dance","Infinite Blades+1","Accuracy+1","Ornamental Fan","PiercingWail","Footwork+1","Blur","Well Laid Plans+1"],"campfire_rested":5,"item_purchase_floors":[2,8,8,20,27,27,27,36,36,39],"current_hp_per_floor":[59,59,59,59,59,18,36,36,36,7,7,7,25,25,43,20,50,44,44,44,28,28,46,17,12,12,12,30,30,18,30,30,1,45,22,22,22,22,22,0],"gold":34,"neow_bonus":"THREE_ENEMY_KILL","is_prod":false,"is_daily":false,"chose_seed":false,"campfire_upgraded":1,"win_rate":0,"timestamp":1564443324,"path_taken":["M","$","M","?","M","E","R","?","T","E","$","?","R","M","R","BOSS","M","M","$","M","?","R","E","M","T","$","R","$","?","?","R","BOSS","M","$","?","?","?","E"],"build_version":"2019-07-17","purchased_purges":3,"victory":false,"max_hp_per_floor":[66,66,66,60,60,60,60,60,60,60,60,60,60,60,60,60,60,60,60,60,60,60,60,60,60,60,60,60,60,60,60,60,60,60,60,60,60,60,60,60],"card_choices":[{"not_picked":["Deflect","Cloak And Dagger"],"picked":"Terror","floor":1.0},{"not_picked":["Distraction","Prepared"],"picked":"Masterful Stab","floor":3.0},{"not_picked":["Dagger Spray","Backflip"],"picked":"PiercingWail","floor":5.0},{"not_picked":["Poisoned Stab","PiercingWail"],"picked":"After Image","floor":6.0},{"not_picked":["Blade Dance","PiercingWail"],"picked":"Leg Sweep","floor":10.0},{"not_picked":["Heel Hook","Blade Dance"],"picked":"Caltrops+1","floor":14.0},{"not_picked":["Corpse Explosion","Tools of the Trade+1"],"picked":"Wraith Form v2+1","floor":16.0},{"not_picked":["Dodge and Roll","Sucker Punch"],"picked":"PiercingWail+1","floor":18.0},{"not_picked":["Flying Knee","Dagger Throw"],"picked":"Concentrate","floor":19.0},{"not_picked":["Flechettes","Poisoned Stab"],"picked":"Acrobatics+1","floor":21.0},{"not_picked":["Prepared","Predator"],"picked":"Dodge and Roll","floor":24.0},{"not_picked":["Quick Slash","Unload"],"picked":"Tactician","floor":25.0},{"not_picked":["Dagger Throw","PiercingWail"],"picked":"Caltrops+1","floor":30.0},{"not_picked":["All Out Attack","Quick Slash+1"],"picked":"Prepared","floor":31.0},{"not_picked":["After Image+1","Malaise"],"picked":"Storm of Steel","floor":33.0},{"not_picked":["Acrobatics","Caltrops+1"],"picked":"Dodge and Roll+1","floor":35.0},{"not_picked":["Sucker Punch","Blade Dance"],"picked":"Outmaneuver","floor":38}],"player_experience":541818,"relics_obtained":[{"floor":6.0,"key":"Pen Nib"},{"floor":9.0,"key":"Shuriken"},{"floor":10.0,"key":"Ancient Tea Set"},{"floor":12.0,"key":"Frozen Egg 2"},{"floor":24.0,"key":"Old Coin"},{"floor":26.0,"key":"Darkstone Periapt"},{"floor":30.0,"key":"Peace Pipe"},{"floor":30.0,"key":"Gremlin Horn"}],"event_choices":[{"damage_healed":0.0,"max_hp_gain":0.0,"max_hp_loss":6.0,"gold_gain":0.0,"event_name":"Golden Idol","player_choice":"Lose Max HP","floor":4.0,"gold_loss":0.0,"damage_taken":0.0,"relics_obtained":["Golden Idol"]},{"damage_healed":0.0,"max_hp_gain":0.0,"max_hp_loss":0.0,"gold_gain":0.0,"event_name":"Addict","player_choice":"Stole Relic","floor":22.0,"gold_loss":0.0,"damage_taken":0.0,"relics_obtained":["War Paint"],"cards_obtained":["Shame"]},{"damage_healed":0.0,"max_hp_gain":0.0,"max_hp_loss":0.0,"gold_gain":0.0,"event_name":"Colosseum","player_choice":"Fight","floor":30.0,"gold_loss":0.0,"damage_taken":0.0},{"damage_healed":0.0,"max_hp_gain":0.0,"max_hp_loss":0.0,"gold_gain":0.0,"event_name":"Colosseum","player_choice":"Fought Nobs","floor":30.0,"gold_loss":0.0,"damage_taken":0.0},{"damage_healed":0.0,"max_hp_gain":0.0,"max_hp_loss":0.0,"gold_gain":0.0,"event_name":"FaceTrader","player_choice":"Trade","floor":37.0,"gold_loss":0.0,"damage_taken":0.0,"relics_obtained":["CultistMask"]}],"is_beta":false,"boss_relics":[{"not_picked":["Fusion Hammer","Velvet Choker"],"picked":"Ring of the Serpent"},{"not_picked":["Orrery","Astrolabe"],"picked":"HoveringKite"}],"items_purged_floors":[8,20,36],"is_endless":false,"potions_floor_spawned":[10,14,25,30,30,31,38],"killed_by":"Giant Head","ascension_level":15}