{"gold_per_floor":[112,130,130,280,280,280,298,298,347,338,350,381,60,91,91,162,162,180,194,144,39,54,54,54,0,0,0,0,0,27,45,45,120,120,134,134,34,52,67,67,77,87,87,87,100,112,140,150,150,150],"floor_reached":50,"playtime":3051,"items_purged":["Strike_B","Strike_B"],"score":988,"play_id":"c77fbf9c-7a72-4005-806d-14e5fbd42677","local_time":"20190820145544","is_ascension_mode":true,"campfire_choices":[{"data":"Static Discharge","floor":6,"key":"SMITH"},{"data":"Consume","floor":8,"key":"SMITH"},{"data":"Cold Snap","floor":15,"key":"SMITH"},{"data":"Electrodynamics","floor":23,"key":"SMITH"},{"data":"Go for the Eyes","floor":27,"key":"SMITH"},{"data":"Defragment","floor":29,"key":"SMITH"},{"data":"Capacitor","floor":32,"key":"SMITH"},{"data":"Darkness","floor":40,"key":"SMITH"},{"floor":44,"key":"REST"},{"floor":49,"key":"REST"}],"neow_cost":"NONE","seed_source_timestamp":159788389650500,"circlet_count":0,"master_deck":["AscendersBane","Defend_B","Defend_B","Defend_B","Defend_B","Zap","Dualcast","Consume+1","Compile Driver","Static Discharge+1","Ball Lightning","Cold Snap+1","Ball Lightning","Stack","Go for the Eyes+1","Electrodynamics+1","Cold Snap","Defragment+1","Leap","Capacitor+1","Darkness+1","Reinforced Body","Multi-Cast","Cold Snap+1","Glacier","Coolheaded","Defragment+1","Static Discharge","Melter+1","Coolheaded","Defragment+1","Steam"],"relics":["Eternal Feather","MawBank","Matryoshka","Mummified Hand","Ancient Tea Set","Runic Dome","Vajra","Letter Opener","Boot","Nuclear Battery","Strawberry","StoneCalendar","Omamori"],"potions_floor_usage":[10,14,14,22,33,48],"damage_taken":[{"damage":3,"enemies":"Small Slimes","floor":1,"turns":4},{"damage":11,"enemies":"2 Louse","floor":2,"turns":3},{"damage":9,"enemies":"Jaw Worm","floor":7,"turns":5},{"damage":22,"enemies":"Exordium Thugs","floor":10,"turns":5},{"damage":10,"enemies":"Looter","floor":12,"turns":5},{"damage":7,"enemies":"Lagavulin","floor":14,"turns":5},{"damage":10,"enemies":"Hexaghost","floor":16,"turns":8},{"damage":19,"enemies":"Spheric Guardian","floor":18,"turns":3},{"damage":18,"enemies":"Chosen","floor":19,"turns":3},{"damage":12,"enemies":"Snake Plant","floor":22,"turns":3},{"damage":19,"enemies":"Gremlin Leader","floor":30,"turns":5},{"damage":0,"enemies":"3 Cultists","floor":31,"turns":2},{"damage":18,"enemies":"Collector","floor":33,"turns":7},{"damage":14,"enemies":"Orb Walker","floor":35,"turns":3},{"damage":4,"enemies":"3 Shapes","floor":38,"turns":5},{"damage":20,"enemies":"3 Darklings","floor":39,"turns":4},{"damage":20,"enemies":"Maw","floor":41,"turns":8},{"damage":3,"enemies":"4 Shapes","floor":42,"turns":4},{"damage":0,"enemies":"Spire Growth","floor":45,"turns":3},{"damage":0,"enemies":"Jaw Worm Horde","floor":46,"turns":2},{"damage":51,"enemies":"Giant Head","floor":47,"turns":8},{"damage":4,"enemies":"Maw","floor":48,"turns":5},{"damage":49,"enemies":"Donu and Deca","floor":50,"turns":3}],"seed_played":"883243194997756265","potions_obtained":[{"floor":2,"key":"EssenceOfSteel"},{"floor":7,"key":"Weak Potion"},{"floor":12,"key":"FearPotion"},{"floor":19,"key":"Block Potion"},{"floor":30,"key":"EssenceOfSteel"},{"floor":35,"key":"FocusPotion"},{"floor":38,"key":"Ancient Potion"},{"floor":47,"key":"Explosive Potion"}],"is_trial":false,"path_per_floor":["M","M","?","?","?","R","M","R","T","M","T","M","$","E","R","B",null,"M","M","?","$","M","R","$","?","T","R","?","R","E","M","R","B",null,"M","?","$","M","M","R","M","M","T","R","M","M","E","M","R","B"],"character_chosen":"DEFECT","items_purchased":["Mummified Hand","Stack","Leap"],"campfire_rested":2,"item_purchase_floors":[13,13,21],"current_hp_per_floor":[61,50,50,50,43,49,40,46,46,24,24,14,14,7,16,6,55,36,18,18,18,6,18,18,18,18,30,44,56,37,37,49,31,61,47,47,47,43,23,38,18,15,22,60,60,60,9,5,46,0],"gold":150,"neow_bonus":"BOSS_RELIC","is_prod":false,"is_daily":false,"chose_seed":false,"campfire_upgraded":8,"win_rate":0,"timestamp":1566305744,"path_taken":["M","M","?","?","?","R","M","R","T","M","?","M","?","E","R","BOSS","M","M","?","?","?","R","$","?","T","R","?","R","E","M","R","BOSS","M","?","$","M","M","R","M","M","T","R","?","M","E","M","R","BOSS"],"build_version":"2019-07-17","purchased_purges":2,"victory":false,"max_hp_per_floor":[71,71,71,71,71,71,71,71,71,71,71,71,71,71,71,71,71,71,71,71,71,71,71,71,71,71,71,71,71,71,71,71,71,71,71,71,71,71,71,71,71,71,78,78,78,78,78,78,78,78],"card_choices":[{"not_picked":["Compile Driver","Steam"],"picked":"Consume","floor":1},{"not_picked":["Skim","Consume"],"picked":"Compile Driver","floor":2},{"not_picked":["Self Repair","Steam"],"picked":"Ball Lightning","floor":7},{"not_picked":["Sweeping Beam","Force Field"],"picked":"Cold Snap","floor":10},{"not_picked":["Tempest","Turbo"],"picked":"Ball Lightning","floor":12},{"not_picked":["Amplify","Rip and Tear"],"picked":"Go for the Eyes","floor":14},{"not_picked":["Echo Form","Thunder Strike"],"picked":"Electrodynamics","floor":16},{"not_picked":["Rebound","Steam"],"picked":"Cold Snap","floor":18},{"not_picked":["Gash+1","Redo+1"],"picked":"Defragment","floor":19},{"not_picked":["Auto Shields","Ball Lightning"],"picked":"Capacitor","floor":22},{"not_picked":["FTL","Rebound"],"picked":"Darkness","floor":30},{"not_picked":["Rebound","Sunder"],"picked":"Reinforced Body","floor":31},{"not_picked":["Seek","Machine Learning"],"picked":"Multi-Cast","floor":33},{"not_picked":["Compile Driver","Leap"],"picked":"Cold Snap+1","floor":35},{"not_picked":["Chill","Sunder+1"],"picked":"Glacier","floor":38},{"not_picked":["Ball Lightning","Conserve Battery"],"picked":"Coolheaded","floor":39},{"not_picked":["Force Field+1","Ball Lightning"],"picked":"Defragment+1","floor":41},{"not_picked":["Hologram","Storm"],"picked":"Static Discharge","floor":42},{"not_picked":["Ball Lightning+1","Turbo"],"picked":"Melter+1","floor":45},{"not_picked":["Rebound","Reboot"],"picked":"Coolheaded","floor":46},{"not_picked":["White Noise","Rebound"],"picked":"Defragment+1","floor":47},{"not_picked":["Gash","Turbo+1"],"picked":"Steam","floor":48}],"player_experience":1549774,"relics_obtained":[{"floor":9,"key":"MawBank"},{"floor":11,"key":"Matryoshka"},{"floor":14,"key":"Ancient Tea Set"},{"floor":26,"key":"Vajra"},{"floor":26,"key":"Letter Opener"},{"floor":30,"key":"Boot"},{"floor":43,"key":"Strawberry"},{"floor":43,"key":"StoneCalendar"},{"floor":47,"key":"Omamori"}],"event_choices":[{"damage_healed":0,"gold_gain":0,"cards_transformed":["Strike_B"],"player_choice":"Change","damage_taken":0,"max_hp_gain":0,"max_hp_loss":0,"event_name":"Living Wall","floor":3,"gold_loss":0,"cards_obtained":["Static Discharge"]},{"damage_healed":0,"gold_gain":150,"player_choice":"AGREE","damage_taken":0,"max_hp_gain":0,"max_hp_loss":0,"event_name":"Liars Game","floor":4,"gold_loss":0,"cards_obtained":["Doubt"]},{"cards_removed":["Doubt"],"damage_healed":0,"gold_gain":0,"player_choice":"Card Removal","damage_taken":7,"max_hp_gain":0,"max_hp_loss":0,"event_name":"Golden Wing","floor":5,"gold_loss":0},{"damage_healed":0,"gold_gain":0,"player_choice":"Bet on Murderer","damage_taken":0,"max_hp_gain":0,"max_hp_loss":0,"event_name":"The Joust","floor":20,"gold_loss":50},{"damage_healed":0,"gold_gain":0,"player_choice":"Paid Fearfully","damage_taken":0,"max_hp_gain":0,"max_hp_loss":0,"event_name":"Masked Bandits","floor":25,"gold_loss":54},{"damage_healed":14,"gold_gain":0,"player_choice":"Heal","damage_taken":0,"max_hp_gain":0,"max_hp_loss":0,"event_name":"The Library","floor":28,"gold_loss":0},{"cards_removed":["Strike_B"],"damage_healed":0,"gold_gain":0,"player_choice":"Purged","damage_taken":0,"max_hp_gain":0,"max_hp_loss":0,"event_name":"Purifier","floor":36,"gold_loss":0}],"is_beta":false,"boss_relics":[{"not_picked":["Philosopher\u0027s Stone","Pandora\u0027s Box"],"picked":"Runic Dome"},{"not_picked":["Cursed Key","Calling Bell"],"picked":"Nuclear Battery"}],"items_purged_floors":[21,37],"is_endless":false,"potions_floor_spawned":[2,7,12,19,30,35,38,45,47],"killed_by":"Donu and Deca","ascension_level":20}