{"gold_per_floor":[118,132,144,158,176,187,205,222,267,267,1,19,34,68,68,165,165,180,14,14,24,43,75,88,88,88,108,125,144,144],"floor_reached":30,"playtime":3389,"items_purged":[],"score":264,"play_id":"14170978-059a-40dd-be5c-f867e117acfe","local_time":"20180803165406","is_ascension_mode":false,"campfire_choices":[{"data":"Armaments","floor":15,"key":"SMITH"},{"floor":25,"key":"REST"}],"neow_cost":"","seed_source_timestamp":450034947753133,"circlet_count":0,"master_deck":["Strike_R+1","Strike_R","Strike_R","Strike_R","Strike_R","Defend_R","Defend_R","Defend_R","Defend_R","Bash","True Grit","Whirlwind","True Grit+1","Flame Barrier","Armaments+1","Whirlwind","Infernal Blade","Iron Wave+1","Parasite","Pommel Strike","Power Through","Anger","Offering","Immolate","Rampage","Finesse","Sever Soul","Dual Wield+1","Pommel Strike+1","Exhume","Second Wind","Cleave","Metallicize","Havoc+1"],"relics":["Black Blood","Whetstone","Shuriken","Bag of Marbles","Matryoshka","Happy Flower","Sundial"],"potions_floor_usage":[5,6,7,14,23,24],"damage_taken":[{"damage":0,"enemies":"Cultist","floor":1,"turns":4},{"damage":5,"enemies":"2 Louse","floor":2,"turns":4},{"damage":0,"enemies":"Small Slimes","floor":3,"turns":3},{"damage":0,"enemies":"Exordium Wildlife","floor":4,"turns":4},{"damage":4,"enemies":"Large Slime","floor":5,"turns":7},{"damage":2,"enemies":"Red Slaver","floor":6,"turns":6},{"damage":20,"enemies":"Exordium Thugs","floor":7,"turns":6},{"damage":22,"enemies":"Gremlin Gang","floor":8,"turns":5},{"damage":8,"enemies":"Red Slaver","floor":12,"turns":5},{"damage":0,"enemies":"2 Fungi Beasts","floor":13,"turns":3},{"damage":27,"enemies":"Gremlin Nob","floor":14,"turns":5},{"damage":38,"enemies":"Hexaghost","floor":16,"turns":11},{"damage":12,"enemies":"3 Byrds","floor":18,"turns":5},{"damage":5,"enemies":"Shell Parasite","floor":21,"turns":2},{"damage":17,"enemies":"Centurion and Healer","floor":22,"turns":5},{"damage":70,"enemies":"Book of Stabbing","floor":23,"turns":8},{"damage":12,"enemies":"Snake Plant","floor":24,"turns":2},{"damage":13,"enemies":"Cultist and Chosen","floor":27,"turns":3},{"damage":5,"enemies":"3 Cultists","floor":28,"turns":2},{"damage":19,"enemies":"Snecko","floor":29,"turns":4},{"damage":35,"enemies":"Centurion and Healer","floor":30,"turns":3}],"seed_played":"8122988372067322938","potions_obtained":[{"floor":1,"key":"Swift Potion"},{"floor":2,"key":"Dexterity Potion"},{"floor":4,"key":"PowerPotion"},{"floor":7,"key":"Swift Potion"},{"floor":21,"key":"SkillPotion"},{"floor":23,"key":"SteroidPotion"},{"floor":28,"key":"SmokeBomb"}],"is_trial":false,"path_per_floor":["M","M","M","M","M","M","M","M","T","?","$","M","M","E","R","B",null,"M","$","?","M","M","E","M","R","T","M","M","M"],"character_chosen":"IRONCLAD","items_purchased":["Shuriken","Pommel Strike","Finesse","Sever Soul"],"campfire_rested":1,"item_purchase_floors":[11,11,19,19],"current_hp_per_floor":[80,80,80,80,80,80,66,50,50,70,70,68,74,53,53,21,80,81,81,81,83,76,16,14,38,38,35,40,31,0],"gold":144,"neow_bonus":"","is_prod":false,"is_daily":false,"chose_seed":false,"campfire_upgraded":1,"win_rate":0.0,"timestamp":1533308046,"path_taken":["M","M","M","?","?","M","M","M","T","?","?","?","M","E","R","BOSS","M","$","?","M","M","E","M","R","T","M","M","?","M"],"build_version":"2018-08-02","purchased_purges":0,"victory":false,"max_hp_per_floor":[80,80,80,80,80,80,80,80,80,80,80,80,80,80,80,80,80,83,83,83,83,83,83,83,83,83,83,83,83,83],"card_choices":[{"not_picked":["Second Wind","Rupture"],"picked":"True Grit","floor":1},{"not_picked":["True Grit","Rampage"],"picked":"Whirlwind","floor":2},{"not_picked":["Clothesline","Sword Boomerang"],"picked":"True Grit","floor":3},{"not_picked":["Whirlwind","Shrug It Off"],"picked":"Flame Barrier","floor":4},{"not_picked":["Havoc","Iron Wave"],"picked":"Armaments","floor":5},{"not_picked":["Cleave","Sword Boomerang"],"picked":"Whirlwind","floor":6},{"not_picked":["True Grit","Havoc"],"picked":"Infernal Blade","floor":7},{"not_picked":["Pommel Strike","Reckless Charge"],"picked":"Iron Wave","floor":8},{"not_picked":["Rage","Feel No Pain"],"picked":"Power Through","floor":12},{"not_picked":["Rage","Iron Wave"],"picked":"Anger","floor":13},{"not_picked":["Dual Wield","Blood for Blood"],"picked":"Offering","floor":14},{"not_picked":["Fiend Fire","Berserk"],"picked":"Immolate","floor":16},{"not_picked":["Flex","Twin Strike"],"picked":"Rampage","floor":18},{"not_picked":["Clothesline","Intimidate"],"picked":"Dual Wield+1","floor":21},{"not_picked":["Intimidate+1","Havoc"],"picked":"Pommel Strike+1","floor":22},{"not_picked":["Entrench","Battle Trance"],"picked":"Exhume","floor":23},{"not_picked":["Wild Strike","Clothesline"],"picked":"Second Wind","floor":24},{"not_picked":["Clothesline","Clash"],"picked":"Cleave","floor":27},{"not_picked":["Pommel Strike","Evolve"],"picked":"Metallicize","floor":28},{"not_picked":["Burning Pact","Clash"],"picked":"Havoc+1","floor":29}],"player_experience":153368,"relics_obtained":[{"floor":9,"key":"Whetstone"},{"floor":14,"key":"Bag of Marbles"},{"floor":23,"key":"Matryoshka"},{"floor":26,"key":"Happy Flower"},{"floor":26,"key":"Sundial"}],"event_choices":[{"event_name":"Mushrooms","player_choice":"Healed and dodged fight","floor":10,"damage_taken":0},{"event_name":"Upgrade Shrine","player_choice":"Upgraded","floor":20,"damage_taken":0}],"is_beta":false,"boss_relics":[{"not_picked":["Lizard Tail","Velvet Choker"],"picked":"Black Blood"}],"items_purged_floors":[],"is_endless":false,"potions_floor_spawned":[1,2,4,7,21,23,28],"killed_by":"Centurion and Healer","ascension_level":0}