{"gold_per_floor":[114,130,34,34,44,79,79,79,106,139,116,30,30,62,62,157,157,143,157,12,12,24,50,50,50],"floor_reached":25,"playtime":2150,"items_purged":[],"score":356,"play_id":"50a58c2f-ed34-4990-98a5-7a33906d4d6e","local_time":"20190725083326","is_ascension_mode":true,"campfire_choices":[{"data":"Infinite Blades","floor":7.0,"key":"SMITH"},{"floor":13.0,"key":"REST"},{"data":"A Thousand Cuts","floor":15.0,"key":"SMITH"},{"floor":24,"key":"REST"}],"neow_cost":"TEN_PERCENT_HP_LOSS","seed_source_timestamp":0,"circlet_count":0,"master_deck":["AscendersBane","Strike_G","Strike_G","Strike_G","Strike_G","Strike_G","Defend_G","Defend_G","Defend_G","Defend_G+1","Defend_G+1","Survivor","Neutralize","After Image","Backflip","Blade Dance","Infinite Blades+1","Cloak And Dagger","Caltrops","Blade Dance","A Thousand Cuts+1","Deflect","Well Laid Plans","Outmaneuver","Storm of Steel","Masterful Stab","Prepared+1","Sucker Punch","Terror","Dagger Throw","Leg Sweep","Acrobatics+1"],"special_seed":0,"relics":["Ring of the Snake","Vajra","Pear","War Paint","Peace Pipe","Potion Belt","Lizard Tail","Toxic Egg 2"],"potions_floor_usage":[23,23],"damage_taken":[{"damage":7.0,"enemies":"Cultist","floor":1.0,"turns":6.0},{"damage":3.0,"enemies":"Jaw Worm","floor":2.0,"turns":6.0},{"damage":0.0,"enemies":"2 Louse","floor":5.0,"turns":3.0},{"damage":22.0,"enemies":"Lagavulin","floor":6.0,"turns":11.0},{"damage":15.0,"enemies":"3 Sentries","floor":10.0,"turns":9.0},{"damage":1.0,"enemies":"Lagavulin","floor":14.0,"turns":7.0},{"damage":19.0,"enemies":"Slime Boss","floor":16.0,"turns":7.0},{"damage":12.0,"enemies":"2 Thieves","floor":18.0,"turns":4.0},{"damage":5.0,"enemies":"3 Byrds","floor":19.0,"turns":5.0},{"damage":26.0,"enemies":"Cultist and Chosen","floor":22.0,"turns":8.0},{"damage":49,"enemies":"Book of Stabbing","floor":23,"turns":8},{"damage":32,"enemies":"Slavers","floor":25,"turns":3}],"seed_played":"-8087238657453074354","potions_obtained":[{"floor":5.0,"key":"AttackPotion"},{"floor":10.0,"key":"Strength Potion"},{"floor":16.0,"key":"Regen Potion"},{"floor":19.0,"key":"SneckoOil"}],"is_trial":false,"path_per_floor":["M","M","$","?","M","E","R","?","T","E","?","$","R","E","R","B",null,"M","M","$","?","M","E","R","E"],"character_chosen":"THE_SILENT","items_purchased":["Infinite Blades","Cloak And Dagger","Deflect","Well Laid Plans","Sucker Punch","Terror","Dagger Throw"],"campfire_rested":2,"item_purchase_floors":[3,3,12,12,20,20,20],"current_hp_per_floor":[56,53,53,53,53,31,31,23,23,8,8,8,29,28,28,9,57,45,40,40,27,1,7,30,0],"gold":50,"neow_bonus":"THREE_RARE_CARDS","is_prod":false,"is_daily":false,"chose_seed":false,"campfire_upgraded":2,"win_rate":0,"timestamp":1564068806,"path_taken":["M","M","$","?","M","E","R","?","T","E","?","$","R","E","R","BOSS","M","M","$","?","M","E","R","E"],"build_version":"2019-07-17","purchased_purges":0,"victory":false,"max_hp_per_floor":[63,63,63,63,63,63,63,73,73,73,73,73,73,73,73,73,73,73,73,73,78,78,78,78,78],"card_choices":[{"not_picked":["A Thousand Cuts","Envenom"],"picked":"After Image","floor":0.0},{"not_picked":["Slice","Expertise"],"picked":"Backflip","floor":1.0},{"not_picked":["Deadly Poison","Slice"],"picked":"Blade Dance","floor":2.0},{"not_picked":["Leg Sweep","Dodge and Roll"],"picked":"Caltrops","floor":5.0},{"not_picked":["Catalyst","Backflip"],"picked":"Blade Dance","floor":6.0},{"not_picked":["Eviscerate","Poisoned Stab"],"picked":"A Thousand Cuts","floor":10.0},{"not_picked":["Heel Hook","Eviscerate"],"picked":"Outmaneuver","floor":14.0},{"not_picked":["Venomology","Night Terror"],"picked":"Storm of Steel","floor":16.0},{"not_picked":["Well Laid Plans","Dagger Spray"],"picked":"Masterful Stab","floor":18.0},{"not_picked":["Quick Slash","Dodge and Roll"],"picked":"Prepared+1","floor":19.0},{"not_picked":["Deflect","Eviscerate"],"picked":"Leg Sweep","floor":22.0},{"not_picked":["Dagger Spray","Riddle With Holes"],"picked":"Acrobatics","floor":23}],"player_experience":469713,"relics_obtained":[{"floor":6.0,"key":"Vajra"},{"floor":9.0,"key":"War Paint"},{"floor":10.0,"key":"Peace Pipe"},{"floor":14.0,"key":"Potion Belt"},{"floor":23,"key":"Toxic Egg 2"}],"event_choices":[{"damage_healed":0.0,"max_hp_gain":0.0,"max_hp_loss":0.0,"gold_gain":0.0,"event_name":"Liars Game","player_choice":"Ignored","floor":4.0,"gold_loss":0.0,"damage_taken":0.0},{"damage_healed":0.0,"max_hp_gain":0.0,"max_hp_loss":0.0,"gold_gain":0.0,"event_name":"Scrap Ooze","player_choice":"Success","floor":8.0,"gold_loss":0.0,"damage_taken":18.0,"relics_obtained":["Pear"]},{"damage_healed":0.0,"max_hp_gain":0.0,"max_hp_loss":0.0,"gold_gain":0.0,"event_name":"World of Goop","player_choice":"Left Gold","floor":11.0,"gold_loss":23.0,"damage_taken":0.0},{"damage_healed":0.0,"max_hp_gain":5.0,"max_hp_loss":0.0,"gold_gain":0.0,"event_name":"Forgotten Altar","player_choice":"Shed Blood","floor":21.0,"gold_loss":0.0,"damage_taken":18.0}],"is_beta":false,"boss_relics":[{"not_picked":["Calling Bell","Tiny House"],"picked":"Lizard Tail"}],"items_purged_floors":[],"is_endless":false,"potions_floor_spawned":[5,10,16,19],"killed_by":"Slavers","ascension_level":10}