{"gold_per_floor":[109,127,139,139,6,6,32,32,55,113,128,128,128],"floor_reached":13,"playtime":579,"items_purged":[],"score":140,"play_id":"807162c2-0e2e-4dce-b4d8-cf4ca78ffaa7","local_time":"20190719115328","is_ascension_mode":true,"campfire_choices":[{"data":"Caltrops","floor":6,"key":"SMITH"},{"data":"Noxious Fumes","floor":8,"key":"SMITH"}],"neow_cost":"NONE","seed_source_timestamp":597965622192224,"circlet_count":0,"master_deck":["AscendersBane","Strike_G","Strike_G","Strike_G","Defend_G","Defend_G","Defend_G","Defend_G","Defend_G","Survivor","Neutralize","Dagger Throw","Noxious Fumes+1","Prepared","Caltrops+1","Flying Knee","Dagger Throw","Acrobatics","Prepared","Dodge and Roll"],"relics":["Ring of the Snake","Dream Catcher","Bronze Scales","Tiny Chest"],"potions_floor_usage":[11,11,13,13],"damage_taken":[{"damage":1,"enemies":"Cultist","floor":1,"turns":5},{"damage":0,"enemies":"2 Louse","floor":2,"turns":3},{"damage":2,"enemies":"Jaw Worm","floor":3,"turns":4},{"damage":27,"enemies":"Gremlin Nob","floor":7,"turns":5},{"damage":17,"enemies":"Lagavulin","floor":10,"turns":6},{"damage":4,"enemies":"Exordium Thugs","floor":11,"turns":4},{"damage":36,"enemies":"Gremlin Nob","floor":13,"turns":4}],"seed_played":"-362874809093895237","potions_obtained":[{"floor":7,"key":"Weak Potion"},{"floor":10,"key":"EntropicBrew"}],"is_trial":false,"path_per_floor":["M","M","M","?","$","R","E","R","T","E","M","?","E"],"character_chosen":"THE_SILENT","items_purchased":["Caltrops","Flying Knee","Dagger Throw"],"campfire_rested":0,"item_purchase_floors":[5,5,5],"current_hp_per_floor":[69,69,67,60,60,60,33,33,33,16,12,12,0],"gold":128,"neow_bonus":"TEN_PERCENT_HP_BONUS","is_prod":false,"is_daily":false,"chose_seed":false,"campfire_upgraded":2,"win_rate":0,"timestamp":1563562408,"path_taken":["M","M","?","?","$","R","E","R","T","E","M","?","E"],"build_version":"2019-07-17","purchased_purges":0,"victory":false,"max_hp_per_floor":[77,77,77,77,77,77,77,77,77,77,77,77,77],"card_choices":[{"not_picked":["Prepared","Quick Slash"],"picked":"Dagger Throw","floor":1},{"not_picked":["Dodge and Roll","Caltrops"],"picked":"Noxious Fumes","floor":2},{"not_picked":["Eviscerate","Poisoned Stab"],"picked":"Prepared","floor":3},{"not_picked":["Poisoned Stab","Quick Slash"],"picked":"Acrobatics","floor":7},{"not_picked":["Escape Plan","Grand Finale"],"picked":"Prepared","floor":10},{"not_picked":["Backstab","Deadly Poison"],"picked":"Dodge and Roll","floor":11}],"player_experience":381715,"relics_obtained":[{"floor":7,"key":"Dream Catcher"},{"floor":9,"key":"Bronze Scales"},{"floor":10,"key":"Tiny Chest"}],"event_choices":[{"cards_removed":["Strike_G"],"damage_healed":0,"gold_gain":0,"player_choice":"Card Removal","damage_taken":7,"max_hp_gain":0,"max_hp_loss":0,"event_name":"Golden Wing","floor":4,"gold_loss":0},{"cards_removed":["Strike_G"],"damage_healed":0,"gold_gain":0,"player_choice":"Purged","damage_taken":0,"max_hp_gain":0,"max_hp_loss":0,"event_name":"Purifier","floor":12,"gold_loss":0}],"is_beta":false,"boss_relics":[],"items_purged_floors":[],"is_endless":false,"potions_floor_spawned":[7,10],"killed_by":"Gremlin Nob","ascension_level":10}