{"gold_per_floor":[10,10,35,59,109,109,130,130,212,212,256,256,49,69,69,163,163,178,178,98,13,13,13,13],"floor_reached":24,"playtime":917,"items_purged":[],"score":409,"play_id":"daf6426b-c6b3-4c0c-8bf7-de41f728407b","local_time":"20190819113459","is_ascension_mode":true,"campfire_choices":[{"data":"Poisoned Stab","floor":6.0,"key":"SMITH"},{"floor":8.0,"key":"REST"},{"floor":10.0,"key":"REST"},{"data":"Catalyst","floor":12.0,"key":"SMITH"},{"floor":15.0,"key":"REST"},{"data":"Mayhem","floor":23,"key":"SMITH"}],"neow_cost":"NO_GOLD","seed_source_timestamp":2257434789360375,"circlet_count":0,"master_deck":["AscendersBane","Defend_G","Defend_G","Defend_G","Defend_G","Defend_G+1","Survivor+1","Neutralize","Acrobatics","Catalyst+1","Poisoned Stab+1","Poisoned Stab","Leg Sweep","Mayhem+1","Noxious Fumes","Night Terror","Blur","Deflect","Dodge and Roll","Catalyst","Footwork","Bite","Bite+1","Bite","Bite","Bite+1","Deflect"],"special_seed":0,"relics":["Ring of the Snake","Gambling Chip","Golden Idol","Tiny Chest","War Paint","Orrery","The Courier","Whetstone"],"potions_floor_usage":[],"damage_taken":[{"damage":3.0,"enemies":"Jaw Worm","floor":1.0,"turns":5.0},{"damage":0.0,"enemies":"2 Louse","floor":3.0,"turns":3.0},{"damage":30.0,"enemies":"Cultist","floor":4.0,"turns":7.0},{"damage":22.0,"enemies":"3 Louse","floor":7.0,"turns":7.0},{"damage":17.0,"enemies":"Lagavulin","floor":11.0,"turns":4.0},{"damage":5.0,"enemies":"Large Slime","floor":14.0,"turns":9.0},{"damage":10.0,"enemies":"Hexaghost","floor":16.0,"turns":9.0},{"damage":2.0,"enemies":"Spheric Guardian","floor":18.0,"turns":6.0},{"damage":23,"enemies":"2 Thieves","floor":20,"turns":4},{"damage":30,"enemies":"Gremlin Leader","floor":24,"turns":2}],"seed_played":"2721978090913069634","potions_obtained":[{"floor":1.0,"key":"PowerPotion"},{"floor":7.0,"key":"SkillPotion"},{"floor":11.0,"key":"SpeedPotion"},{"floor":16.0,"key":"FearPotion"},{"floor":18.0,"key":"Block Potion"}],"is_trial":false,"path_per_floor":["M","?","M","M","?","R","M","R","T","R","E","R","$","M","R","B",null,"M","?","M","?","T","R","E"],"character_chosen":"THE_SILENT","items_purchased":["Mayhem"],"campfire_rested":3,"item_purchase_floors":[13],"current_hp_per_floor":[56,56,56,26,26,26,4,22,22,40,23,23,23,18,36,26,52,50,42,24,24,24,24,0],"gold":13,"neow_bonus":"ONE_RARE_RELIC","is_prod":false,"is_daily":false,"chose_seed":false,"campfire_upgraded":3,"win_rate":0,"timestamp":1566239699,"path_taken":["M","?","M","M","?","R","M","R","T","R","E","R","$","?","R","BOSS","M","?","M","?","?","R","E"],"build_version":"2019-07-17","purchased_purges":0,"victory":false,"max_hp_per_floor":[66,60,60,60,60,60,60,60,60,60,60,60,60,60,60,60,60,60,42,42,42,42,42,42],"card_choices":[{"not_picked":["Eviscerate","Flying Knee"],"picked":"Acrobatics","floor":1.0},{"not_picked":["Backstab","Blade Dance"],"picked":"Catalyst","floor":3.0},{"not_picked":["Flying Knee","Masterful Stab"],"picked":"Poisoned Stab","floor":4.0},{"not_picked":["Dash","Escape Plan"],"picked":"Poisoned Stab","floor":7.0},{"not_picked":["Backflip","Flying Knee"],"picked":"Leg Sweep","floor":11.0},{"not_picked":["Heel Hook","Bullet Time"],"picked":"Noxious Fumes","floor":14.0},{"not_picked":["A Thousand Cuts","Grand Finale"],"picked":"Night Terror","floor":16.0},{"not_picked":["PiercingWail","Underhanded Strike"],"picked":"Blur","floor":17.0},{"not_picked":["Blade Dance","Cloak And Dagger"],"picked":"Deflect","floor":17.0},{"not_picked":["Predator","Dash"],"picked":"Dodge and Roll","floor":17.0},{"not_picked":["Flying Knee","PiercingWail"],"picked":"Catalyst","floor":17.0},{"not_picked":["Deadly Poison","Distraction"],"picked":"Footwork","floor":18.0},{"not_picked":["Acrobatics+1","Finisher"],"picked":"Deflect","floor":20}],"player_experience":779545,"relics_obtained":[{"floor":9.0,"key":"Tiny Chest"},{"floor":11.0,"key":"War Paint"},{"floor":22,"key":"Whetstone"}],"event_choices":[{"damage_healed":0.0,"max_hp_gain":0.0,"max_hp_loss":6.0,"gold_gain":0.0,"event_name":"Golden Idol","player_choice":"Lose Max HP","floor":2.0,"gold_loss":0.0,"damage_taken":0.0,"relics_obtained":["Golden Idol"]},{"damage_healed":0.0,"max_hp_gain":0.0,"max_hp_loss":0.0,"gold_gain":50.0,"event_name":"Golden Shrine","player_choice":"Pray","floor":5.0,"gold_loss":0.0,"damage_taken":0.0},{"damage_healed":0.0,"max_hp_gain":0.0,"max_hp_loss":18.0,"gold_gain":0.0,"event_name":"Vampires","player_choice":"Became a vampire","floor":19.0,"gold_loss":0.0,"damage_taken":0.0,"cards_obtained":["Bite","Bite","Bite","Bite","Bite"]},{"damage_healed":0,"gold_gain":0,"player_choice":"Obtained Relic","damage_taken":0,"relics_obtained":["The Courier"],"max_hp_gain":0,"max_hp_loss":0,"event_name":"Addict","floor":21,"gold_loss":85}],"is_beta":false,"boss_relics":[{"not_picked":["White Beast Statue","Fusion Hammer"],"picked":"Orrery"}],"items_purged_floors":[],"is_endless":false,"potions_floor_spawned":[1,7,11,16,18],"killed_by":"Gremlin Leader","ascension_level":20}