{"gold_per_floor":[117,136,136,154,154,183,200,200,200,29,39,73,91,154,154,226,226,240,240,259,0,10,10,35,35,35,47,84,107,129,174,186,274,286,310,86,186,186,16,43,57,92,115,134,134,154,186,62,62,62,62,62,62,22,50,50],"floor_reached":57,"playtime":9467,"items_purged":["Strike_B","Strike_B","Pain","Shame"],"score":4240,"play_id":"ec852b1e-3c62-496f-8141-fb4a145da8fd","local_time":"20190819203654","is_ascension_mode":true,"campfire_choices":[{"data":"Hologram","floor":8,"key":"SMITH"},{"data":"Loop","floor":15,"key":"SMITH"},{"data":"Apotheosis","floor":23,"key":"SMITH"},{"data":"Machine Learning","floor":25,"key":"SMITH"},{"floor":27,"key":"RECALL"},{"data":"Defragment","floor":32,"key":"SMITH"},{"data":"Biased Cognition","floor":45,"key":"SMITH"},{"data":"Defragment","floor":49,"key":"SMITH"},{"data":"Seek","floor":53,"key":"SMITH"}],"neow_cost":"","seed_source_timestamp":83756113824000,"circlet_count":0,"master_deck":["AscendersBane","Defend_B","Defend_B","Defend_B","Defend_B","Zap","Dualcast","Self Repair","Coolheaded","Cold Snap","Compile Driver","Gash","Cold Snap","Hologram+1","Loop+1","Multi-Cast","Cold Snap","Ball Lightning","Machine Learning+1","White Noise","Barrage+1","Apotheosis+1","Coolheaded","Defragment+1","Hologram","Gash","Biased Cognition+1","Parasite","Consume","Gash","Seek+1","Defragment+1","Tempest"],"relics":["Cracked Core","Dead Branch","Orichalcum","Thread and Needle","Membership Card","Matryoshka","Nunchaku","Mango","ClockworkSouvenir","Blood Vial","Incense Burner","Boot","Cables","Calipers","Tiny Chest","Coffee Dripper","FossilizedHelix","Anchor","PreservedInsect","MawBank","Centennial Puzzle","Mercury Hourglass","Calling Bell","Ancient Tea Set","Singing Bowl","Unceasing Top","Ice Cream","Emotion Chip","Happy Flower","Sundial","Oddly Smooth Stone","DataDisk","Pear","Bag of Preparation","Strawberry"],"potions_floor_usage":[24,56,56],"damage_taken":[{"damage":0,"enemies":"Jaw Worm","floor":1,"turns":5},{"damage":0,"enemies":"Small Slimes","floor":2,"turns":3},{"damage":0,"enemies":"Cultist","floor":4,"turns":3},{"damage":2,"enemies":"3 Sentries","floor":6,"turns":10},{"damage":0,"enemies":"Exordium Wildlife","floor":7,"turns":3},{"damage":0,"enemies":"Red Slaver","floor":11,"turns":3},{"damage":2,"enemies":"Gremlin Nob","floor":12,"turns":7},{"damage":1,"enemies":"Blue Slaver","floor":13,"turns":5},{"damage":0,"enemies":"3 Sentries","floor":14,"turns":8},{"damage":65,"enemies":"Hexaghost","floor":16,"turns":18},{"damage":0,"enemies":"Spheric Guardian","floor":18,"turns":5},{"damage":0,"enemies":"Chosen","floor":20,"turns":4},{"damage":0,"enemies":"Centurion and Healer","floor":22,"turns":6},{"damage":11,"enemies":"Gremlin Leader","floor":24,"turns":6},{"damage":0,"enemies":"Slavers","floor":28,"turns":4},{"damage":0,"enemies":"3 Cultists","floor":29,"turns":5},{"damage":0,"enemies":"Cultist and Chosen","floor":30,"turns":4},{"damage":0,"enemies":"Book of Stabbing","floor":31,"turns":4},{"damage":0,"enemies":"Champ","floor":33,"turns":10},{"damage":22,"enemies":"3 Darklings","floor":35,"turns":5},{"damage":0,"enemies":"Mind Bloom Boss Battle","floor":37,"turns":5},{"damage":0,"enemies":"Giant Head","floor":40,"turns":6},{"damage":0,"enemies":"3 Shapes","floor":41,"turns":4},{"damage":0,"enemies":"Reptomancer","floor":42,"turns":4},{"damage":0,"enemies":"Spire Growth","floor":44,"turns":6},{"damage":0,"enemies":"Maw","floor":46,"turns":6},{"damage":0,"enemies":"Giant Head","floor":47,"turns":7},{"damage":0,"enemies":"Time Eater","floor":50,"turns":11},{"damage":0,"enemies":"Donu and Deca","floor":51,"turns":9},{"damage":0,"enemies":"Shield and Spear","floor":55,"turns":8},{"damage":4,"enemies":"The Heart","floor":56,"turns":8}],"seed_played":"4437819333302438064","potions_obtained":[{"floor":1,"key":"Block Potion"},{"floor":11,"key":"SteroidPotion"},{"floor":14,"key":"Regen Potion"},{"floor":24,"key":"GamblersBrew"},{"floor":47,"key":"Regen Potion"},{"floor":55,"key":"Weak Potion"}],"is_trial":false,"path_per_floor":["M","M","?","M","?","E","M","R","T","$","M","E","M","E","R","B",null,"M","?","M","$","M","R","E","R","T","R","E","M","M","E","R","B",null,"M","$","?","?","$","E","M","E","T","M","R","M","E","$","R","B","B",null,"R","$","E","B",null],"character_chosen":"DEFECT","items_purchased":["Dead Branch","Orichalcum","Membership Card","Matryoshka","Self Repair","Coolheaded","Mango","Cold Snap","ClockworkSouvenir","Cables","Loop","FossilizedHelix","Apotheosis","Ice Cream","Happy Flower","Gash","Bag of Preparation","Defragment","Ancient Potion"],"campfire_rested":0,"item_purchase_floors":[0,0,0,0,0,0,0,0,0,10,10,21,21,36,39,39,48,48,54],"current_hp_per_floor":[71,78,71,78,78,85,85,85,85,85,85,85,85,85,85,27,71,80,80,85,85,85,85,84,84,84,84,85,85,85,85,85,85,85,63,63,77,77,77,81,91,93,93,95,95,97,107,107,107,107,107,107,107,107,114,114],"gold":50,"neow_bonus":"","is_prod":false,"is_daily":false,"chose_seed":false,"campfire_upgraded":8,"win_rate":0,"timestamp":1566265014,"path_taken":["M","M","?","M","?","E","M","R","T","$","M","E","?","E","R","BOSS","M","?","?","$","M","R","E","R","T","R","E","M","M","E","R","BOSS","M","$","?","?","?","E","?","E","T","?","R","M","E","?","R","BOSS","BOSS","R","$","E","BOSS"],"build_version":"2019-07-17","purchased_purges":4,"victory":true,"max_hp_per_floor":[85,85,85,85,85,85,85,85,85,85,85,85,85,85,85,85,85,85,85,85,85,85,85,85,85,85,85,85,85,85,85,85,85,85,85,85,87,87,87,89,91,93,93,95,95,97,107,107,107,107,107,107,107,107,114,114],"card_choices":[{"not_picked":["Redo","Hologram","Stack"],"picked":"SKIP","floor":1},{"not_picked":["Reprogram","Gash"],"picked":"Compile Driver","floor":2},{"not_picked":["Steam","Turbo"],"picked":"Gash","floor":4},{"not_picked":["Skim","Barrage"],"picked":"Cold Snap","floor":6},{"not_picked":["Streamline","Turbo"],"picked":"Hologram","floor":7},{"not_picked":["Hologram","Self Repair"],"picked":"Multi-Cast","floor":11},{"not_picked":["Amplify","Multi-Cast","Compile Driver"],"picked":"SKIP","floor":12},{"not_picked":["Stack","Leap"],"picked":"Cold Snap","floor":13},{"not_picked":["Steam","Darkness"],"picked":"Ball Lightning","floor":14},{"not_picked":["Multi-Cast","Amplify"],"picked":"Machine Learning","floor":16},{"not_picked":["Beam Cell+1","Heatsinks"],"picked":"White Noise","floor":18},{"not_picked":["Compile Driver","Cold Snap"],"picked":"Barrage+1","floor":20},{"not_picked":["Redo","Ball Lightning","Self Repair"],"picked":"SKIP","floor":22},{"not_picked":["Rebound","Steam"],"picked":"Coolheaded","floor":24},{"not_picked":["Compile Driver","Sweeping Beam","Conserve Battery"],"picked":"SKIP","floor":28},{"not_picked":["Storm+1","Coolheaded"],"picked":"Defragment","floor":29},{"not_picked":["Hyperbeam","Self Repair"],"picked":"Hologram","floor":30},{"not_picked":["Compile Driver+1","Hologram"],"picked":"Gash","floor":31},{"not_picked":["Machine Learning","Fission"],"picked":"Biased Cognition","floor":33},{"not_picked":["Static Discharge","Undo+1"],"picked":"Consume","floor":35},{"not_picked":["Force Field","Rebound","Redo"],"picked":"Singing Bowl","floor":37},{"not_picked":["Rip and Tear","Skim+1","Self Repair+1"],"picked":"Singing Bowl","floor":40},{"not_picked":["Gash","Loop","Coolheaded+1"],"picked":"Singing Bowl","floor":41},{"not_picked":["Streamline","Force Field","Reprogram+1"],"picked":"Singing Bowl","floor":42},{"not_picked":["Barrage","Tempest","Cold Snap+1"],"picked":"Singing Bowl","floor":44},{"not_picked":["Ball Lightning","Hello World","Turbo+1"],"picked":"Singing Bowl","floor":46},{"not_picked":["Cold Snap","Rebound"],"picked":"Seek","floor":47},{"not_picked":["Beam Cell","Coolheaded"],"picked":"Tempest","floor":55}],"player_experience":2033531,"relics_obtained":[{"floor":6,"key":"Incense Burner"},{"floor":9,"key":"Boot"},{"floor":12,"key":"Calipers"},{"floor":14,"key":"Tiny Chest"},{"floor":24,"key":"Anchor"},{"floor":26,"key":"PreservedInsect"},{"floor":26,"key":"MawBank"},{"floor":28,"key":"Centennial Puzzle"},{"floor":31,"key":"Mercury Hourglass"},{"floor":34,"key":"Ancient Tea Set"},{"floor":34,"key":"Singing Bowl"},{"floor":34,"key":"Unceasing Top"},{"floor":37,"key":"Emotion Chip"},{"floor":40,"key":"Sundial"},{"floor":42,"key":"Oddly Smooth Stone"},{"floor":43,"key":"DataDisk"},{"floor":47,"key":"Pear"},{"floor":55,"key":"Strawberry"}],"event_choices":[{"cards_removed":["Strike_B"],"damage_healed":0,"gold_gain":0,"player_choice":"Card Removal","damage_taken":7,"max_hp_gain":0,"max_hp_loss":0,"event_name":"Golden Wing","floor":3,"gold_loss":0},{"damage_healed":0,"gold_gain":0,"player_choice":"Gave Potion","damage_taken":0,"relics_obtained":["Blood Vial"],"max_hp_gain":0,"max_hp_loss":0,"event_name":"WeMeetAgain","floor":5,"gold_loss":0},{"cards_removed":["Strike_B"],"damage_healed":0,"gold_gain":0,"player_choice":"Purged","damage_taken":0,"max_hp_gain":0,"max_hp_loss":0,"event_name":"Purifier","floor":19,"gold_loss":0},{"damage_healed":0,"gold_gain":0,"player_choice":"Fight","damage_taken":0,"max_hp_gain":0,"max_hp_loss":0,"event_name":"MindBloom","floor":37,"gold_loss":0},{"damage_healed":0,"gold_gain":0,"player_choice":"Ignored","damage_taken":0,"max_hp_gain":0,"max_hp_loss":0,"event_name":"Tomb of Lord Red Mask","floor":38,"gold_loss":0}],"is_beta":false,"boss_relics":[{"not_picked":["Black Star","Runic Dome"],"picked":"Coffee Dripper"},{"not_picked":["Velvet Choker","Pandora\u0027s Box"],"picked":"Calling Bell"}],"items_purged_floors":[0,0,36,39],"is_endless":false,"potions_floor_spawned":[1,11,14,20,24,35,37,40,47,55],"ascension_level":20}