{"gold_per_floor":[114,15,26,43,20,54,64,64,64,84,94,94],"floor_reached":12,"playtime":769,"items_purged":[],"score":103,"play_id":"dd6cca61-26e6-4292-8e7f-a0cb54b679ed","local_time":"20190712114135","is_ascension_mode":true,"campfire_choices":[],"neow_cost":"NONE","seed_source_timestamp":98435891617552,"circlet_count":0,"master_deck":["Strike_G","Strike_G","Strike_G","Strike_G","Defend_G","Defend_G","Defend_G","Defend_G","Defend_G","Survivor","Neutralize","Dagger Spray","Quick Slash","Noxious Fumes","Outmaneuver","Flying Knee","Backflip","Noxious Fumes","PiercingWail","Acrobatics","Deadly Poison"],"relics":["Lizard Tail","Blood Vial","The Courier"],"potions_floor_usage":[11],"damage_taken":[{"damage":18,"enemies":"Cultist","floor":1,"turns":6},{"damage":0,"enemies":"Small Slimes","floor":3,"turns":3},{"damage":0,"enemies":"2 Louse","floor":4,"turns":3},{"damage":31,"enemies":"Lagavulin","floor":6,"turns":10},{"damage":7,"enemies":"Looter","floor":7,"turns":4},{"damage":10,"enemies":"2 Fungi Beasts","floor":10,"turns":4},{"damage":14,"enemies":"Exordium Thugs","floor":11,"turns":5},{"damage":66,"enemies":"Gremlin Nob","floor":12,"turns":5}],"seed_played":"-5971072857218148039","potions_obtained":[{"floor":4,"key":"Regen Potion"},{"floor":11,"key":"LiquidBronze"}],"is_trial":false,"path_per_floor":["M","$","M","M","$","E","M","?","T","M","M","E"],"character_chosen":"THE_SILENT","items_purchased":["Quick Slash","Noxious Fumes","Backflip"],"campfire_rested":0,"item_purchase_floors":[2,2,5],"current_hp_per_floor":[52,52,52,52,52,21,16,16,16,8,11,0],"gold":94,"neow_bonus":"BOSS_RELIC","is_prod":false,"is_daily":false,"chose_seed":false,"campfire_upgraded":0,"win_rate":0,"timestamp":1562956895,"path_taken":["M","$","M","M","?","E","M","?","T","?","M","E"],"build_version":"2019-07-05","purchased_purges":0,"victory":false,"max_hp_per_floor":[70,70,70,70,70,70,70,70,70,70,70,70],"card_choices":[{"not_picked":["PiercingWail","Backflip"],"picked":"Dagger Spray","floor":1},{"not_picked":["Deflect","Accuracy"],"picked":"Outmaneuver","floor":3},{"not_picked":["Riddle With Holes","Poisoned Stab"],"picked":"Flying Knee","floor":4},{"not_picked":["Dagger Throw","Dodge and Roll"],"picked":"Noxious Fumes","floor":6},{"not_picked":["Accuracy","Dodge and Roll"],"picked":"PiercingWail","floor":7},{"not_picked":["Deflect","Cloak And Dagger"],"picked":"Acrobatics","floor":10},{"not_picked":["Terror","Tools of the Trade"],"picked":"Deadly Poison","floor":11}],"player_experience":238142,"relics_obtained":[{"floor":6,"key":"Blood Vial"},{"floor":9,"key":"The Courier"}],"event_choices":[{"cards_removed":["Strike_G"],"damage_healed":0,"gold_gain":0,"player_choice":"Purged","damage_taken":0,"max_hp_gain":0,"max_hp_loss":0,"event_name":"Purifier","floor":8,"gold_loss":0}],"is_beta":false,"boss_relics":[],"items_purged_floors":[],"is_endless":false,"potions_floor_spawned":[4,11],"killed_by":"Gremlin Nob","ascension_level":5}