{"gold_per_floor":[114,125,125,125,140,165,179,179,179,179,179,204,204,222,222,294,294,314,330,330],"floor_reached":20,"playtime":1247,"items_purged":[],"score":359,"play_id":"a0203d96-76f2-4941-82df-d96b0e89d286","local_time":"20190811163500","is_ascension_mode":true,"campfire_choices":[{"floor":11,"key":"REST"},{"data":"Cold Snap","floor":13,"key":"SMITH"},{"data":"Steam","floor":15,"key":"SMITH"}],"neow_cost":"NONE","seed_source_timestamp":591892890939900,"circlet_count":0,"master_deck":["AscendersBane","Strike_B","Strike_B","Strike_B","Defend_B","Defend_B+1","Defend_B","Defend_B","Zap","Dualcast","Cold Snap+1","Barrage+1","White Noise+1","Sweeping Beam","Compile Driver","Cold Snap","Steam+1","Thunder Strike","Coolheaded","Leap"],"relics":["Cracked Core","NeowsBlessing","Bottled Lightning","Pantograph","Omamori","Inserter"],"potions_floor_usage":[19,19],"damage_taken":[{"damage":0,"enemies":"2 Louse","floor":1,"turns":1},{"damage":0,"enemies":"Small Slimes","floor":2,"turns":1},{"damage":0,"enemies":"Cultist","floor":5,"turns":1},{"damage":17,"enemies":"3 Sentries","floor":6,"turns":5},{"damage":6,"enemies":"Lots of Slimes","floor":7,"turns":3},{"damage":11,"enemies":"Gremlin Nob","floor":12,"turns":3},{"damage":10,"enemies":"3 Louse","floor":14,"turns":2},{"damage":20,"enemies":"Slime Boss","floor":16,"turns":8},{"damage":26,"enemies":"3 Byrds","floor":18,"turns":5},{"damage":21,"enemies":"Chosen","floor":19,"turns":8},{"damage":22,"enemies":"Snecko","floor":20,"turns":5}],"seed_played":"5120552945966233515","potions_obtained":[{"floor":5,"key":"LiquidBronze"},{"floor":7,"key":"GamblersBrew"},{"floor":12,"key":"SpeedPotion"}],"is_trial":false,"path_per_floor":["M","M","?","?","M","E","M","?","T","?","R","E","R","M","R","B",null,"M","M","M"],"character_chosen":"DEFECT","items_purchased":[],"campfire_rested":1,"item_purchase_floors":[],"current_hp_per_floor":[64,64,69,46,46,29,23,16,16,16,38,27,27,17,17,22,63,37,16,0],"gold":330,"neow_bonus":"THREE_ENEMY_KILL","is_prod":false,"is_daily":false,"chose_seed":false,"campfire_upgraded":2,"win_rate":0,"timestamp":1565534100,"path_taken":["M","M","?","?","M","E","M","?","T","?","R","E","R","M","R","BOSS","M","?","?"],"build_version":"2019-07-17","purchased_purges":0,"victory":false,"max_hp_per_floor":[71,71,76,76,76,76,76,76,76,76,76,76,76,76,76,76,76,76,76,76],"card_choices":[{"not_picked":["Stack","Reprogram"],"picked":"Cold Snap","floor":1},{"not_picked":["Heatsinks","Redo"],"picked":"Barrage","floor":2},{"not_picked":["Hologram","Scrape"],"picked":"White Noise","floor":5},{"not_picked":["Leap","Hello World"],"picked":"Sweeping Beam","floor":6},{"not_picked":["Fusion","Recycle"],"picked":"Compile Driver","floor":7},{"not_picked":["Ball Lightning","Chaos"],"picked":"Cold Snap","floor":12},{"not_picked":["Sweeping Beam","Stack"],"picked":"Steam","floor":14},{"not_picked":["All For One","Amplify"],"picked":"Thunder Strike","floor":16},{"not_picked":["Sweeping Beam","Gash"],"picked":"Coolheaded","floor":18},{"not_picked":["Ball Lightning","Go for the Eyes"],"picked":"Leap","floor":19}],"player_experience":1469252,"relics_obtained":[{"floor":6,"key":"Bottled Lightning"},{"floor":9,"key":"Pantograph"},{"floor":12,"key":"Omamori"}],"event_choices":[{"damage_healed":0,"gold_gain":0,"player_choice":"Donut","damage_taken":0,"max_hp_gain":5,"max_hp_loss":0,"event_name":"Big Fish","floor":3,"gold_loss":0},{"damage_healed":0,"gold_gain":0,"player_choice":"Entered Light","damage_taken":23,"max_hp_gain":0,"max_hp_loss":0,"event_name":"Shining Light","floor":4,"gold_loss":0,"cards_upgraded":["Barrage","Defend_B"]},{"cards_removed":["Strike_B"],"damage_healed":0,"gold_gain":0,"player_choice":"Card Removal","damage_taken":7,"max_hp_gain":0,"max_hp_loss":0,"event_name":"Golden Wing","floor":8,"gold_loss":0},{"damage_healed":0,"gold_gain":0,"player_choice":"Upgraded","damage_taken":0,"max_hp_gain":0,"max_hp_loss":0,"event_name":"Upgrade Shrine","floor":10,"gold_loss":0,"cards_upgraded":["White Noise"]}],"is_beta":false,"boss_relics":[{"not_picked":["White Beast Statue","Lizard Tail"],"picked":"Inserter"}],"items_purged_floors":[],"is_endless":false,"potions_floor_spawned":[5,7,12,16],"killed_by":"Snecko","ascension_level":19}