{"gold_per_floor":[116,291,309,309,45,45,45,57,57,75,93,112,129,143,143,242,272,289,324,2,2,2,35,35,35,61,76,89,7,38,63,75,191,203,225,237,471,2,2,2,17,32,58,58,68,102,0,19,19,19],"floor_reached":50,"playtime":9385,"items_purged":["Doubt","Pain","Strike_R"],"score":629,"play_id":"f046b891-def9-47df-9fa2-a605867b452a","local_time":"20180801151316","is_ascension_mode":false,"campfire_choices":[{"floor":6.0,"key":"REST"},{"data":"True Grit","floor":15.0,"key":"SMITH"},{"data":"Armaments","floor":32,"key":"SMITH"},{"floor":40,"key":"REST"},{"floor":49,"key":"REST"}],"neow_cost":"FIFTY_PERCENT_DAMAGE","seed_source_timestamp":0,"circlet_count":0,"master_deck":["Strike_R","Strike_R","Strike_R","Strike_R","Defend_R","Defend_R","Defend_R","Defend_R","Bash","True Grit+1","Sever Soul","Blood for Blood","Warcry","Finesse","Iron Wave","Bludgeon","Second Wind","Blood for Blood","Headbutt","Metallicize","Reaper","Clothesline","Searing Blow+1","Armaments+1","Sword Boomerang","Uppercut","Armaments+1","Warcry","Warcry","Intimidate","Pummel","Fiend Fire","Ghostly Armor","Madness","Madness","Feel No Pain","Flame Barrier","Warcry","Pommel Strike+1","True Grit+1","Headbutt+1","Second Wind","Rampage+1","Fire Breathing","Combust"],"special_seed":0,"relics":["Burning Blood","Charon\u0027s Ashes","Letter Opener","Lantern","Happy Flower","Calling Bell","Tiny Chest","Dodecahedron","Thread and Needle","Red Mask","Centennial Puzzle","Enchiridion","Ancient Tea Set","The Courier","Potion Belt","MawBank","Fusion Hammer","Sundial","Ginger","Juzu Bracelet","Peace Pipe"],"potions_floor_usage":[28,33,33,33,46,48,48,48,48,50],"damage_taken":[{"damage":5.0,"enemies":"Small Slimes","floor":1.0,"turns":3.0},{"damage":0.0,"enemies":"Jaw Worm","floor":3.0,"turns":3.0},{"damage":0.0,"enemies":"Cultist","floor":8.0,"turns":3.0},{"damage":0.0,"enemies":"3 Louse","floor":10.0,"turns":3.0},{"damage":9.0,"enemies":"2 Fungi Beasts","floor":11.0,"turns":3.0},{"damage":5.0,"enemies":"Looter","floor":12.0,"turns":2.0},{"damage":0.0,"enemies":"Large Slime","floor":13.0,"turns":4.0},{"damage":3.0,"enemies":"2 Fungi Beasts","floor":14.0,"turns":3.0},{"damage":40.0,"enemies":"Hexaghost","floor":16.0,"turns":9.0},{"damage":3.0,"enemies":"Spheric Guardian","floor":18.0,"turns":3.0},{"damage":14.0,"floor":19.0,"turns":4.0},{"damage":4.0,"enemies":"Gremlin Leader","floor":23.0,"turns":5.0},{"damage":1.0,"enemies":"Chosen","floor":27.0,"turns":4.0},{"damage":3,"enemies":"Snake Plant","floor":28,"turns":4},{"damage":23,"enemies":"Slavers","floor":30,"turns":4},{"damage":0,"enemies":"Centurion and Healer","floor":31,"turns":7},{"damage":49,"enemies":"Collector","floor":33,"turns":9},{"damage":8,"enemies":"3 Darklings","floor":35,"turns":3},{"damage":6,"floor":39,"turns":7},{"damage":0,"enemies":"Orb Walker","floor":41,"turns":2},{"damage":53,"enemies":"Maw","floor":42,"turns":7},{"damage":0,"enemies":"Flame Bruiser 2 Orb","floor":45,"turns":4},{"damage":9,"enemies":"Nemesis","floor":46,"turns":11},{"damage":26,"enemies":"Sphere and 2 Shapes","floor":48,"turns":4},{"damage":74,"enemies":"Awakened One","floor":50,"turns":9}],"seed_played":"-7620671628196736971","potions_obtained":[{"floor":3.0,"key":"Regen Potion"},{"floor":11.0,"key":"Strength Potion"},{"floor":13.0,"key":"SpeedPotion"},{"floor":16.0,"key":"SkillPotion"},{"floor":19.0,"key":"EssenceOfSteel"},{"floor":23.0,"key":"SpeedPotion"},{"floor":27,"key":"EssenceOfSteel"},{"floor":30,"key":"EssenceOfSteel"},{"floor":31,"key":"Fire Potion"},{"floor":35,"key":"Weak Potion"},{"floor":42,"key":"EssenceOfSteel"},{"floor":46,"key":"Block Potion"},{"floor":48,"key":"AttackPotion"}],"is_trial":false,"path_per_floor":["M","?","M","?","$","R","?","M","T","M","M","M","M","M","R","B",null,"M","?","$","?","?","E","T","?","T","M","M","$","E","M","R","B",null,"M","?","?","$","?","R","M","M","T","?","M","E","$","M","R"],"character_chosen":"IRONCLAD","items_purchased":["Blood for Blood","Warcry","Finesse","Centennial Puzzle","Armaments","Sword Boomerang","Warcry","Intimidate","Feel No Pain","Sundial","Flame Barrier","Warcry","Dexterity Potion","Fire Breathing"],"campfire_rested":3,"item_purchase_floors":[5,5,5,20,20,20,29,29,38,38,38,38,47,47],"current_hp_per_floor":[41,41,47,40,40,64,64,70,70,76,73,74,80,80,80,61,80,80,72,72,56,56,58,58,58,58,67,76,76,59,75,75,38,77,75,65,65,65,69,77,77,37,37,37,47,48,48,36,59,0],"gold":19,"neow_bonus":"ONE_RARE_RELIC","is_prod":false,"is_daily":false,"chose_seed":false,"campfire_upgraded":2,"win_rate":0.0,"timestamp":1533129196,"path_taken":["M","?","?","?","$","R","?","?","T","M","M","?","M","M","R","BOSS","M","?","$","?","?","E","?","?","T","M","?","?","E","M","R","BOSS","M","?","?","?","?","R","M","M","T","?","M","E","?","M","R","BOSS"],"build_version":"2018-07-26","purchased_purges":3,"victory":false,"max_hp_per_floor":[80,80,80,80,80,80,80,80,80,80,80,80,80,80,80,80,80,80,80,80,80,80,80,80,77,77,77,77,77,77,77,77,77,77,77,77,77,77,77,77,77,77,77,77,77,77,77,77,77,77],"card_choices":[{"not_picked":["Pommel Strike","Shrug It Off"],"picked":"True Grit","floor":1.0},{"not_picked":["Cleave","Whirlwind"],"picked":"Sever Soul","floor":3.0},{"not_picked":["Bloodletting","Perfected Strike"],"picked":"Iron Wave","floor":8.0},{"not_picked":["Carnage","Heavy Blade"],"picked":"Bludgeon","floor":10.0},{"not_picked":["Burning Pact","Cleave"],"picked":"Second Wind","floor":11.0},{"not_picked":["Bloodletting","Perfected Strike"],"picked":"Blood for Blood","floor":12.0},{"not_picked":["Sword Boomerang","Reckless Charge"],"picked":"Headbutt","floor":13.0},{"not_picked":["Seeing Red","Perfected Strike"],"picked":"Metallicize","floor":14.0},{"not_picked":["Bludgeon","Brutality"],"picked":"Reaper","floor":16.0},{"not_picked":["Heavy Blade","Body Slam"],"picked":"Clothesline","floor":18.0},{"not_picked":["Twin Strike","Armaments+1"],"picked":"Searing Blow+1","floor":19.0},{"not_picked":["Iron Wave","Twin Strike"],"picked":"Uppercut","floor":23.0},{"not_picked":["Wild Strike","Burning Pact"],"picked":"Armaments+1","floor":27},{"not_picked":["Thunderclap+1","Pommel Strike+1"],"picked":"Warcry","floor":28},{"not_picked":["Searing Blow","Brutality"],"picked":"Warcry","floor":30},{"not_picked":["Twin Strike","Uppercut"],"picked":"Pummel","floor":31},{"not_picked":["Limit Break","Bludgeon"],"picked":"Fiend Fire","floor":33},{"not_picked":["Twin Strike","Heavy Blade+1"],"picked":"Ghostly Armor","floor":35},{"not_picked":["Anger+1","Searing Blow"],"picked":"Pommel Strike+1","floor":39},{"not_picked":["Bloodletting+1","Dropkick+1"],"picked":"True Grit+1","floor":41},{"not_picked":["Anger+1","Intimidate"],"picked":"Headbutt+1","floor":42},{"not_picked":["Feed","Perfected Strike"],"picked":"Second Wind","floor":45},{"not_picked":["Pommel Strike+1","Seeing Red"],"picked":"Rampage+1","floor":46},{"not_picked":["Wild Strike","Headbutt+1"],"picked":"Combust","floor":48}],"player_experience":107401,"relics_obtained":[{"floor":9.0,"key":"Happy Flower"},{"floor":17.0,"key":"Tiny Chest"},{"floor":17.0,"key":"Dodecahedron"},{"floor":17.0,"key":"Thread and Needle"},{"floor":19.0,"key":"Red Mask"},{"floor":21.0,"key":"Enchiridion"},{"floor":23.0,"key":"Ancient Tea Set"},{"floor":24.0,"key":"The Courier"},{"floor":26.0,"key":"Potion Belt"},{"floor":30,"key":"MawBank"},{"floor":39,"key":"Ginger"},{"floor":43,"key":"Juzu Bracelet"},{"floor":46,"key":"Peace Pipe"}],"event_choices":[{"event_name":"Liars Game","player_choice":"agreed","floor":2.0,"damage_taken":0.0},{"event_name":"Scrap Ooze","player_choice":"success","floor":4.0,"damage_taken":7.0},{"event_name":"Big Fish","player_choice":"Box","floor":7.0,"damage_taken":0.0},{"event_name":"Masked Bandits","player_choice":"Fought over 289 gold","floor":19.0,"damage_taken":0.0},{"event_name":"Cursed Tome","player_choice":"Obtained Book","floor":21.0,"damage_taken":0.0},{"event_name":"Addict","player_choice":"Ignored","floor":22.0,"damage_taken":0.0},{"event_name":"Fountain of Cleansing","player_choice":"Removed Curse","floor":25.0,"damage_taken":0.0},{"event_name":"Winding Halls","player_choice":"Embrace Madness","floor":36,"damage_taken":0},{"event_name":"Tomb of Lord Red Mask","player_choice":"Wore Mask","floor":37,"damage_taken":0},{"event_name":"MindBloom","player_choice":"Fight","floor":39,"damage_taken":0},{"event_name":"Falling","player_choice":"Removed Skill","floor":44,"damage_taken":0}],"is_beta":false,"boss_relics":[{"not_picked":["Lizard Tail","Snecko Eye"],"picked":"Calling Bell"},{"not_picked":["Velvet Choker","Black Blood"],"picked":"Fusion Hammer"}],"items_purged_floors":[5,20,38],"is_endless":false,"potions_floor_spawned":[3,11,13,16,19,23,27,30,31,35,42,46,48],"killed_by":"Awakened One","ascension_level":0}