{"gold_per_floor":[110,127,37,37,55,55,55,81,81,99,129,129,179,211,211,211],"floor_reached":16,"playtime":1060,"items_purged":[],"score":236,"play_id":"48d71bd4-702d-408f-affc-f7132a0e3ef7","local_time":"20190619113016","is_ascension_mode":true,"campfire_choices":[{"data":"Combust","floor":6,"key":"SMITH"},{"floor":12,"key":"REST"},{"data":"Bash","floor":15,"key":"SMITH"}],"neow_cost":"NONE","seed_source_timestamp":213227521346110,"circlet_count":0,"master_deck":["AscendersBane","Strike_R","Strike_R","Strike_R","Defend_R","Defend_R","Defend_R","Defend_R","Bash+1","Bloodletting","Combust+1","Shrug It Off","Reckless Charge","Carnage","Cleave","Rupture"],"relics":["Burning Blood","Mummified Hand","Smiling Mask","Singing Bowl","Bottled Flame"],"potions_floor_usage":[14,16,16],"damage_taken":[{"damage":7,"enemies":"Jaw Worm","floor":1,"turns":5},{"damage":7,"enemies":"Small Slimes","floor":2,"turns":4},{"damage":5,"enemies":"Cultist","floor":5,"turns":4},{"damage":55,"enemies":"Gremlin Nob","floor":8,"turns":5},{"damage":2,"enemies":"Exordium Wildlife","floor":10,"turns":3},{"damage":23,"enemies":"3 Sentries","floor":11,"turns":4},{"damage":31,"enemies":"Gremlin Nob","floor":14,"turns":4},{"damage":13,"enemies":"Hexaghost","floor":16,"turns":7}],"seed_played":"1434566632011563442","potions_obtained":[{"floor":1,"key":"FairyPotion"},{"floor":10,"key":"Weak Potion"},{"floor":11,"key":"Energy Potion"},{"floor":14,"key":"EssenceOfSteel"}],"is_trial":false,"path_per_floor":["M","M","$","?","M","R","?","E","T","M","E","R","?","E","R","B"],"character_chosen":"IRONCLAD","items_purchased":["Combust","Shrug It Off"],"campfire_rested":1,"item_purchase_floors":[3,3],"current_hp_per_floor":[67,66,66,59,60,60,60,11,11,15,11,34,34,9,9,0],"gold":211,"neow_bonus":"REMOVE_CARD","is_prod":false,"is_daily":false,"chose_seed":false,"campfire_upgraded":2,"win_rate":0,"timestamp":1560936616,"path_taken":["M","M","$","?","M","R","?","E","T","M","E","R","?","E","R","BOSS"],"build_version":"2019-01-23","purchased_purges":0,"victory":false,"max_hp_per_floor":[75,75,75,75,75,75,75,75,75,75,77,77,77,77,77,77],"card_choices":[{"not_picked":["Dual Wield","Blood for Blood"],"picked":"Bloodletting","floor":1},{"not_picked":["Shrug It Off","Armaments"],"picked":"Fire Breathing","floor":2},{"not_picked":["Shrug It Off","Thunderclap"],"picked":"Reckless Charge","floor":5},{"not_picked":["Seeing Red","Wild Strike"],"picked":"Carnage","floor":8},{"not_picked":["Clash","Clothesline"],"picked":"Cleave","floor":10},{"not_picked":["Dual Wield","Entrench","Bludgeon"],"picked":"Singing Bowl","floor":11},{"not_picked":["Pommel Strike","Dual Wield"],"picked":"Rupture","floor":14}],"player_experience":1357850,"relics_obtained":[{"floor":8,"key":"Mummified Hand"},{"floor":9,"key":"Smiling Mask"},{"floor":11,"key":"Singing Bowl"},{"floor":14,"key":"Bottled Flame"}],"event_choices":[{"cards_removed":["Strike_R"],"damage_healed":0,"gold_gain":0,"player_choice":"Card Removal","damage_taken":7,"max_hp_gain":0,"max_hp_loss":0,"event_name":"Golden Wing","floor":4,"gold_loss":0},{"cards_removed":["Fire Breathing"],"damage_healed":0,"gold_gain":0,"player_choice":"Forget","damage_taken":0,"max_hp_gain":0,"max_hp_loss":0,"event_name":"Living Wall","floor":7,"gold_loss":0},{"damage_healed":0,"gold_gain":50,"player_choice":"Pray","damage_taken":0,"max_hp_gain":0,"max_hp_loss":0,"event_name":"Golden Shrine","floor":13,"gold_loss":0}],"is_beta":false,"boss_relics":[],"items_purged_floors":[],"is_endless":false,"potions_floor_spawned":[1,10,11,14],"killed_by":"Hexaghost","ascension_level":20}