{"gold_per_floor":[110,120,135,3,15,15,41,56,56,56,131,151,151,163,163,236,236,254,264,264,464,75,75,75],"floor_reached":24,"playtime":1381,"items_purged":["Strike_G"],"score":396,"play_id":"27610560-a339-4d10-b354-fa250df1c102","local_time":"20190819140831","is_ascension_mode":true,"campfire_choices":[{"data":"Terror","floor":6.0,"key":"SMITH"},{"data":"Dagger Spray","floor":10,"key":"SMITH"},{"floor":13,"key":"REST"},{"floor":15,"key":"REST"},{"floor":23,"key":"REST"}],"neow_cost":"NONE","seed_source_timestamp":2266238568507484,"circlet_count":0,"master_deck":["AscendersBane","Strike_G","Strike_G","Defend_G","Defend_G","Defend_G","Defend_G","Defend_G","Survivor","Neutralize","Unload","Deflect","Deadly Poison","Bane","Terror+1","Dagger Spray+1","Well Laid Plans","Dodge and Roll","Bane","Cloak And Dagger","Blur","After Image","Deflect","Leg Sweep","Dagger Throw","Underhanded Strike"],"special_seed":0,"relics":["Ring of the Snake","Tough Bandages","Boot","Empty Cage","MutagenicStrength","HandDrill"],"potions_floor_usage":[],"damage_taken":[{"damage":0.0,"enemies":"Jaw Worm","floor":1.0,"turns":5.0},{"damage":1.0,"enemies":"2 Louse","floor":2.0,"turns":4.0},{"damage":0.0,"enemies":"Cultist","floor":3.0,"turns":4.0},{"damage":11.0,"enemies":"Large Slime","floor":5.0,"turns":7.0},{"damage":25.0,"enemies":"3 Sentries","floor":7.0,"turns":10.0},{"damage":10,"enemies":"Lots of Slimes","floor":8,"turns":6},{"damage":3,"enemies":"2 Fungi Beasts","floor":12,"turns":4},{"damage":4,"enemies":"Exordium Wildlife","floor":14,"turns":4},{"damage":33,"enemies":"The Guardian","floor":16,"turns":14},{"damage":19,"enemies":"Spheric Guardian","floor":18,"turns":7},{"damage":6,"enemies":"3 Byrds","floor":19,"turns":6},{"damage":49,"enemies":"Gremlin Leader","floor":24,"turns":6}],"seed_played":"7432447875405568320","potions_obtained":[{"floor":3.0,"key":"EssenceOfSteel"},{"floor":5.0,"key":"Regen Potion"},{"floor":8,"key":"LiquidBronze"},{"floor":18,"key":"EntropicBrew"}],"is_trial":false,"path_per_floor":["M","M","M","$","M","R","E","M","T","R","?","M","R","M","R","B",null,"M","M","?","?","$","R","E"],"character_chosen":"THE_SILENT","items_purchased":["Terror","Dagger Spray","Dagger Throw","Underhanded Strike","HandDrill"],"campfire_rested":3,"item_purchase_floors":[4,4,22,22,22],"current_hp_per_floor":[59,58,58,58,47,47,37,27,27,27,16,13,32,28,47,14,53,34,28,28,28,28,47,0],"gold":75,"neow_bonus":"ONE_RANDOM_RARE_CARD","is_prod":false,"is_daily":false,"chose_seed":false,"campfire_upgraded":2,"win_rate":0,"timestamp":1566248911,"path_taken":["M","M","M","$","M","R","E","M","T","R","?","M","R","M","R","BOSS","M","M","?","?","$","R","E"],"build_version":"2019-07-17","purchased_purges":1,"victory":false,"max_hp_per_floor":[66,66,66,66,66,66,66,66,66,66,66,66,66,66,66,66,66,66,66,66,66,66,66,66],"card_choices":[{"not_picked":["Underhanded Strike","Quick Slash"],"picked":"Deflect","floor":1.0},{"not_picked":["Sucker Punch","PiercingWail"],"picked":"Deadly Poison","floor":2.0},{"not_picked":["Dash","Calculated Gamble"],"picked":"Bane","floor":3.0},{"not_picked":["Backstab","Terror"],"picked":"Well Laid Plans","floor":5.0},{"not_picked":["Cloak And Dagger","Backflip"],"picked":"Dodge and Roll","floor":7.0},{"not_picked":["Skewer","Choke"],"picked":"Bane","floor":8},{"not_picked":["Expertise","Dagger Spray"],"picked":"Cloak And Dagger","floor":12},{"not_picked":["Choke","Slice"],"picked":"Blur","floor":14},{"not_picked":["Unload","Burst"],"picked":"After Image","floor":16},{"not_picked":["Masterful Stab","Tactician"],"picked":"Deflect","floor":18},{"not_picked":["All Out Attack","Deflect"],"picked":"Leg Sweep","floor":19}],"player_experience":783523,"relics_obtained":[{"floor":7.0,"key":"Tough Bandages"},{"floor":9,"key":"Boot"}],"event_choices":[{"damage_healed":0,"gold_gain":75,"player_choice":"Gather Gold","damage_taken":11,"max_hp_gain":0,"max_hp_loss":0,"event_name":"World of Goop","floor":11,"gold_loss":0},{"damage_healed":0,"gold_gain":0,"player_choice":"Inject Mutagens","damage_taken":0,"relics_obtained":["MutagenicStrength"],"max_hp_gain":0,"max_hp_loss":0,"event_name":"Drug Dealer","floor":20,"gold_loss":0},{"damage_healed":0,"gold_gain":250,"player_choice":"Bet on Owner","damage_taken":0,"max_hp_gain":0,"max_hp_loss":0,"event_name":"The Joust","floor":21,"gold_loss":50}],"is_beta":false,"boss_relics":[{"not_picked":["Eternal Feather","Calling Bell"],"picked":"Empty Cage"}],"items_purged_floors":[22],"is_endless":false,"potions_floor_spawned":[3,5,8,18],"killed_by":"Gremlin Leader","ascension_level":20}