{"gold_per_floor":[117,133,45,62,79,79,140,150,201,216,216,248,262,262,262,364,364,382,307,48,65,65,65,99,117,196,231,231,242,252,252],"floor_reached":31,"playtime":2722,"items_purged":[],"score":382,"play_id":"7a62dea6-710b-453a-9e3d-fa2d9f32a092","local_time":"20190709155006","is_ascension_mode":true,"campfire_choices":[{"floor":6,"key":"RECALL"},{"floor":11,"key":"REST"},{"floor":15,"key":"REST"},{"floor":23,"key":"REST"}],"neow_cost":"NONE","seed_source_timestamp":621547252427883,"circlet_count":0,"master_deck":["Strike_G+1","Strike_G+1","Strike_G+1","Strike_G+1","Defend_G+1","Defend_G+1","Defend_G+1","Defend_G+1","Defend_G+1","Survivor","Neutralize","Quick Slash","Prepared","Bandage Up","Dagger Spray","Backflip","Dash","Leg Sweep","Backstab","Venomology+1","Dagger Throw","Doppelganger","Dodge and Roll","Dash","Backflip","Blur","Envenom","Dagger Throw","Terror+1","Caltrops","Bullet Time","Underhanded Strike+1","Underhanded Strike+1","Masterful Stab+1","Flying Knee+1","Footwork+1"],"relics":["Ring of the Snake","Tiny Chest","Mummified Hand","Orrery","Molten Egg 2","Bronze Scales","Pear","Potion Belt"],"potions_floor_usage":[8,8,12,13,16,16,24,25,25,27,27,27,29,30,31,31],"damage_taken":[{"damage":0,"enemies":"Cultist","floor":1,"turns":5},{"damage":0,"enemies":"2 Louse","floor":2,"turns":3},{"damage":0,"enemies":"Small Slimes","floor":4,"turns":3},{"damage":12,"enemies":"3 Louse","floor":5,"turns":4},{"damage":57,"enemies":"3 Sentries","floor":7,"turns":11},{"damage":9,"enemies":"Gremlin Gang","floor":8,"turns":4},{"damage":0,"enemies":"Blue Slaver","floor":10,"turns":5},{"damage":35,"enemies":"Lagavulin","floor":12,"turns":10},{"damage":17,"enemies":"Exordium Thugs","floor":13,"turns":7},{"damage":15,"enemies":"Hexaghost","floor":16,"turns":14},{"damage":18,"enemies":"Chosen","floor":18,"turns":9},{"damage":29,"enemies":"3 Byrds","floor":21,"turns":7},{"damage":10,"enemies":"Slavers","floor":24,"turns":9},{"damage":16,"enemies":"Centurion and Healer","floor":25,"turns":8},{"damage":61,"enemies":"Gremlin Leader","floor":27,"turns":8},{"damage":10,"enemies":"Snake Plant","floor":29,"turns":4},{"damage":0,"enemies":"Cultist and Chosen","floor":30,"turns":5},{"damage":32,"enemies":"Chosen and Byrds","floor":31,"turns":6}],"seed_played":"8598065017569423858","potions_obtained":[{"floor":2,"key":"SteroidPotion"},{"floor":5,"key":"Regen Potion"},{"floor":8,"key":"Regen Potion"},{"floor":10,"key":"EssenceOfSteel"},{"floor":16,"key":"AttackPotion"},{"floor":27,"key":"Fire Potion"},{"floor":29,"key":"PowerPotion"}],"is_trial":false,"path_per_floor":["M","M","$","M","M","R","E","M","T","M","R","E","M","?","R","B",null,"M","?","$","M","?","R","E","M","T","E","?","M","M","M"],"character_chosen":"THE_SILENT","items_purchased":["Bandage Up","Molten Egg 2"],"campfire_rested":3,"item_purchase_floors":[3,20],"current_hp_per_floor":[77,77,77,77,69,69,16,20,20,24,47,16,17,17,40,29,77,61,61,61,36,36,59,53,41,51,9,9,3,7,0],"gold":252,"neow_bonus":"TEN_PERCENT_HP_BONUS","is_prod":false,"is_daily":false,"chose_seed":false,"campfire_upgraded":0,"win_rate":0,"timestamp":1562712606,"path_taken":["M","?","$","M","M","R","E","M","T","M","R","E","M","?","R","BOSS","M","?","$","M","?","R","E","?","T","E","?","M","M","M"],"build_version":"2019-07-05","purchased_purges":0,"victory":false,"max_hp_per_floor":[77,77,77,77,77,77,77,77,77,77,77,77,77,77,77,77,77,77,77,77,77,77,77,77,77,87,87,87,87,87,87],"card_choices":[{"not_picked":["Cloak And Dagger","Outmaneuver"],"picked":"Quick Slash","floor":1},{"not_picked":["Outmaneuver","Deadly Poison"],"picked":"Prepared","floor":2},{"not_picked":["Slice","Bane"],"picked":"Dagger Spray","floor":4},{"not_picked":["Skewer","Endless Agony"],"picked":"Backflip","floor":5},{"not_picked":["Flying Knee","Sucker Punch"],"picked":"Dash","floor":7},{"not_picked":["Cloak And Dagger","Outmaneuver"],"picked":"Leg Sweep","floor":8},{"not_picked":["Blur","Blade Dance"],"picked":"Backstab","floor":10},{"not_picked":["Blade Dance","Bane"],"picked":"Venomology","floor":12},{"not_picked":["Backflip","Bouncing Flask"],"picked":"Dagger Throw","floor":13},{"not_picked":["Bullet Time","Night Terror"],"picked":"Doppelganger","floor":16},{"not_picked":["Blade Dance","Deadly Poison"],"picked":"Dodge and Roll","floor":17},{"not_picked":["Cloak And Dagger","Outmaneuver"],"picked":"Dash","floor":17},{"not_picked":["Distraction","Calculated Gamble"],"picked":"Backflip","floor":17},{"not_picked":["Outmaneuver","Cloak And Dagger"],"picked":"Blur","floor":17},{"not_picked":["Sucker Punch","Outmaneuver"],"picked":"Envenom","floor":17},{"not_picked":["Catalyst+1","Cloak And Dagger"],"picked":"Dagger Throw","floor":18},{"not_picked":["Well Laid Plans","Sucker Punch+1"],"picked":"Terror+1","floor":21},{"not_picked":["Dagger Spray+1","Deadly Poison"],"picked":"Underhanded Strike+1","floor":24},{"not_picked":["Sucker Punch+1","Quick Slash+1"],"picked":"Underhanded Strike+1","floor":25},{"not_picked":["Escape Plan","Slice+1"],"picked":"Masterful Stab+1","floor":27},{"not_picked":["Envenom","Bane+1"],"picked":"Flying Knee+1","floor":29},{"not_picked":["Deflect+1","All Out Attack+1"],"picked":"Footwork+1","floor":30}],"player_experience":172902,"relics_obtained":[{"floor":7,"key":"Tiny Chest"},{"floor":12,"key":"Mummified Hand"},{"floor":24,"key":"Bronze Scales"},{"floor":26,"key":"Pear"},{"floor":27,"key":"Potion Belt"}],"event_choices":[{"damage_healed":0,"gold_gain":0,"player_choice":"Grow","damage_taken":0,"max_hp_gain":0,"max_hp_loss":0,"event_name":"Living Wall","floor":14,"gold_loss":0,"cards_upgraded":["Venomology"]},{"cards_removed":["Strike_G"],"damage_healed":0,"gold_gain":0,"player_choice":"Gave Gold","damage_taken":0,"max_hp_gain":0,"max_hp_loss":0,"event_name":"Beggar","floor":19,"gold_loss":75},{"damage_healed":0,"gold_gain":0,"player_choice":"2 cards matched","damage_taken":0,"max_hp_gain":0,"max_hp_loss":0,"event_name":"Match and Keep!","floor":22,"gold_loss":0,"cards_obtained":["Caltrops","Bullet Time"]},{"damage_healed":0,"gold_gain":0,"player_choice":"Simplicity","damage_taken":0,"max_hp_gain":0,"max_hp_loss":0,"event_name":"Back to Basics","floor":28,"gold_loss":0,"cards_upgraded":["Strike_G","Strike_G","Strike_G","Strike_G","Defend_G","Defend_G","Defend_G","Defend_G","Defend_G"]}],"is_beta":false,"boss_relics":[{"not_picked":["Ectoplasm","Cursed Key"],"picked":"Orrery"}],"items_purged_floors":[],"is_endless":false,"potions_floor_spawned":[2,5,8,10,16,24,27,29],"killed_by":"Chosen and Byrds","ascension_level":3}