{"gold_per_floor":[111,128,15,34,34,62,62,8,8,8,8,43,53,1,1,102,102,115,129,129],"floor_reached":20,"playtime":3111,"items_purged":["Strike_G"],"score":273,"play_id":"ffbbdff8-2b43-497e-9e93-524dd02e4784","local_time":"20190724112421","is_ascension_mode":true,"campfire_choices":[{"floor":7,"key":"REST"},{"data":"Caltrops","floor":11,"key":"SMITH"},{"floor":15,"key":"REST"}],"neow_cost":"NONE","seed_source_timestamp":8288692499356,"circlet_count":0,"master_deck":["AscendersBane","Strike_G","Strike_G","Strike_G","Strike_G","Defend_G","Defend_G","Defend_G","Defend_G","Defend_G","Survivor","Neutralize","Sucker Punch","Calculated Gamble+1","Caltrops+1","Skewer","All Out Attack","Dodge and Roll","Tactician","Backflip","A Thousand Cuts","Deflect","Blur","Underhanded Strike","Concentrate","Dash+1","Acrobatics"],"relics":["Ring of the Snake","NeowsBlessing","Mercury Hourglass","Paper Crane","Ice Cream","Du-Vu Doll","Orrery"],"potions_floor_usage":[20],"damage_taken":[{"damage":0,"enemies":"Cultist","floor":1,"turns":1},{"damage":0,"enemies":"Jaw Worm","floor":2,"turns":1},{"damage":0,"enemies":"2 Louse","floor":4,"turns":1},{"damage":47,"enemies":"Gremlin Nob","floor":6,"turns":5},{"damage":7,"enemies":"Lagavulin","floor":12,"turns":6},{"damage":15,"enemies":"Large Slime","floor":13,"turns":7},{"damage":29,"enemies":"The Guardian","floor":16,"turns":12},{"damage":27,"enemies":"3 Byrds","floor":18,"turns":4},{"damage":8,"enemies":"Shell Parasite","floor":19,"turns":6},{"damage":32,"enemies":"Snecko","floor":20,"turns":5}],"seed_played":"-4769811707129150668","potions_obtained":[{"floor":12,"key":"Swift Potion"},{"floor":16,"key":"Dexterity Potion"},{"floor":19,"key":"Ancient Potion"}],"is_trial":false,"path_per_floor":["M","M","$","M","T","E","R","$","T","?","R","E","M","$","R","B",null,"M","M","M"],"character_chosen":"THE_SILENT","items_purchased":["Caltrops","Dodge and Roll","Backflip"],"campfire_rested":2,"item_purchase_floors":[3,8,14],"current_hp_per_floor":[63,63,63,63,63,16,37,37,37,37,37,30,15,15,36,7,54,27,19,0],"gold":129,"neow_bonus":"THREE_ENEMY_KILL","is_prod":false,"is_daily":false,"chose_seed":false,"campfire_upgraded":1,"win_rate":0,"timestamp":1563992661,"path_taken":["M","M","$","M","?","E","R","$","T","?","R","E","M","$","R","BOSS","M","?","M"],"build_version":"2019-07-17","purchased_purges":1,"victory":false,"max_hp_per_floor":[70,70,70,70,70,70,70,70,70,70,70,70,70,70,70,70,70,70,70,70],"card_choices":[{"not_picked":["Poisoned Stab","Bane"],"picked":"Sucker Punch","floor":1},{"not_picked":["Outmaneuver","Flechettes"],"picked":"Calculated Gamble","floor":2},{"not_picked":["Expertise","Underhanded Strike"],"picked":"Skewer","floor":4},{"not_picked":["Eviscerate","Slice"],"picked":"All Out Attack","floor":6},{"not_picked":["Choke","Backstab"],"picked":"Tactician","floor":12},{"not_picked":["Poisoned Stab","Sucker Punch","Calculated Gamble"],"picked":"SKIP","floor":13},{"not_picked":["Night Terror","Bullet Time"],"picked":"A Thousand Cuts","floor":16},{"not_picked":["Skewer","Prepared"],"picked":"Deflect","floor":17},{"not_picked":["Masterful Stab","Poisoned Stab"],"picked":"Blur","floor":17},{"not_picked":["Deflect","Dash"],"picked":"Underhanded Strike","floor":17},{"not_picked":["Backflip","Setup"],"picked":"Concentrate","floor":17},{"not_picked":["Slice+1","Escape Plan"],"picked":"Dash+1","floor":18},{"not_picked":["Reflex","Prepared"],"picked":"Acrobatics","floor":19}],"player_experience":451553,"relics_obtained":[{"floor":5,"key":"Mercury Hourglass"},{"floor":6,"key":"Paper Crane"},{"floor":9,"key":"Ice Cream"},{"floor":12,"key":"Du-Vu Doll"}],"event_choices":[{"damage_healed":0,"gold_gain":0,"player_choice":"Upgraded","damage_taken":0,"max_hp_gain":0,"max_hp_loss":0,"event_name":"Upgrade Shrine","floor":10,"gold_loss":0,"cards_upgraded":["Calculated Gamble"]}],"is_beta":false,"boss_relics":[{"not_picked":["Lizard Tail","Tiny House"],"picked":"Orrery"}],"items_purged_floors":[3],"is_endless":false,"potions_floor_spawned":[12,16,19],"killed_by":"Snecko","ascension_level":10}