{"gold_per_floor":[111,127,144,158,84,84,113,128,128,128,162,162,162,181,181,283,283,303,318,318,336,192,218,136,136,205,205,229,241,241,270,270,375,375,388,400,414,378,392,392,423,383,383,383,168,203,303,186,186,186],"floor_reached":51,"playtime":2158,"items_purged":["Strike_B"],"score":999,"play_id":"9eabda12-8178-49d3-bda8-c5f21aff6bda","local_time":"20190820004348","is_ascension_mode":true,"campfire_choices":[{"floor":6.0,"key":"REST"},{"data":"Loop","floor":10.0,"key":"SMITH"},{"data":"Dualcast","floor":13.0,"key":"SMITH"},{"floor":15.0,"key":"REST"},{"floor":25.0,"key":"REST"},{"floor":32.0,"key":"REST"},{"data":"Defragment","floor":40,"key":"SMITH"},{"data":"Loop","floor":44,"key":"SMITH"},{"floor":49,"key":"REST"}],"neow_cost":"NONE","seed_source_timestamp":0,"circlet_count":0,"master_deck":["Defend_B","Defend_B","Defend_B","Zap+1","Dualcast+1","Steam","Ball Lightning","Chill","Loop+1","Defragment+1","Defragment+1","Seek","Barrage+1","FTL+1","Glacier","Flash of Steel","Coolheaded","Buffer","Storm","Multi-Cast","Gash+1","Loop+1","Echo Form","Defragment","Blizzard","Force Field"],"special_seed":0,"relics":["Cracked Core","Bag of Marbles","Shuriken","Cables","Sozu","Bronze Scales","Meat on the Bone","Pear","Juzu Bracelet","Unceasing Top","Empty Cage","Sundial","Kunai","Thread and Needle","Dead Branch","Ornamental Fan"],"potions_floor_usage":[],"damage_taken":[{"damage":7.0,"enemies":"Jaw Worm","floor":1.0,"turns":3.0},{"damage":0.0,"enemies":"Small Slimes","floor":2.0,"turns":3.0},{"damage":0.0,"enemies":"Cultist","floor":3.0,"turns":3.0},{"damage":17.0,"enemies":"Large Slime","floor":4.0,"turns":6.0},{"damage":16.0,"enemies":"Gremlin Nob","floor":7.0,"turns":3.0},{"damage":2.0,"enemies":"2 Fungi Beasts","floor":8.0,"turns":3.0},{"damage":12.0,"enemies":"3 Sentries","floor":11.0,"turns":7.0},{"damage":17.0,"enemies":"Lots of Slimes","floor":14.0,"turns":3.0},{"damage":14.0,"enemies":"Hexaghost","floor":16.0,"turns":6.0},{"damage":0.0,"enemies":"Shell Parasite","floor":18.0,"turns":5.0},{"damage":10.0,"enemies":"2 Thieves","floor":19.0,"turns":4.0},{"damage":2.0,"enemies":"Centurion and Healer","floor":21.0,"turns":8.0},{"damage":39.0,"enemies":"Gremlin Leader","floor":23.0,"turns":7.0},{"damage":0.0,"enemies":"Sentry and Sphere","floor":29.0,"turns":5.0},{"damage":14.0,"enemies":"Book of Stabbing","floor":31.0,"turns":4.0},{"damage":12.0,"enemies":"Champ","floor":33.0,"turns":10.0},{"damage":0.0,"enemies":"3 Shapes","floor":35.0,"turns":6.0},{"damage":15,"enemies":"3 Darklings","floor":36,"turns":4},{"damage":0,"enemies":"Transient","floor":37,"turns":5},{"damage":0,"enemies":"Spire Growth","floor":39,"turns":6},{"damage":6,"enemies":"Giant Head","floor":41,"turns":9},{"damage":21,"enemies":"Reptomancer","floor":46,"turns":5},{"damage":2,"enemies":"Mind Bloom Boss Battle","floor":47,"turns":5},{"damage":46,"enemies":"Donu and Deca","floor":50,"turns":8}],"seed_played":"3662345591572631751","potions_obtained":[{"floor":4.0,"key":"FocusPotion"},{"floor":7.0,"key":"Poison Potion"},{"floor":14.0,"key":"LiquidBronze"}],"is_trial":false,"path_per_floor":["M","M","M","M","$","R","E","M","T","R","E","?","R","M","R","B",null,"M","M","?","M","$","E","$","R","T","?","T","M","?","E","R","B",null,"M","M","M","$","M","R","E","?","T","R","$","E","?","?","R","B",null],"character_chosen":"DEFECT","items_purchased":["Chill","Bronze Scales","Flash of Steel","Loop","Defragment","Blizzard"],"campfire_rested":5,"item_purchase_floors":[5,22,24,38,45,45],"current_hp_per_floor":[61,61,61,44,44,66,50,48,48,48,36,36,36,19,41,27,63,63,53,53,51,51,12,12,34,44,44,44,44,44,42,67,55,78,78,63,63,63,63,63,57,57,57,57,57,48,46,46,71,37],"gold":186,"neow_bonus":"UPGRADE_CARD","is_prod":false,"is_daily":false,"chose_seed":false,"campfire_upgraded":4,"win_rate":0,"timestamp":1566276228,"path_taken":["M","M","M","M","$","R","E","M","T","R","E","?","R","M","R","BOSS","M","M","?","M","$","E","$","R","T","?","?","M","?","E","R","BOSS","M","M","M","$","M","R","E","?","T","R","?","E","?","?","R","BOSS"],"build_version":"2019-07-17","purchased_purges":1,"victory":true,"max_hp_per_floor":[75,75,75,75,75,75,75,75,75,75,75,75,75,75,75,75,75,75,75,75,75,75,75,75,75,85,85,85,85,85,85,85,85,85,85,85,85,85,85,85,85,85,85,85,85,85,85,85,85,85],"card_choices":[{"not_picked":["Go for the Eyes","Leap"],"picked":"Steam","floor":1.0},{"not_picked":["Barrage","Steam","Rebound"],"picked":"SKIP","floor":2.0},{"not_picked":["Gash","Loop"],"picked":"Ball Lightning","floor":3.0},{"not_picked":["Lockon","Beam Cell","Tempest"],"picked":"SKIP","floor":4.0},{"not_picked":["Steam","Reprogram"],"picked":"Loop","floor":7.0},{"not_picked":["Beam Cell","Redo","Go for the Eyes"],"picked":"SKIP","floor":8.0},{"not_picked":["Leap","Streamline"],"picked":"Defragment","floor":11.0},{"not_picked":["Blizzard","Meteor Strike"],"picked":"Defragment","floor":14.0},{"not_picked":["Creative AI","Biased Cognition"],"picked":"Seek","floor":16.0},{"not_picked":["Cold Snap","Go for the Eyes"],"picked":"Barrage+1","floor":18.0},{"not_picked":["Darkness+1","Steam Power"],"picked":"FTL+1","floor":19.0},{"not_picked":["Steam Power","Recycle","Reprogram"],"picked":"SKIP","floor":21.0},{"not_picked":["Sweeping Beam","Leap","Compile Driver"],"picked":"SKIP","floor":23.0},{"not_picked":["Steam","Leap"],"picked":"Coolheaded","floor":29.0},{"not_picked":["Stack+1","Creative AI","Barrage"],"picked":"SKIP","floor":31.0},{"not_picked":["Amplify","Hyperbeam"],"picked":"Multi-Cast","floor":33.0},{"not_picked":["Sunder+1","Hologram","Beam Cell"],"picked":"SKIP","floor":35.0},{"not_picked":["Cold Snap","Sunder"],"picked":"Gash+1","floor":36},{"not_picked":["Recycle","Redo+1","Ball Lightning+1"],"picked":"SKIP","floor":37},{"not_picked":["Reinforced Body+1","Cold Snap","Undo"],"picked":"SKIP","floor":39},{"not_picked":["Coolheaded","Redo"],"picked":"Echo Form","floor":41},{"not_picked":["Rebound+1","Conserve Battery"],"picked":"Force Field","floor":46}],"player_experience":364915,"relics_obtained":[{"floor":7.0,"key":"Bag of Marbles"},{"floor":9.0,"key":"Shuriken"},{"floor":11.0,"key":"Cables"},{"floor":23.0,"key":"Meat on the Bone"},{"floor":26.0,"key":"Pear"},{"floor":28.0,"key":"Juzu Bracelet"},{"floor":31.0,"key":"Unceasing Top"},{"floor":41,"key":"Sundial"},{"floor":43,"key":"Kunai"},{"floor":46,"key":"Thread and Needle"},{"floor":47,"key":"Dead Branch"}],"event_choices":[{"damage_healed":0.0,"max_hp_gain":0.0,"max_hp_loss":0.0,"gold_gain":0.0,"event_name":"Living Wall","player_choice":"Grow","floor":12.0,"gold_loss":0.0,"damage_taken":0.0,"cards_upgraded":["Defragment"]},{"damage_healed":0.0,"max_hp_gain":0.0,"max_hp_loss":0.0,"gold_gain":0.0,"event_name":"The Library","player_choice":"Read","floor":20.0,"gold_loss":0.0,"damage_taken":0.0,"cards_obtained":["Glacier"]},{"damage_healed":0.0,"max_hp_gain":0.0,"max_hp_loss":0.0,"gold_gain":0.0,"event_name":"The Mausoleum","player_choice":"Ignored","floor":27.0,"gold_loss":0.0,"damage_taken":0.0},{"damage_healed":0.0,"max_hp_gain":0.0,"max_hp_loss":0.0,"gold_gain":0.0,"cards_transformed":["Strike_B","Strike_B"],"event_name":"Drug Dealer","player_choice":"Became Test Subject","floor":30.0,"gold_loss":0.0,"damage_taken":0.0,"cards_obtained":["Buffer","Storm"]},{"damage_healed":0,"gold_gain":0,"player_choice":"Bought 3 Potions","damage_taken":0,"max_hp_gain":0,"max_hp_loss":0,"event_name":"The Woman in Blue","floor":42,"gold_loss":0},{"damage_healed":0,"gold_gain":0,"player_choice":"Fight","damage_taken":0,"max_hp_gain":0,"max_hp_loss":0,"event_name":"MindBloom","floor":47,"gold_loss":0},{"damage_healed":0,"gold_gain":0,"player_choice":"Paid Gold","damage_taken":0,"relics_obtained":["Ornamental Fan"],"max_hp_gain":0,"max_hp_loss":0,"event_name":"WeMeetAgain","floor":48,"gold_loss":117}],"is_beta":false,"boss_relics":[{"not_picked":["White Beast Statue","Coffee Dripper"],"picked":"Sozu"},{"not_picked":["Tiny House","Calling Bell"],"picked":"Empty Cage"}],"items_purged_floors":[45],"is_endless":false,"potions_floor_spawned":[4,7,14,18,19,33,35,36,39,47],"ascension_level":7}