{"gold_per_floor":[118,135,9,9,34,34,34,34,61,61,61,82,105,143,143,274,274,294,3,3,18,62,85,85,8,8,29,372,372],"floor_reached":29,"playtime":2608,"items_purged":["Defend_R"],"score":268,"play_id":"3fbe3387-501f-40e7-b04a-53d3be46e7fd","local_time":"20180803134135","is_ascension_mode":false,"campfire_choices":[{"data":"Armaments","floor":6,"key":"SMITH"},{"data":"Spot Weakness","floor":15,"key":"SMITH"},{"floor":24,"key":"REST"}],"neow_cost":"FIFTY_PERCENT_DAMAGE","seed_source_timestamp":439265411221062,"circlet_count":0,"master_deck":["Strike_R","Strike_R","Strike_R","Strike_R","Strike_R","Defend_R","Defend_R","Defend_R","Bash","Clash","Armaments+1","Armaments+1","Inflame","Warcry","Mind Blast","Parasite","Sever Soul","Clash","Spot Weakness+1","Barricade","Inflame","Heavy Blade","True Grit+1","Carnage","Power Through+1","Shrug It Off","Searing Blow","Flex","Clash","Power Through","Entrench"],"relics":["Black Blood","Mango","Golden Idol","Lantern","Unceasing Top","Strawberry","Red Mask","Art of War","Old Coin"],"potions_floor_usage":[16,28,28,29],"damage_taken":[{"damage":0,"enemies":"Jaw Worm","floor":1,"turns":5},{"damage":6,"enemies":"2 Louse","floor":2,"turns":2},{"damage":0,"enemies":"Small Slimes","floor":5,"turns":2},{"damage":3,"enemies":"Red Slaver","floor":12,"turns":3},{"damage":0,"enemies":"2 Fungi Beasts","floor":13,"turns":3},{"damage":14,"enemies":"3 Sentries","floor":14,"turns":4},{"damage":34,"enemies":"Hexaghost","floor":16,"turns":5},{"damage":29,"enemies":"Shell Parasite","floor":18,"turns":7},{"damage":5,"enemies":"Spheric Guardian","floor":21,"turns":3},{"damage":24,"floor":22,"turns":4},{"damage":41,"enemies":"Centurion and Healer","floor":23,"turns":8},{"damage":16,"enemies":"Snake Plant","floor":27,"turns":4},{"damage":47,"enemies":"Book of Stabbing","floor":28,"turns":7},{"damage":30,"enemies":"Slaver and Parasite","floor":29,"turns":5}],"seed_played":"1419936052592156415","potions_obtained":[{"floor":2,"key":"FearPotion"},{"floor":12,"key":"Fire Potion"},{"floor":22,"key":"FearPotion"},{"floor":23,"key":"LiquidBronze"},{"floor":27,"key":"EssenceOfSteel"}],"is_trial":false,"path_per_floor":["M","M","$","?","M","R","?","$","T","?","?","M","M","E","R","B",null,"M","$","?","M","?","M","R","$","T","M","E"],"character_chosen":"IRONCLAD","items_purchased":["Armaments","Strawberry","Heavy Blade","True Grit","Carnage","Flex","Clash"],"campfire_rested":1,"item_purchase_floors":[3,19,19,19,19,25,25],"current_hp_per_floor":[60,60,60,37,43,43,43,43,43,43,66,69,75,67,67,39,94,75,82,82,87,73,42,72,72,72,66,29,0],"gold":372,"neow_bonus":"ONE_RARE_RELIC","is_prod":false,"is_daily":false,"chose_seed":false,"campfire_upgraded":2,"win_rate":0.0,"timestamp":1533296495,"path_taken":["M","M","$","?","M","R","?","$","T","?","?","M","?","E","R","BOSS","M","$","?","M","?","M","R","?","T","?","E","M"],"build_version":"2018-08-02","purchased_purges":1,"victory":false,"max_hp_per_floor":[94,94,94,94,94,94,94,94,94,94,94,94,94,94,94,94,94,94,101,101,101,101,101,101,101,101,101,101,101],"card_choices":[{"not_picked":["Clothesline","Twin Strike"],"picked":"Clash","floor":1},{"not_picked":["Twin Strike","Headbutt"],"picked":"Armaments","floor":2},{"not_picked":["Wild Strike","Headbutt"],"picked":"Inflame","floor":5},{"not_picked":["Sword Boomerang","Clothesline"],"picked":"Sever Soul","floor":12},{"not_picked":["Combust","Thunderclap"],"picked":"Clash","floor":13},{"not_picked":["Evolve","Cleave"],"picked":"Spot Weakness","floor":14},{"not_picked":["Brutality","Berserk"],"picked":"Barricade","floor":16},{"not_picked":["Warcry","Twin Strike"],"picked":"Inflame","floor":18},{"not_picked":["Headbutt","Flex+1"],"picked":"Power Through+1","floor":21},{"not_picked":["Twin Strike","Pommel Strike+1"],"picked":"Shrug It Off","floor":22},{"not_picked":["Feel No Pain","Metallicize"],"picked":"Searing Blow","floor":23},{"not_picked":["Thunderclap","Heavy Blade"],"picked":"Power Through","floor":27},{"not_picked":["Heavy Blade","Anger"],"picked":"Entrench","floor":28}],"player_experience":143595,"relics_obtained":[{"floor":9,"key":"Lantern"},{"floor":14,"key":"Unceasing Top"},{"floor":22,"key":"Red Mask"},{"floor":26,"key":"Art of War"},{"floor":28,"key":"Old Coin"}],"event_choices":[{"event_name":"Golden Idol","player_choice":"Take Damage","floor":4,"damage_taken":0},{"event_name":"Match and Keep!","player_choice":"2 cards matched","floor":7,"damage_taken":0},{"event_name":"Accursed Blacksmith","player_choice":"Forge","floor":10,"damage_taken":0},{"event_name":"Mushrooms","player_choice":"Healed and dodged fight","floor":11,"damage_taken":0},{"event_name":"Upgrade Shrine","player_choice":"Upgraded","floor":20,"damage_taken":0},{"event_name":"Masked Bandits","player_choice":"Fought over 18 gold","floor":22,"damage_taken":0}],"is_beta":false,"boss_relics":[{"not_picked":["Runic Dome","Fusion Hammer"],"picked":"Black Blood"}],"items_purged_floors":[3],"is_endless":false,"potions_floor_spawned":[2,12,22,23,27],"killed_by":"Slaver and Parasite","ascension_level":0}