{"gold_per_floor":[116,136,4,14,14,14,47,59,127,127,127,152,72,72,72,144,144,155,36,36,48,48],"floor_reached":22,"playtime":902,"items_purged":["Strike_G"],"score":384,"play_id":"30b7e7ae-b9cf-4cf0-9cf9-39a8a5d3b431","local_time":"20190819115217","is_ascension_mode":true,"campfire_choices":[{"data":"Deadly Poison","floor":6.0,"key":"SMITH"},{"floor":10.0,"key":"REST"},{"floor":15.0,"key":"REST"}],"neow_cost":"NONE","seed_source_timestamp":2258445688498971,"circlet_count":0,"master_deck":["AscendersBane","Strike_G","Strike_G","Strike_G","Strike_G","Defend_G","Defend_G","Defend_G","Defend_G","Defend_G","Survivor","Neutralize","Deadly Poison+1","Deadly Poison","PiercingWail","Catalyst+1","Malaise","Poisoned Stab","Footwork","Footwork","Deadly Poison","Tools of the Trade","Noxious Fumes","Catalyst","Bouncing Flask","Poisoned Stab+1"],"special_seed":0,"relics":["Ring of the Snake","Omamori","Nunchaku","Dodecahedron","Dream Catcher","Velvet Choker"],"potions_floor_usage":[22],"damage_taken":[{"damage":0.0,"enemies":"Small Slimes","floor":1.0,"turns":6.0},{"damage":4.0,"enemies":"2 Louse","floor":2.0,"turns":4.0},{"damage":1.0,"enemies":"Jaw Worm","floor":4.0,"turns":4.0},{"damage":39.0,"enemies":"3 Sentries","floor":7.0,"turns":11.0},{"damage":0.0,"enemies":"Large Slime","floor":8.0,"turns":6.0},{"damage":15.0,"enemies":"Lagavulin","floor":12.0,"turns":6.0},{"damage":24.0,"enemies":"The Guardian","floor":16.0,"turns":7.0},{"damage":15,"enemies":"Spheric Guardian","floor":18,"turns":5},{"damage":13,"enemies":"Chosen","floor":21,"turns":5},{"damage":31,"enemies":"Shelled Parasite and Fungi","floor":22,"turns":5}],"seed_played":"-6474408288003398350","potions_obtained":[{"floor":8.0,"key":"Energy Potion"},{"floor":12.0,"key":"GhostInAJar"}],"is_trial":false,"path_per_floor":["M","M","$","M","?","R","E","M","T","R","?","E","$","?","R","B",null,"M","$","?","M","M"],"character_chosen":"THE_SILENT","items_purchased":["PiercingWail","Footwork","Noxious Fumes","Catalyst"],"campfire_rested":2,"item_purchase_floors":[3,13,19,19],"current_hp_per_floor":[59,55,55,54,54,54,15,15,15,34,34,19,19,19,38,14,53,38,38,38,25,0],"gold":48,"neow_bonus":"RANDOM_COMMON_RELIC","is_prod":false,"is_daily":false,"chose_seed":false,"campfire_upgraded":1,"win_rate":0,"timestamp":1566240737,"path_taken":["M","M","$","M","?","R","E","M","T","R","?","E","$","?","R","BOSS","M","$","?","M","M"],"build_version":"2019-07-17","purchased_purges":1,"victory":false,"max_hp_per_floor":[66,66,66,66,66,66,66,66,66,66,66,66,66,66,66,66,66,66,66,66,66,66],"card_choices":[{"not_picked":["Quick Slash","Bane"],"picked":"Deadly Poison","floor":1.0},{"not_picked":["Slice","Terror"],"picked":"Deadly Poison","floor":2.0},{"not_picked":["Noxious Fumes","Dodge and Roll"],"picked":"Catalyst","floor":4.0},{"not_picked":["Underhanded Strike","Accuracy"],"picked":"Malaise","floor":7.0},{"not_picked":["Concentrate","Eviscerate"],"picked":"Poisoned Stab","floor":8.0},{"not_picked":["Choke","Masterful Stab"],"picked":"Footwork","floor":12.0},{"not_picked":["Dagger Spray","Underhanded Strike"],"picked":"Deadly Poison","floor":15.0},{"not_picked":["Unload","Grand Finale"],"picked":"Tools of the Trade","floor":16.0},{"not_picked":["Deadly Poison","Backflip","Prepared"],"picked":"SKIP","floor":18},{"not_picked":["Blade Dance","Quick Slash+1"],"picked":"Poisoned Stab+1","floor":21}],"player_experience":780462,"relics_obtained":[{"floor":7.0,"key":"Nunchaku"},{"floor":9.0,"key":"Dodecahedron"},{"floor":12.0,"key":"Dream Catcher"}],"event_choices":[{"damage_healed":0.0,"max_hp_gain":0.0,"max_hp_loss":0.0,"gold_gain":0.0,"event_name":"Living Wall","player_choice":"Grow","floor":5.0,"gold_loss":0.0,"damage_taken":0.0,"cards_upgraded":["Catalyst"]},{"damage_healed":0.0,"max_hp_gain":0.0,"max_hp_loss":0.0,"gold_gain":0.0,"event_name":"Dead Adventurer","player_choice":"Searched \u00271\u0027 times","floor":11.0,"gold_loss":0.0,"damage_taken":0.0},{"damage_healed":0.0,"max_hp_gain":0.0,"max_hp_loss":0.0,"gold_gain":0.0,"event_name":"Liars Game","player_choice":"Ignored","floor":14.0,"gold_loss":0.0,"damage_taken":0.0},{"damage_healed":0,"gold_gain":0,"player_choice":"Read","damage_taken":0,"max_hp_gain":0,"max_hp_loss":0,"event_name":"The Library","floor":20,"gold_loss":0,"cards_obtained":["Bouncing Flask"]}],"is_beta":false,"boss_relics":[{"not_picked":["Fusion Hammer","Coffee Dripper"],"picked":"Velvet Choker"}],"items_purged_floors":[3],"is_endless":false,"potions_floor_spawned":[8,12],"killed_by":"Shelled Parasite and Fungi","ascension_level":20}