{"gold_per_floor":[115,65,77,77,2,2,33,33,33,48,67,67,82,115,115,217,217,237,57,86,6,21,21,34,34,60,75,75,75],"floor_reached":29,"playtime":1635,"items_purged":["Strike_R","Strike_R"],"score":283,"play_id":"debc10b7-2bd3-476e-8d3d-7e41c637127d","local_time":"20190619133306","is_ascension_mode":false,"campfire_choices":[{"data":"Bash","floor":6.0,"key":"SMITH"},{"data":"Feed","floor":12.0,"key":"SMITH"},{"data":"Metallicize","floor":15.0,"key":"SMITH"},{"data":"Fiend Fire","floor":23.0,"key":"SMITH"},{"floor":25.0,"key":"REST"}],"neow_cost":"NONE","seed_source_timestamp":220002908651309,"circlet_count":0,"master_deck":["Defend_R+1","Defend_R","Defend_R","Defend_R","Bash+1","Wild Strike","Feel No Pain+1","Feed+1","Iron Wave","Evolve","Sever Soul","Metallicize+1","Fiend Fire+1","Shrug It Off","Feel No Pain","Feel No Pain","Feel No Pain","True Grit+1","Bite","Bite","Bite","Bite","Bite"],"special_seed":0,"relics":["Velvet Choker"],"potions_floor_usage":[29],"damage_taken":[{"damage":3.0,"enemies":"2 Louse","floor":1.0,"turns":2.0},{"damage":1.0,"enemies":"Jaw Worm","floor":3.0,"turns":2.0},{"damage":14.0,"enemies":"3 Sentries","floor":7.0,"turns":11.0},{"damage":0.0,"enemies":"Small Slimes","floor":10.0,"turns":2.0},{"damage":1.0,"enemies":"2 Fungi Beasts","floor":11.0,"turns":3.0},{"damage":3.0,"enemies":"Exordium Wildlife","floor":13.0,"turns":4.0},{"damage":31.0,"enemies":"Lagavulin","floor":14.0,"turns":8.0},{"damage":9.0,"enemies":"Slime Boss","floor":16.0,"turns":8.0},{"damage":12.0,"enemies":"Spheric Guardian","floor":18.0,"turns":5.0},{"damage":59.0,"enemies":"Masked Bandits","floor":20.0,"turns":8.0},{"damage":15.0,"enemies":"2 Thieves","floor":22.0,"turns":5.0},{"damage":23.0,"enemies":"Snake Plant","floor":24.0,"turns":6.0},{"damage":9,"enemies":"Snecko","floor":27,"turns":6},{"damage":33,"enemies":"Book of Stabbing","floor":29,"turns":5}],"seed_played":"-6599324431264449231","potions_obtained":[{"floor":7.0,"key":"SkillPotion"},{"floor":10.0,"key":"EssenceOfSteel"},{"floor":13.0,"key":"Block Potion"},{"floor":16.0,"key":"Dexterity Potion"},{"floor":20.0,"key":"LiquidBronze"}],"is_trial":false,"path_per_floor":["M","?","M","?","$","R","E","?","T","M","M","R","M","E","R","B",null,"M","$","?","$","M","R","M","R","T","M","?","E"],"character_chosen":"IRONCLAD","items_purchased":["Feel No Pain","Feel No Pain"],"campfire_rested":1,"item_purchase_floors":[19,21],"current_hp_per_floor":[77,77,76,76,76,76,62,46,46,49,51,51,52,25,25,20,98,90,90,35,35,24,24,1,34,34,29,29,0],"gold":75,"neow_bonus":"BOSS_RELIC","is_prod":false,"is_daily":false,"chose_seed":false,"campfire_upgraded":4,"win_rate":0,"timestamp":1560943986,"path_taken":["M","?","M","?","?","R","E","?","T","M","M","R","?","E","R","BOSS","M","$","?","$","M","R","M","R","T","M","?","E"],"build_version":"2019-01-23","purchased_purges":2,"victory":false,"max_hp_per_floor":[80,80,80,80,80,80,80,80,80,83,86,86,90,94,94,98,98,102,102,106,106,110,110,110,110,110,114,79,79],"card_choices":[{"not_picked":["Flex","Clash"],"picked":"Wild Strike","floor":1.0},{"not_picked":["Warcry","True Grit"],"picked":"Feel No Pain","floor":3.0},{"not_picked":["Clothesline","True Grit"],"picked":"Feed","floor":7.0},{"not_picked":["Warcry","Clothesline"],"picked":"Iron Wave","floor":10.0},{"not_picked":["Heavy Blade","Shockwave"],"picked":"Evolve","floor":11.0},{"not_picked":["Dual Wield","Pommel Strike"],"picked":"Sever Soul","floor":13.0},{"not_picked":["Seeing Red","Bloodletting"],"picked":"Metallicize","floor":14.0},{"not_picked":["Reaper","Offering"],"picked":"Fiend Fire","floor":16.0},{"not_picked":["Havoc+1","Perfected Strike"],"picked":"Shrug It Off","floor":18.0},{"not_picked":["Spot Weakness+1","Searing Blow+1"],"picked":"Feel No Pain","floor":20.0},{"not_picked":["Sever Soul+1","Anger"],"picked":"True Grit+1","floor":22.0},{"not_picked":["Shrug It Off","Rampage","Combust"],"picked":"SKIP","floor":24.0},{"not_picked":["Flex","Headbutt","Thunderclap"],"picked":"SKIP","floor":27}],"player_experience":1360698,"relics_obtained":[],"event_choices":[{"cards_removed":["Strike_R"],"damage_healed":0.0,"max_hp_gain":0.0,"max_hp_loss":0.0,"gold_gain":0.0,"event_name":"The Cleric","player_choice":"Card Removal","floor":2.0,"gold_loss":50.0,"damage_taken":0.0},{"damage_healed":0.0,"max_hp_gain":0.0,"max_hp_loss":0.0,"gold_gain":0.0,"event_name":"Liars Game","player_choice":"Ignored","floor":4.0,"gold_loss":0.0,"damage_taken":0.0},{"damage_healed":0.0,"max_hp_gain":0.0,"max_hp_loss":0.0,"gold_gain":0.0,"event_name":"Shining Light","player_choice":"Entered Light","floor":8.0,"gold_loss":0.0,"damage_taken":16.0,"cards_upgraded":["Defend_R","Feel No Pain"]},{"damage_healed":0.0,"max_hp_gain":0.0,"max_hp_loss":0.0,"gold_gain":0.0,"event_name":"Masked Bandits","player_choice":"Fought Bandits","floor":20.0,"gold_loss":0.0,"damage_taken":0.0},{"damage_healed":0,"gold_gain":0,"player_choice":"Became a vampire","damage_taken":0,"max_hp_gain":0,"max_hp_loss":35,"event_name":"Vampires","floor":28,"gold_loss":0,"cards_obtained":["Bite","Bite","Bite","Bite","Bite"]}],"is_beta":false,"boss_relics":[{"not_picked":["Runic Dome","Black Star","White Beast Statue"]}],"items_purged_floors":[5,19],"is_endless":false,"potions_floor_spawned":[7,10,13,16,20],"killed_by":"Book of Stabbing","ascension_level":0}