{"gold_per_floor":[119,192,192,192,211,211,246,246,293,17,30,30,64,75,75,174,174,186,211,211,224,224,224,234,234,234,26,26,53,69,81,81,81],"floor_reached":33,"playtime":4214,"items_purged":[],"score":300,"play_id":"c74a9ab1-6de2-457e-9fce-d57891ecaae6","local_time":"20180801113622","is_ascension_mode":false,"campfire_choices":[{"data":"Armaments","floor":6,"key":"SMITH"},{"floor":15,"key":"REST"},{"data":"Armaments","floor":23,"key":"SMITH"},{"floor":25,"key":"REST"},{"floor":32,"key":"REST"}],"neow_cost":"NONE","seed_source_timestamp":257319159923057,"circlet_count":0,"master_deck":["Strike_R+1","Strike_R","Strike_R","Strike_R","Strike_R","Defend_R","Defend_R","Defend_R+1","Bash","Demon Form","Perfected Strike","Armaments+1","Shrug It Off","Pommel Strike","Armaments+1","Heavy Blade","Seeing Red","Armaments","Shrug It Off","Bludgeon","Wild Strike","Warcry","Dual Wield","Entrench+1","True Grit","Ghostly+1","Ghostly+1","Ghostly+1","Ghostly+1","Ghostly+1","Immolate","Flame Barrier+1","Pummel+1","Heavy Blade"],"relics":["Burning Blood","Pear","Juzu Bracelet","Mercury Hourglass","Dream Catcher","Toy Ornithopter","Boot","Mark of Pain","Red Mask","The Courier","Kunai","Toxic Egg 2","Vajra"],"potions_floor_usage":[5,7,7,7,7,16,19,19,20,33,33],"damage_taken":[{"damage":4,"enemies":"Cultist","floor":1,"turns":5},{"damage":0,"enemies":"2 Louse","floor":5,"turns":2},{"damage":35,"enemies":"Lagavulin","floor":7,"turns":6},{"damage":6,"enemies":"Jaw Worm","floor":11,"turns":3},{"damage":16,"enemies":"3 Sentries","floor":13,"turns":5},{"damage":0,"enemies":"Exordium Wildlife","floor":14,"turns":4},{"damage":23,"enemies":"Slime Boss","floor":16,"turns":8},{"damage":22,"enemies":"3 Byrds","floor":18,"turns":5},{"damage":9,"floor":19,"turns":4},{"damage":0,"enemies":"2 Thieves","floor":20,"turns":1},{"damage":17,"enemies":"Snake Plant","floor":21,"turns":4},{"damage":15,"enemies":"Centurion and Healer","floor":24,"turns":7},{"damage":12,"enemies":"Slavers","floor":29,"turns":7},{"damage":35,"enemies":"Cultist and Chosen","floor":30,"turns":8},{"damage":0,"enemies":"Snake Plant","floor":31,"turns":4},{"damage":42,"enemies":"Collector","floor":33,"turns":9}],"seed_played":"7189994488833219786","potions_obtained":[{"floor":4,"key":"Energy Potion"},{"floor":4,"key":"FearPotion"},{"floor":4,"key":"EntropicBrew"},{"floor":11,"key":"SmokeBomb"},{"floor":13,"key":"Block Potion"},{"floor":16,"key":"Fire Potion"},{"floor":18,"key":"SkillPotion"},{"floor":30,"key":"Ancient Potion"},{"floor":31,"key":"Swift Potion"}],"is_trial":false,"path_per_floor":["M","T","?","?","M","R","E","?","T","$","M","?","E","M","R","B",null,"M","?","M","M","T","R","M","R","T","$","?","E","M","M","R"],"character_chosen":"IRONCLAD","items_purchased":["Toy Ornithopter","Pommel Strike","Armaments","Toxic Egg 2"],"campfire_rested":3,"item_purchase_floors":[10,10,10,27],"current_hp_per_floor":[80,90,83,83,89,89,71,71,71,71,71,53,43,49,76,62,90,74,77,86,75,75,75,66,90,90,90,45,39,10,16,29,0],"gold":81,"neow_bonus":"ONE_RANDOM_RARE_CARD","is_prod":false,"is_daily":false,"chose_seed":false,"campfire_upgraded":2,"win_rate":0.0,"timestamp":1533116182,"path_taken":["M","?","?","?","M","R","E","?","T","?","M","?","E","M","R","BOSS","M","?","M","M","?","R","M","R","T","$","?","E","M","M","R","BOSS"],"build_version":"2018-07-26","purchased_purges":0,"victory":false,"max_hp_per_floor":[80,90,90,90,90,90,90,90,90,90,90,90,90,90,90,90,90,90,90,90,90,90,90,90,90,90,90,45,45,45,45,45,45],"card_choices":[{"not_picked":["Rupture","Sword Boomerang"],"picked":"Perfected Strike","floor":1},{"not_picked":["Thunderclap","True Grit"],"picked":"Armaments","floor":5},{"not_picked":["Metallicize","Battle Trance"],"picked":"Shrug It Off","floor":7},{"not_picked":["Clash","Second Wind"],"picked":"Heavy Blade","floor":11},{"not_picked":["Heavy Blade","Flex"],"picked":"Seeing Red","floor":13},{"not_picked":["Shrug It Off","Body Slam"],"picked":"Armaments","floor":14},{"not_picked":["Pommel Strike","Uppercut"],"picked":"Shrug It Off","floor":15},{"not_picked":["Brutality","Juggernaut"],"picked":"Bludgeon","floor":16},{"not_picked":["Body Slam","Intimidate"],"picked":"Wild Strike","floor":18},{"not_picked":["Body Slam","Corruption"],"picked":"Warcry","floor":19},{"not_picked":["Battle Trance","Sword Boomerang"],"picked":"Dual Wield","floor":21},{"not_picked":["Armaments","Anger"],"picked":"Entrench+1","floor":24},{"not_picked":["Body Slam+1","Inflame"],"picked":"True Grit","floor":25},{"not_picked":["Clash","Uppercut"],"picked":"Immolate","floor":29},{"not_picked":["Second Wind+1","Anger"],"picked":"Flame Barrier+1","floor":30},{"not_picked":["Pommel Strike","Sword Boomerang"],"picked":"Pummel+1","floor":31},{"not_picked":["Corruption","Headbutt"],"picked":"Heavy Blade","floor":32}],"player_experience":103187,"relics_obtained":[{"floor":2,"key":"Pear"},{"floor":7,"key":"Mercury Hourglass"},{"floor":9,"key":"Dream Catcher"},{"floor":13,"key":"Boot"},{"floor":19,"key":"Red Mask"},{"floor":22,"key":"The Courier"},{"floor":26,"key":"Kunai"},{"floor":29,"key":"Vajra"}],"event_choices":[{"event_name":"Scrap Ooze","player_choice":"success","floor":3,"damage_taken":7},{"event_name":"The Lab","player_choice":"Got Potions","floor":4,"damage_taken":0},{"event_name":"Purifier","player_choice":"One Purge","floor":8,"damage_taken":0},{"event_name":"Shining Light","player_choice":"Entered Light","floor":12,"damage_taken":0},{"event_name":"Masked Bandits","player_choice":"Fought over 186 gold","floor":19,"damage_taken":0},{"event_name":"Ghosts","player_choice":"Became a Ghost","floor":28,"damage_taken":0}],"is_beta":false,"boss_relics":[{"not_picked":["Ectoplasm","Tiny House"],"picked":"Mark of Pain"}],"items_purged_floors":[],"is_endless":false,"potions_floor_spawned":[11,13,16,18,30,31],"killed_by":"Collector","ascension_level":0}