{"gold_per_floor":[13,27,38,3,21,21,32,59,59,59,88,88,99,116,116,190,190,190,115,115,30,30,30,30,30,30,30,30,30,30,0,0,0],"floor_reached":33,"playtime":1247,"items_purged":[],"score":646,"play_id":"dbee02ef-8ddb-4e1f-983e-c34297a6e8ec","local_time":"20190805135642","is_ascension_mode":true,"campfire_choices":[{"data":"A Thousand Cuts","floor":6.0,"key":"SMITH"},{"data":"Terror","floor":10.0,"key":"SMITH"},{"data":"Dash","floor":12.0,"key":"SMITH"},{"data":"Predator","floor":15.0,"key":"SMITH"},{"data":"Adrenaline","floor":23.0,"key":"SMITH"},{"data":"Caltrops","floor":25.0,"key":"SMITH"},{"data":"Die Die Die","floor":27.0,"key":"SMITH"},{"data":"Leg Sweep","floor":30.0,"key":"SMITH"},{"floor":32.0,"key":"REST"}],"neow_cost":"NO_GOLD","seed_source_timestamp":1054914209750821,"circlet_count":0,"master_deck":["AscendersBane","Strike_G","Strike_G","Strike_G","Strike_G","Defend_G","Defend_G","Defend_G","Defend_G","Defend_G","Survivor","Neutralize","A Thousand Cuts+1","Deflect","Deflect","Dodge and Roll","Dash+1","Die Die Die+1","Terror+1","Predator+1","Slice","Adrenaline+1","Riddle With Holes","Caltrops+1","Writhe","Leg Sweep+1","Dagger Spray"],"special_seed":0,"relics":["Ring of the Snake","StoneCalendar","Gremlin Horn","Lantern","Ectoplasm","Torii","Pen Nib","MawBank","Dodecahedron"],"potions_floor_usage":[],"damage_taken":[{"damage":4.0,"enemies":"Cultist","floor":1.0,"turns":5.0},{"damage":0.0,"enemies":"Jaw Worm","floor":2.0,"turns":5.0},{"damage":0.0,"enemies":"Small Slimes","floor":3.0,"turns":5.0},{"damage":2.0,"enemies":"Blue Slaver","floor":5.0,"turns":5.0},{"damage":1.0,"enemies":"2 Fungi Beasts","floor":7.0,"turns":3.0},{"damage":13.0,"enemies":"3 Sentries","floor":8.0,"turns":5.0},{"damage":7.0,"enemies":"Lagavulin","floor":11.0,"turns":6.0},{"damage":0.0,"enemies":"Looter","floor":13.0,"turns":3.0},{"damage":0.0,"enemies":"Blue Slaver","floor":14.0,"turns":2.0},{"damage":0.0,"enemies":"Slime Boss","floor":16.0,"turns":7.0},{"damage":19.0,"enemies":"Spheric Guardian","floor":18.0,"turns":4.0},{"damage":21.0,"enemies":"Book of Stabbing","floor":29.0,"turns":4.0},{"damage":10.0,"enemies":"2 Thieves","floor":31.0,"turns":4.0},{"damage":34,"enemies":"Collector","floor":33,"turns":5}],"seed_played":"-6949979083060573226","potions_obtained":[{"floor":1.0,"key":"AttackPotion"},{"floor":5.0,"key":"GhostInAJar"},{"floor":29.0,"key":"SkillPotion"}],"is_trial":false,"path_per_floor":["M","M","M","?","M","R","M","E","T","R","E","R","M","M","R","B",null,"M","?","?","?","?","R","$","R","T","R","$","E","R","M","R","B"],"character_chosen":"THE_SILENT","items_purchased":[],"campfire_rested":1,"item_purchase_floors":[],"current_hp_per_floor":[55,55,55,66,64,64,63,50,50,50,43,43,43,43,43,43,60,41,41,41,41,41,41,41,41,41,41,41,20,20,10,29,0],"gold":0,"neow_bonus":"THREE_RARE_CARDS","is_prod":false,"is_daily":false,"chose_seed":false,"campfire_upgraded":8,"win_rate":0,"timestamp":1565038602,"path_taken":["M","?","?","?","M","R","M","E","T","R","E","R","M","M","R","BOSS","M","?","?","?","?","R","$","R","T","R","?","E","R","M","R","BOSS"],"build_version":"2019-07-17","purchased_purges":0,"victory":false,"max_hp_per_floor":[66,66,66,66,66,66,66,66,66,66,66,66,66,66,66,66,66,66,66,66,66,66,66,66,66,66,66,66,66,66,66,66,66],"card_choices":[{"not_picked":["Malaise","Unload"],"picked":"A Thousand Cuts","floor":0.0},{"not_picked":["Flechettes","Setup"],"picked":"Deflect","floor":1.0},{"not_picked":["Calculated Gamble","Finisher"],"picked":"Deflect","floor":2.0},{"not_picked":["Backflip","Bane"],"picked":"Dodge and Roll","floor":3.0},{"not_picked":["Dagger Throw","Cloak And Dagger"],"picked":"Dash","floor":5.0},{"not_picked":["Flying Knee","Poisoned Stab"],"picked":"Die Die Die","floor":7.0},{"not_picked":["Deadly Poison","All Out Attack"],"picked":"Terror","floor":8.0},{"not_picked":["Backflip","Burst"],"picked":"Predator","floor":11.0},{"not_picked":["Calculated Gamble","All Out Attack"],"picked":"Slice","floor":13.0},{"not_picked":["Poisoned Stab","Deadly Poison","Bane"],"picked":"SKIP","floor":14.0},{"not_picked":["Burst","Tools of the Trade"],"picked":"Adrenaline","floor":16.0},{"not_picked":["Noxious Fumes+1","Catalyst"],"picked":"Riddle With Holes","floor":18.0},{"not_picked":["Dash","Concentrate"],"picked":"Leg Sweep","floor":29.0},{"not_picked":["Bane","Dagger Throw"],"picked":"Dagger Spray","floor":31.0}],"player_experience":650530,"relics_obtained":[{"floor":8.0,"key":"StoneCalendar"},{"floor":9.0,"key":"Gremlin Horn"},{"floor":11.0,"key":"Lantern"},{"floor":26.0,"key":"MawBank"},{"floor":29.0,"key":"Dodecahedron"}],"event_choices":[{"damage_healed":16.0,"max_hp_gain":0.0,"max_hp_loss":0.0,"gold_gain":0.0,"event_name":"The Cleric","player_choice":"Healed","floor":4.0,"gold_loss":35.0,"damage_taken":0.0},{"cards_removed":["Strike_G"],"damage_healed":0.0,"max_hp_gain":0.0,"max_hp_loss":0.0,"gold_gain":0.0,"event_name":"Beggar","player_choice":"Gave Gold","floor":19.0,"gold_loss":75.0,"damage_taken":0.0},{"damage_healed":0.0,"max_hp_gain":0.0,"max_hp_loss":0.0,"gold_gain":0.0,"event_name":"The Library","player_choice":"Read","floor":20.0,"gold_loss":0.0,"damage_taken":0.0,"cards_obtained":["Caltrops"]},{"damage_healed":0.0,"max_hp_gain":0.0,"max_hp_loss":0.0,"gold_gain":0.0,"event_name":"Addict","player_choice":"Obtained Relic","floor":21.0,"gold_loss":85.0,"damage_taken":0.0,"relics_obtained":["Torii"]},{"damage_healed":0.0,"max_hp_gain":0.0,"max_hp_loss":0.0,"gold_gain":0.0,"event_name":"The Mausoleum","player_choice":"Opened","floor":22.0,"gold_loss":0.0,"damage_taken":0.0,"relics_obtained":["Pen Nib"],"cards_obtained":["Writhe"]}],"is_beta":false,"boss_relics":[{"not_picked":["WristBlade","Orrery"],"picked":"Ectoplasm"}],"items_purged_floors":[],"is_endless":false,"potions_floor_spawned":[1,5,8,29],"killed_by":"Collector","ascension_level":20}