{"gold_per_floor":[115,13,23,43,55,85,85,115,141,141,141,141,153,179,179,252,252,266,286,0,0,0],"floor_reached":22,"playtime":1184,"items_purged":[],"score":458,"play_id":"6a817456-df49-4cf6-8ff0-d8e8625c7e51","local_time":"20190805115004","is_ascension_mode":true,"campfire_choices":[{"data":"Outmaneuver","floor":7.0,"key":"SMITH"},{"floor":10.0,"key":"REST"},{"floor":12.0,"key":"REST"},{"floor":15.0,"key":"REST"}],"neow_cost":"NONE","seed_source_timestamp":1047657046015217,"circlet_count":0,"master_deck":["AscendersBane","Strike_G","Strike_G","Strike_G","Strike_G","Defend_G","Defend_G","Defend_G","Defend_G","Defend_G","Survivor","Neutralize","Cloak And Dagger","Infinite Blades","Quick Slash","Sucker Punch","Masterful Stab","Outmaneuver+1","Blur","Noxious Fumes","Dagger Spray","Deadly Poison","Bane","Die Die Die","Bouncing Flask","Burst","Deflect","Deadly Poison"],"special_seed":0,"relics":["Ring of the Snake","NeowsBlessing","FossilizedHelix","Happy Flower","Dream Catcher","Lantern","WristBlade"],"potions_floor_usage":[],"damage_taken":[{"damage":0.0,"enemies":"2 Louse","floor":1.0,"turns":1.0},{"damage":0.0,"enemies":"Cultist","floor":3.0,"turns":1.0},{"damage":0.0,"enemies":"Jaw Worm","floor":4.0,"turns":1.0},{"damage":2.0,"enemies":"Looter","floor":5.0,"turns":4.0},{"damage":29.0,"enemies":"Lagavulin","floor":6.0,"turns":9.0},{"damage":26.0,"enemies":"3 Sentries","floor":8.0,"turns":12.0},{"damage":17.0,"enemies":"Exordium Thugs","floor":13.0,"turns":5.0},{"damage":0.0,"enemies":"Gremlin Nob","floor":14.0,"turns":3.0},{"damage":40.0,"enemies":"Hexaghost","floor":16.0,"turns":10.0},{"damage":11.0,"enemies":"Shell Parasite","floor":18.0,"turns":5.0},{"damage":16.0,"enemies":"2 Thieves","floor":19.0,"turns":3.0},{"damage":25,"enemies":"Snecko","floor":22,"turns":5}],"seed_played":"-8194821471345328503","potions_obtained":[{"floor":3.0,"key":"EssenceOfSteel"},{"floor":6.0,"key":"SpeedPotion"},{"floor":14.0,"key":"Swift Potion"}],"is_trial":false,"path_per_floor":["M","$","M","M","M","E","R","E","T","R","?","R","M","E","R","B",null,"M","M","?","$","M"],"character_chosen":"THE_SILENT","items_purchased":["Infinite Blades","Quick Slash"],"campfire_rested":3,"item_purchase_floors":[2,2],"current_hp_per_floor":[59,59,59,59,57,28,28,2,2,21,21,40,23,23,42,2,50,39,23,23,23,0],"gold":0,"neow_bonus":"THREE_ENEMY_KILL","is_prod":false,"is_daily":false,"chose_seed":false,"campfire_upgraded":1,"win_rate":0,"timestamp":1565031004,"path_taken":["M","$","M","M","M","E","R","E","T","R","?","R","M","E","R","BOSS","M","M","?","$","M"],"build_version":"2019-07-17","purchased_purges":0,"victory":false,"max_hp_per_floor":[66,66,66,66,66,66,66,66,66,66,66,66,66,66,66,66,66,66,66,66,66,66],"card_choices":[{"not_picked":["Outmaneuver","Backflip"],"picked":"Cloak And Dagger","floor":1.0},{"not_picked":["Dagger Throw","Acrobatics"],"picked":"Sucker Punch","floor":3.0},{"not_picked":["Bouncing Flask","Crippling Poison"],"picked":"Masterful Stab","floor":4.0},{"not_picked":["Flying Knee","Cloak And Dagger"],"picked":"Outmaneuver","floor":5.0},{"not_picked":["Prepared","Calculated Gamble"],"picked":"Blur","floor":6.0},{"not_picked":["Eviscerate","Deflect"],"picked":"Noxious Fumes","floor":8.0},{"not_picked":["Unload","Riddle With Holes"],"picked":"Dagger Spray","floor":10.0},{"not_picked":["Calculated Gamble","Quick Slash"],"picked":"Deadly Poison","floor":12.0},{"not_picked":["Calculated Gamble","Quick Slash"],"picked":"Bane","floor":13.0},{"not_picked":["Underhanded Strike","Choke"],"picked":"Die Die Die","floor":14.0},{"not_picked":["Sucker Punch","Dodge and Roll"],"picked":"Bouncing Flask","floor":15.0},{"not_picked":["Glass Knife","A Thousand Cuts"],"picked":"Burst","floor":16.0},{"not_picked":["Riddle With Holes","Prepared"],"picked":"Deflect","floor":18.0},{"not_picked":["Underhanded Strike","Poisoned Stab"],"picked":"Deadly Poison","floor":19.0}],"player_experience":645417,"relics_obtained":[{"floor":6.0,"key":"FossilizedHelix"},{"floor":8.0,"key":"Happy Flower"},{"floor":9.0,"key":"Dream Catcher"},{"floor":14.0,"key":"Lantern"}],"event_choices":[{"cards_removed":["Strike_G"],"damage_healed":0.0,"max_hp_gain":0.0,"max_hp_loss":0.0,"gold_gain":0.0,"event_name":"Purifier","player_choice":"Purged","floor":11.0,"gold_loss":0.0,"damage_taken":0.0},{"damage_healed":0,"gold_gain":0,"player_choice":"Paid Fearfully","damage_taken":0,"max_hp_gain":0,"max_hp_loss":0,"event_name":"Masked Bandits","floor":20,"gold_loss":286}],"is_beta":false,"boss_relics":[{"not_picked":["Busted Crown","Astrolabe"],"picked":"WristBlade"}],"items_purged_floors":[],"is_endless":false,"potions_floor_spawned":[3,6,14,16,19],"killed_by":"Snecko","ascension_level":20}