{"gold_per_floor":[119,130,14,14,27,27,82,82,108,108,127,139,171,171,171,171],"floor_reached":16,"playtime":826,"items_purged":[],"score":220,"play_id":"99475c6f-0c30-445a-bc04-f3ea4b7aaff2","local_time":"20190805123121","is_ascension_mode":true,"campfire_choices":[{"data":"Tools of the Trade","floor":6.0,"key":"SMITH"},{"floor":10.0,"key":"REST"},{"floor":15,"key":"REST"}],"neow_cost":"TEN_PERCENT_HP_LOSS","seed_source_timestamp":1051376827583016,"circlet_count":0,"master_deck":["AscendersBane","Strike_G","Strike_G","Strike_G","Strike_G","Strike_G","Defend_G","Defend_G","Defend_G","Defend_G","Defend_G","Survivor","Neutralize","Tools of the Trade+1","Leg Sweep","Outmaneuver","Blur","Crippling Poison","Deflect","Well Laid Plans","Skewer","Quick Slash","Flechettes"],"special_seed":0,"relics":["Ring of the Snake","Tiny Chest","Omamori","Question Card"],"potions_floor_usage":[13,13],"damage_taken":[{"damage":0.0,"enemies":"Jaw Worm","floor":1.0,"turns":6.0},{"damage":10.0,"enemies":"Cultist","floor":2.0,"turns":7.0},{"damage":1.0,"enemies":"2 Louse","floor":5.0,"turns":4.0},{"damage":27.0,"enemies":"Lagavulin","floor":7.0,"turns":10.0},{"damage":13.0,"enemies":"Large Slime","floor":11.0,"turns":10.0},{"damage":1.0,"enemies":"Blue Slaver","floor":12.0,"turns":7.0},{"damage":24,"enemies":"Gremlin Nob","floor":13,"turns":4},{"damage":19,"enemies":"Slime Boss","floor":16,"turns":10}],"seed_played":"4988363963817215618","potions_obtained":[{"floor":1.0,"key":"Poison Potion"},{"floor":7.0,"key":"AttackPotion"},{"floor":11.0,"key":"Energy Potion"},{"floor":13,"key":"SteroidPotion"}],"is_trial":false,"path_per_floor":["M","M","$","?","M","R","E","?","T","R","M","M","E","?","R","B"],"character_chosen":"THE_SILENT","items_purchased":["Blur","Crippling Poison"],"campfire_rested":2,"item_purchase_floors":[3,3],"current_hp_per_floor":[59,49,49,49,48,48,21,21,21,39,26,25,1,1,19,0],"gold":171,"neow_bonus":"THREE_RARE_CARDS","is_prod":false,"is_daily":false,"chose_seed":false,"campfire_upgraded":1,"win_rate":0,"timestamp":1565033481,"path_taken":["M","M","$","?","M","R","E","?","T","R","?","M","E","?","R","BOSS"],"build_version":"2019-07-17","purchased_purges":0,"victory":false,"max_hp_per_floor":[60,60,60,60,60,60,60,60,60,60,60,60,60,60,60,60],"card_choices":[{"not_picked":["Phantasmal Killer","Storm of Steel"],"picked":"Tools of the Trade","floor":0.0},{"not_picked":["Backstab","Skewer"],"picked":"Leg Sweep","floor":1.0},{"not_picked":["Dagger Spray","Prepared"],"picked":"Outmaneuver","floor":2.0},{"not_picked":["Quick Slash","Escape Plan"],"picked":"Deflect","floor":5.0},{"not_picked":["Backflip","Dodge and Roll"],"picked":"Well Laid Plans","floor":7.0},{"not_picked":["Underhanded Strike","Dagger Spray"],"picked":"Skewer","floor":11.0},{"not_picked":["Cloak And Dagger","Heel Hook"],"picked":"Quick Slash","floor":12.0},{"not_picked":["Grand Finale","Underhanded Strike"],"picked":"Flechettes","floor":13}],"player_experience":647968,"relics_obtained":[{"floor":7.0,"key":"Tiny Chest"},{"floor":9.0,"key":"Omamori"},{"floor":13,"key":"Question Card"}],"event_choices":[{"damage_healed":0.0,"max_hp_gain":0.0,"max_hp_loss":0.0,"gold_gain":0.0,"event_name":"Liars Game","player_choice":"Ignored","floor":4.0,"gold_loss":0.0,"damage_taken":0.0},{"damage_healed":0.0,"max_hp_gain":0.0,"max_hp_loss":0.0,"gold_gain":0.0,"event_name":"FaceTrader","player_choice":"Leave","floor":8.0,"gold_loss":0.0,"damage_taken":0.0},{"damage_healed":0,"gold_gain":0,"player_choice":"Fled","damage_taken":0,"max_hp_gain":0,"max_hp_loss":0,"event_name":"Scrap Ooze","floor":14,"gold_loss":0}],"is_beta":false,"boss_relics":[],"items_purged_floors":[],"is_endless":false,"potions_floor_spawned":[1,7,11,13],"killed_by":"Slime Boss","ascension_level":20}