{"gold_per_floor":[116,127,52,23,38,38,69,81,119,47,47,47,59,59,59,136,136,136,56,56,56,56,56,56,56,56,56,56,56,56,56,56,56],"floor_reached":33,"playtime":1781,"items_purged":[],"score":534,"play_id":"56e06854-be9c-41ae-a66e-d3710dcd3400","local_time":"20190814164415","is_ascension_mode":true,"campfire_choices":[{"data":"Terror","floor":6.0,"key":"SMITH"},{"data":"Skewer","floor":8.0,"key":"SMITH"},{"data":"A Thousand Cuts","floor":11.0,"key":"SMITH"},{"floor":15.0,"key":"REST"},{"floor":23.0,"key":"REST"},{"floor":25.0,"key":"REST"},{"floor":27.0,"key":"REST"},{"floor":32,"key":"REST"}],"neow_cost":"NONE","seed_source_timestamp":1843022556576756,"circlet_count":0,"master_deck":["AscendersBane","Strike_G","Strike_G","Strike_G","Strike_G","Defend_G","Defend_G","Defend_G","Defend_G+1","Defend_G","Survivor+1","Neutralize","Dramatic Entrance","Terror+1","Blur","Sucker Punch","Skewer+1","All Out Attack","A Thousand Cuts+1","Slice","After Image","Flying Knee+1","Acrobatics+1","Dodge and Roll","Writhe","Prepared","Footwork","Cloak And Dagger","Deflect","Well Laid Plans"],"special_seed":0,"relics":["Ring of the Snake","MawBank","Ancient Tea Set","Strawberry","Happy Flower","Ectoplasm","War Paint","Bag of Marbles","Dodecahedron"],"potions_floor_usage":[31,31,31,31],"damage_taken":[{"damage":0.0,"enemies":"Small Slimes","floor":1.0,"turns":4.0},{"damage":7.0,"enemies":"Jaw Worm","floor":2.0,"turns":5.0},{"damage":0.0,"enemies":"2 Louse","floor":5.0,"turns":2.0},{"damage":17.0,"enemies":"Gremlin Nob","floor":7.0,"turns":4.0},{"damage":4.0,"enemies":"Large Slime","floor":13.0,"turns":6.0},{"damage":19.0,"enemies":"Hexaghost","floor":16.0,"turns":8.0},{"damage":17.0,"enemies":"Chosen","floor":18.0,"turns":4.0},{"damage":14.0,"enemies":"2 Thieves","floor":19.0,"turns":4.0},{"damage":29.0,"enemies":"3 Cultists","floor":20.0,"turns":5.0},{"damage":9.0,"enemies":"Centurion and Healer","floor":22.0,"turns":6.0},{"damage":22.0,"enemies":"Sentry and Sphere","floor":24.0,"turns":7.0},{"damage":2.0,"enemies":"Snake Plant","floor":29.0,"turns":5.0},{"damage":6,"enemies":"3 Cultists","floor":30,"turns":4},{"damage":28,"enemies":"Book of Stabbing","floor":31,"turns":5},{"damage":50,"enemies":"Automaton","floor":33,"turns":6}],"seed_played":"-2409324147078409615","potions_obtained":[{"floor":2.0,"key":"Block Potion"},{"floor":7.0,"key":"Weak Potion"},{"floor":18.0,"key":"EntropicBrew"},{"floor":19.0,"key":"FairyPotion"},{"floor":24.0,"key":"Explosive Potion"}],"is_trial":false,"path_per_floor":["M","M","?","$","M","R","E","R","T","$","R","T","M","?","R","B",null,"M","M","M","?","M","R","M","R","T","R","$","M","M","E","R","B"],"character_chosen":"THE_SILENT","items_purchased":["Sucker Punch","A Thousand Cuts"],"campfire_rested":5,"item_purchase_floors":[4,10],"current_hp_per_floor":[59,52,52,52,52,52,35,35,35,35,35,42,38,33,54,35,64,47,33,4,4,7,28,6,27,27,48,48,46,40,12,33,0],"gold":56,"neow_bonus":"RANDOM_COLORLESS","is_prod":false,"is_daily":false,"chose_seed":false,"campfire_upgraded":3,"win_rate":0,"timestamp":1565826255,"path_taken":["M","M","?","$","M","R","E","R","T","?","R","?","M","?","R","BOSS","M","M","M","?","M","R","M","R","T","R","$","M","M","E","R","BOSS"],"build_version":"2019-07-17","purchased_purges":0,"victory":false,"max_hp_per_floor":[66,66,66,66,66,66,66,66,66,66,66,73,73,73,73,73,73,73,73,73,73,73,73,73,73,73,73,73,73,73,73,73,73],"card_choices":[{"not_picked":["Cloak And Dagger","All Out Attack"],"picked":"Terror","floor":1.0},{"not_picked":["Acrobatics","Underhanded Strike"],"picked":"Blur","floor":2.0},{"not_picked":["Sucker Punch","Cloak And Dagger"],"picked":"Skewer","floor":5.0},{"not_picked":["Predator","Distraction"],"picked":"All Out Attack","floor":7.0},{"not_picked":["Setup","Masterful Stab"],"picked":"Slice","floor":13.0},{"not_picked":["Phantasmal Killer","Die Die Die"],"picked":"After Image","floor":16.0},{"not_picked":["Terror","Acrobatics+1"],"picked":"Flying Knee+1","floor":18.0},{"not_picked":["Backflip+1","Catalyst"],"picked":"Acrobatics+1","floor":19.0},{"not_picked":["Deadly Poison","Backstab"],"picked":"Dodge and Roll","floor":20.0},{"not_picked":["Catalyst","Eviscerate"],"picked":"Prepared","floor":22.0},{"not_picked":["Backstab","Prepared"],"picked":"Footwork","floor":24.0},{"not_picked":["Poisoned Stab","Envenom"],"picked":"Cloak And Dagger","floor":29.0},{"not_picked":["Prepared","Calculated Gamble"],"picked":"Deflect","floor":30},{"not_picked":["Bane","Flechettes"],"picked":"Well Laid Plans","floor":31}],"player_experience":733668,"relics_obtained":[{"floor":7.0,"key":"MawBank"},{"floor":9.0,"key":"Ancient Tea Set"},{"floor":12.0,"key":"Strawberry"},{"floor":26.0,"key":"Bag of Marbles"},{"floor":31,"key":"Dodecahedron"}],"event_choices":[{"cards_removed":["Strike_G"],"damage_healed":0.0,"max_hp_gain":0.0,"max_hp_loss":0.0,"gold_gain":0.0,"event_name":"The Cleric","player_choice":"Card Removal","floor":3.0,"gold_loss":75.0,"damage_taken":0.0},{"damage_healed":0.0,"max_hp_gain":0.0,"max_hp_loss":0.0,"gold_gain":0.0,"event_name":"Scrap Ooze","player_choice":"Success","floor":14.0,"gold_loss":0.0,"damage_taken":5.0,"relics_obtained":["Happy Flower"]},{"damage_healed":0.0,"max_hp_gain":0.0,"max_hp_loss":0.0,"gold_gain":0.0,"event_name":"The Mausoleum","player_choice":"Opened","floor":21.0,"gold_loss":0.0,"damage_taken":0.0,"relics_obtained":["War Paint"],"cards_obtained":["Writhe"]}],"is_beta":false,"boss_relics":[{"not_picked":["Empty Cage","White Beast Statue"],"picked":"Ectoplasm"}],"items_purged_floors":[],"is_endless":false,"potions_floor_spawned":[2,7,18,19,24],"killed_by":"Automaton","ascension_level":20}