{"gold_per_floor":[115,65,65,79,79,122,134,146,205,234,87,106,106,117,117,212,212,222,26,39,39,49,49,67,67,67,67,82,82,96,110,110,110],"floor_reached":33,"playtime":3961,"items_purged":["Strike_B"],"score":249,"play_id":"c979ba2a-54cd-4b10-bc6b-96cc80ef81a6","local_time":"20190820223503","is_ascension_mode":false,"campfire_choices":[{"data":"Sunder","floor":7,"key":"SMITH"},{"data":"Conserve Battery","floor":13,"key":"SMITH"},{"data":"Dualcast","floor":15,"key":"SMITH"},{"data":"Fission","floor":23,"key":"SMITH"},{"floor":29,"key":"REST"},{"floor":32,"key":"REST"}],"neow_cost":"NONE","seed_source_timestamp":48549430072800,"circlet_count":0,"master_deck":["Strike_B","Defend_B","Defend_B","Defend_B","Defend_B","Zap+1","Dualcast+1","Cold Snap+1","FTL+1","Sunder+1","Dramatic Entrance","Conserve Battery+1","Seek","Fission+1","Redo+1","Coolheaded","Auto Shields","Dramatic Entrance","Gash","J.A.X.","White Noise+1"],"relics":["Cracked Core","MawBank","Whetstone","Happy Flower","Black Star","Anchor","Bag of Marbles"],"potions_floor_usage":[16,16,28,28],"damage_taken":[{"damage":0,"enemies":"Small Slimes","floor":1,"turns":2},{"damage":0,"enemies":"Jaw Worm","floor":4,"turns":4},{"damage":20,"enemies":"Gremlin Nob","floor":6,"turns":4},{"damage":0,"enemies":"2 Louse","floor":10,"turns":2},{"damage":0,"enemies":"Large Slime","floor":12,"turns":2},{"damage":0,"enemies":"Lots of Slimes","floor":14,"turns":2},{"damage":11,"enemies":"Slime Boss","floor":16,"turns":6},{"damage":10,"enemies":"Spheric Guardian","floor":18,"turns":4},{"damage":2,"enemies":"Shell Parasite","floor":20,"turns":5},{"damage":14,"enemies":"Centurion and Healer","floor":22,"turns":8},{"damage":5,"enemies":"3 Cultists","floor":24,"turns":5},{"damage":8,"enemies":"Snake Plant","floor":28,"turns":4},{"damage":16,"enemies":"Chosen and Byrds","floor":30,"turns":5},{"damage":0,"enemies":"3 Cultists","floor":31,"turns":4},{"damage":71,"enemies":"Collector","floor":33,"turns":8}],"seed_played":"1037772415092597282","potions_obtained":[{"floor":4,"key":"Strength Potion"},{"floor":6,"key":"FearPotion"},{"floor":12,"key":"EssenceOfSteel"},{"floor":24,"key":"Poison Potion"},{"floor":28,"key":"SmokeBomb"},{"floor":30,"key":"Energy Potion"},{"floor":31,"key":"Energy Potion"}],"is_trial":false,"path_per_floor":["M","?","?","M","?","E","R","?","T","M","$","M","R","M","R","B",null,"M","$","M","?","M","R","M","?","T","?","M","R","M","M","R","B"],"character_chosen":"DEFECT","items_purchased":["Dramatic Entrance","Anchor","Coolheaded"],"campfire_rested":2,"item_purchase_floors":[11,19,19],"current_hp_per_floor":[75,75,75,75,68,48,48,48,48,48,48,48,48,48,48,37,75,65,65,63,63,49,49,44,44,44,44,36,58,42,42,64,0],"gold":110,"neow_bonus":"UPGRADE_CARD","is_prod":false,"is_daily":false,"chose_seed":false,"campfire_upgraded":4,"win_rate":0,"timestamp":1566311703,"path_taken":["M","?","?","M","?","E","R","?","T","?","$","M","R","M","R","BOSS","M","$","M","?","?","R","M","?","T","?","M","R","M","M","R","BOSS"],"build_version":"2019-07-17","purchased_purges":1,"victory":false,"max_hp_per_floor":[75,75,75,75,75,75,75,75,75,75,75,75,75,75,75,75,75,75,75,75,75,75,75,75,75,75,75,75,75,75,75,75,75],"card_choices":[{"not_picked":["Go for the Eyes","Force Field"],"picked":"Cold Snap","floor":1},{"not_picked":["Stack","Beam Cell"],"picked":"FTL","floor":4},{"not_picked":["Capacitor","Consume"],"picked":"Sunder","floor":6},{"not_picked":["Go for the Eyes","Aggregate","Cold Snap"],"picked":"SKIP","floor":10},{"not_picked":["Auto Shields","Redo"],"picked":"Conserve Battery","floor":12},{"not_picked":["Turbo","Genetic Algorithm"],"picked":"Seek","floor":14},{"not_picked":["Rainbow","Hyperbeam"],"picked":"Fission","floor":16},{"not_picked":["Barrage+1","Lockon"],"picked":"Redo+1","floor":18},{"not_picked":["Stack","Steam"],"picked":"Auto Shields","floor":20},{"not_picked":["Stack","Redo","Melter"],"picked":"SKIP","floor":22},{"not_picked":["Stack","Redo","Melter"],"picked":"SKIP","floor":22},{"not_picked":["Redo","Scrape"],"picked":"Gash","floor":24},{"not_picked":["Recycle","Coolheaded+1","Redo"],"picked":"SKIP","floor":28},{"not_picked":["Recycle","Coolheaded+1","Redo"],"picked":"SKIP","floor":28},{"not_picked":["Go for the Eyes","Chaos"],"picked":"White Noise+1","floor":30},{"not_picked":["Conserve Battery","Storm","Gash"],"picked":"SKIP","floor":31}],"player_experience":216133,"relics_obtained":[{"floor":6,"key":"Whetstone"},{"floor":9,"key":"Happy Flower"},{"floor":26,"key":"Bag of Marbles"}],"event_choices":[{"cards_removed":["Strike_B"],"damage_healed":0,"gold_gain":0,"player_choice":"Card Removal","damage_taken":0,"max_hp_gain":0,"max_hp_loss":0,"event_name":"The Cleric","floor":2,"gold_loss":50},{"damage_healed":0,"gold_gain":0,"player_choice":"Ignored","damage_taken":0,"max_hp_gain":0,"max_hp_loss":0,"event_name":"Liars Game","floor":3,"gold_loss":0},{"damage_healed":0,"gold_gain":0,"player_choice":"Success","damage_taken":7,"relics_obtained":["MawBank"],"max_hp_gain":0,"max_hp_loss":0,"event_name":"Scrap Ooze","floor":5,"gold_loss":0},{"cards_removed":["Strike_B"],"damage_healed":0,"gold_gain":0,"player_choice":"Purged","damage_taken":0,"max_hp_gain":0,"max_hp_loss":0,"event_name":"Purifier","floor":8,"gold_loss":0},{"damage_healed":0,"gold_gain":0,"player_choice":"Copied","damage_taken":0,"max_hp_gain":0,"max_hp_loss":0,"event_name":"Duplicator","floor":21,"gold_loss":0,"cards_obtained":["Dramatic Entrance"]},{"damage_healed":0,"gold_gain":0,"player_choice":"Obtain J.A.X.","damage_taken":0,"max_hp_gain":0,"max_hp_loss":0,"event_name":"Drug Dealer","floor":27,"gold_loss":0,"cards_obtained":["J.A.X."]}],"is_beta":false,"boss_relics":[{"not_picked":["Runic Pyramid","Coffee Dripper"],"picked":"Black Star"}],"items_purged_floors":[11],"is_endless":false,"potions_floor_spawned":[4,6,12,24,28,30,31],"killed_by":"Collector","ascension_level":0}