{"gold_per_floor":[20,40,40,0,14,14,30,30,82,98,148,182,182,200,200,276,276,276,201,201,3,3,3,3,3],"floor_reached":25,"playtime":1653,"items_purged":["Strike_G"],"score":410,"play_id":"85ead377-f8e4-4f26-9098-fa9823a2c426","local_time":"20190814110927","is_ascension_mode":true,"campfire_choices":[{"data":"Wraith Form v2","floor":6.0,"key":"SMITH"},{"data":"Noxious Fumes","floor":8.0,"key":"SMITH"},{"floor":13.0,"key":"REST"},{"floor":15.0,"key":"REST"},{"floor":23,"key":"REST"}],"neow_cost":"NO_GOLD","seed_source_timestamp":1822448465159077,"circlet_count":0,"master_deck":["AscendersBane","Strike_G","Strike_G","Strike_G","Strike_G","Defend_G","Defend_G","Defend_G","Defend_G","Defend_G","Survivor","Neutralize","Wraith Form v2+1","Dagger Spray","Backflip","Noxious Fumes+1","Deflect","Prepared","Distraction","Envenom","Sucker Punch","Envenom","PiercingWail","Deadly Poison","Bandage Up","Caltrops","Outmaneuver","Flechettes"],"special_seed":0,"relics":["Ring of the Snake","Omamori","Blood Vial","Ectoplasm"],"potions_floor_usage":[16,22],"damage_taken":[{"damage":12.0,"enemies":"Cultist","floor":1.0,"turns":6.0},{"damage":5.0,"enemies":"2 Louse","floor":2.0,"turns":3.0},{"damage":4.0,"enemies":"Small Slimes","floor":5.0,"turns":5.0},{"damage":2.0,"enemies":"2 Fungi Beasts","floor":7.0,"turns":4.0},{"damage":8.0,"enemies":"Exordium Thugs","floor":10.0,"turns":6.0},{"damage":25.0,"enemies":"Lagavulin","floor":12.0,"turns":8.0},{"damage":21.0,"enemies":"Gremlin Gang","floor":14.0,"turns":5.0},{"damage":21,"enemies":"Hexaghost","floor":16,"turns":11},{"damage":28,"enemies":"Shell Parasite","floor":18,"turns":7},{"damage":25,"enemies":"Chosen","floor":20,"turns":6},{"damage":0,"enemies":"Centurion and Healer","floor":22,"turns":4},{"damage":20,"enemies":"Snake Plant","floor":24,"turns":7},{"damage":41,"enemies":"Chosen and Byrds","floor":25,"turns":5}],"seed_played":"-3237349508689871592","potions_obtained":[{"floor":7.0,"key":"SkillPotion"},{"floor":10.0,"key":"Poison Potion"},{"floor":14.0,"key":"Strength Potion"},{"floor":20,"key":"SmokeBomb"},{"floor":24,"key":"LiquidBronze"}],"is_trial":false,"path_per_floor":["M","M","$","$","M","R","M","R","T","M","?","E","R","M","R","B",null,"M","$","M","$","M","R","M","M"],"character_chosen":"THE_SILENT","items_purchased":["Noxious Fumes","Bandage Up","Caltrops","Outmaneuver"],"campfire_rested":3,"item_purchase_floors":[4,21,21,21],"current_hp_per_floor":[47,42,42,42,38,38,36,36,36,28,28,3,22,3,22,3,50,24,24,1,1,7,26,12,0],"gold":3,"neow_bonus":"THREE_RARE_CARDS","is_prod":false,"is_daily":false,"chose_seed":false,"campfire_upgraded":2,"win_rate":0,"timestamp":1565806167,"path_taken":["M","M","?","$","M","R","?","R","T","M","?","E","R","M","R","BOSS","M","$","M","$","?","R","M","M"],"build_version":"2019-07-17","purchased_purges":1,"victory":false,"max_hp_per_floor":[66,66,66,66,66,66,66,66,66,66,66,66,66,66,66,66,66,66,66,66,66,66,66,66,66],"card_choices":[{"not_picked":["Envenom","After Image"],"picked":"Wraith Form v2","floor":0.0},{"not_picked":["Blade Dance","Cloak And Dagger"],"picked":"Dagger Spray","floor":1.0},{"not_picked":["Eviscerate","Poisoned Stab"],"picked":"Backflip","floor":2.0},{"not_picked":["Cloak And Dagger","Acrobatics"],"picked":"Deflect","floor":5.0},{"not_picked":["Choke","Poisoned Stab"],"picked":"Prepared","floor":7.0},{"not_picked":["Dagger Throw","Underhanded Strike"],"picked":"Distraction","floor":10.0},{"not_picked":["After Image","Acrobatics"],"picked":"Envenom","floor":12.0},{"not_picked":["Acrobatics","Distraction"],"picked":"Sucker Punch","floor":14.0},{"not_picked":["Doppelganger","After Image"],"picked":"Envenom","floor":16},{"not_picked":["Sucker Punch","Underhanded Strike"],"picked":"PiercingWail","floor":18},{"not_picked":["Blade Dance","Concentrate"],"picked":"Deadly Poison","floor":20},{"not_picked":["Deflect","Concentrate"],"picked":"Flechettes","floor":24}],"player_experience":721597,"relics_obtained":[{"floor":9.0,"key":"Omamori"},{"floor":12.0,"key":"Blood Vial"}],"event_choices":[{"damage_healed":0.0,"max_hp_gain":0.0,"max_hp_loss":0.0,"gold_gain":50.0,"event_name":"Golden Shrine","player_choice":"Pray","floor":11.0,"gold_loss":0.0,"damage_taken":0.0}],"is_beta":false,"boss_relics":[{"not_picked":["Coffee Dripper","Sozu"],"picked":"Ectoplasm"}],"items_purged_floors":[19],"is_endless":false,"potions_floor_spawned":[7,10,14,20,22,24],"killed_by":"Chosen and Byrds","ascension_level":20}