{"gold_per_floor":[165,240,240,260,270,270,283,283,283,46,46,66,79,113,113,113],"floor_reached":16,"playtime":857,"items_purged":["Strike_B"],"score":204,"play_id":"5fc60714-7046-4a1d-b6f4-e4c107d680e8","local_time":"20190820131645","is_ascension_mode":true,"campfire_choices":[{"data":"Electrodynamics","floor":6,"key":"SMITH"},{"floor":11,"key":"REST"},{"data":"Coolheaded","floor":15,"key":"SMITH"}],"neow_cost":"NONE","seed_source_timestamp":156044569100700,"circlet_count":0,"master_deck":["AscendersBane","Strike_B+1","Strike_B","Strike_B","Defend_B+1","Defend_B","Defend_B","Defend_B","Zap","Dualcast+1","Conserve Battery","Coolheaded+1","Electrodynamics+1","Reprogram","Leap","Sunder","Coolheaded"],"relics":["Tiny House","Golden Idol","Shuriken","Art of War","Darkstone Periapt"],"potions_floor_usage":[12,14,14],"damage_taken":[{"damage":2,"enemies":"Small Slimes","floor":1,"turns":4},{"damage":0,"enemies":"Jaw Worm","floor":4,"turns":4},{"damage":9,"enemies":"2 Louse","floor":5,"turns":2},{"damage":7,"enemies":"Blue Slaver","floor":7,"turns":6},{"damage":1,"enemies":"Exordium Thugs","floor":12,"turns":4},{"damage":0,"enemies":"2 Fungi Beasts","floor":13,"turns":2},{"damage":10,"enemies":"Gremlin Nob","floor":14,"turns":3},{"damage":40,"enemies":"The Guardian","floor":16,"turns":8}],"seed_played":"-5242180252246928102","potions_obtained":[{"floor":0,"key":"SteroidPotion"},{"floor":4,"key":"FearPotion"},{"floor":12,"key":"SkillPotion"}],"is_trial":false,"path_per_floor":["M","?","?","M","M","R","M","?","T","$","R","M","M","E","R","B"],"character_chosen":"DEFECT","items_purchased":["Art of War"],"campfire_rested":1,"item_purchase_floors":[10],"current_hp_per_floor":[67,56,33,33,24,24,17,17,17,17,37,36,36,26,26,0],"gold":113,"neow_bonus":"BOSS_RELIC","is_prod":false,"is_daily":false,"chose_seed":false,"campfire_upgraded":2,"win_rate":0,"timestamp":1566299805,"path_taken":["M","?","?","M","M","R","M","?","T","$","R","?","M","E","R","BOSS"],"build_version":"2019-07-17","purchased_purges":1,"victory":false,"max_hp_per_floor":[76,76,76,76,76,76,76,69,69,69,69,69,69,69,69,69],"card_choices":[{"not_picked":["Hologram","Turbo"],"picked":"Conserve Battery","floor":0},{"not_picked":["Stack","Go for the Eyes"],"picked":"Coolheaded","floor":1},{"not_picked":["Ball Lightning","Go for the Eyes"],"picked":"Electrodynamics","floor":4},{"not_picked":["Force Field","Beam Cell"],"picked":"Reprogram","floor":5},{"not_picked":["Rebound","Gash"],"picked":"Leap","floor":7},{"not_picked":["Steam","Leap"],"picked":"Sunder","floor":12},{"not_picked":["Seek","Turbo"],"picked":"Coolheaded","floor":13},{"not_picked":["Lockon","Hello World","Rebound"],"picked":"SKIP","floor":14}],"player_experience":1546243,"relics_obtained":[{"floor":9,"key":"Shuriken"},{"floor":14,"key":"Darkstone Periapt"}],"event_choices":[{"damage_healed":0,"gold_gain":75,"player_choice":"Gather Gold","damage_taken":11,"max_hp_gain":0,"max_hp_loss":0,"event_name":"World of Goop","floor":2,"gold_loss":0},{"damage_healed":0,"gold_gain":0,"player_choice":"Entered Light","damage_taken":23,"max_hp_gain":0,"max_hp_loss":0,"event_name":"Shining Light","floor":3,"gold_loss":0,"cards_upgraded":["Defend_B","Strike_B"]},{"damage_healed":0,"gold_gain":0,"player_choice":"Lose Max HP","damage_taken":0,"relics_obtained":["Golden Idol"],"max_hp_gain":0,"max_hp_loss":7,"event_name":"Golden Idol","floor":8,"gold_loss":0}],"is_beta":false,"boss_relics":[],"items_purged_floors":[10],"is_endless":false,"potions_floor_spawned":[4,5,12],"killed_by":"The Guardian","ascension_level":20}