{"gold_per_floor":[210,230,230,28,42,42,63,87,87,87,87,3,42,55,55,151,151,174,174],"floor_reached":19,"playtime":879,"items_purged":[],"score":338,"play_id":"4a348b08-1e61-457d-a25e-2a24e1ba8a91","local_time":"20190813143434","is_ascension_mode":true,"campfire_choices":[{"data":"Envenom","floor":6.0,"key":"SMITH"},{"data":"Footwork","floor":10.0,"key":"SMITH"},{"floor":15.0,"key":"REST"}],"neow_cost":"NONE","seed_source_timestamp":1749782894238099,"circlet_count":0,"master_deck":["AscendersBane","Strike_G","Strike_G","Strike_G","Strike_G","Strike_G","Defend_G","Defend_G","Defend_G","Defend_G","Defend_G","Survivor","Neutralize","Footwork+1","Dagger Throw","Deadly Poison+1","Envenom+1","Poisoned Stab","Leg Sweep","Dagger Spray","Noxious Fumes","Concentrate+1","Bouncing Flask+1","Night Terror+1","Blur+1"],"special_seed":0,"relics":["Ring of the Snake","Golden Idol","Toxic Egg 2","Ninja Scroll","WristBlade"],"potions_floor_usage":[],"damage_taken":[{"damage":2.0,"enemies":"Small Slimes","floor":1.0,"turns":4.0},{"damage":0.0,"enemies":"2 Louse","floor":2.0,"turns":3.0},{"damage":0.0,"enemies":"Jaw Worm","floor":5.0,"turns":4.0},{"damage":3.0,"enemies":"Blue Slaver","floor":7.0,"turns":5.0},{"damage":4.0,"enemies":"3 Louse","floor":8.0,"turns":4.0},{"damage":29.0,"enemies":"Gremlin Nob","floor":13.0,"turns":4.0},{"damage":12.0,"enemies":"Lots of Slimes","floor":14.0,"turns":4.0},{"damage":27.0,"enemies":"Slime Boss","floor":16.0,"turns":8.0},{"damage":28.0,"enemies":"2 Thieves","floor":18.0,"turns":3.0},{"damage":21,"enemies":"Masked Bandits","floor":19,"turns":2}],"seed_played":"6842509403100298184","potions_obtained":[{"floor":2.0,"key":"Strength Potion"},{"floor":5.0,"key":"Fire Potion"},{"floor":8.0,"key":"Regen Potion"},{"floor":13.0,"key":"EssenceOfSteel"}],"is_trial":false,"path_per_floor":["M","M","?","$","M","R","M","M","T","R","?","$","E","M","R","B",null,"M","?"],"character_chosen":"THE_SILENT","items_purchased":["Deadly Poison","Envenom","Noxious Fumes"],"campfire_rested":1,"item_purchase_floors":[4,4,12],"current_hp_per_floor":[57,57,57,57,57,57,54,50,50,50,50,50,35,23,41,14,49,21,0],"gold":174,"neow_bonus":"HUNDRED_GOLD","is_prod":false,"is_daily":false,"chose_seed":false,"campfire_upgraded":2,"win_rate":0,"timestamp":1565732074,"path_taken":["M","M","?","$","M","R","M","M","T","R","?","$","E","M","R","BOSS","M","?"],"build_version":"2019-07-17","purchased_purges":0,"victory":false,"max_hp_per_floor":[66,66,60,60,60,60,60,60,60,60,60,60,60,60,60,60,60,60,60],"card_choices":[{"not_picked":["Cloak And Dagger","Accuracy"],"picked":"Footwork","floor":1.0},{"not_picked":["Underhanded Strike","Doppelganger"],"picked":"Dagger Throw","floor":2.0},{"not_picked":["Outmaneuver","Calculated Gamble"],"picked":"Poisoned Stab","floor":5.0},{"not_picked":["Underhanded Strike","Dagger Throw"],"picked":"Leg Sweep","floor":7.0},{"not_picked":["Distraction","Deflect"],"picked":"Dagger Spray","floor":8.0},{"not_picked":["Reflex+1","Choke"],"picked":"Concentrate+1","floor":13.0},{"not_picked":["Slice","Riddle With Holes"],"picked":"Bouncing Flask+1","floor":14.0},{"not_picked":["Envenom","Venomology+1"],"picked":"Night Terror+1","floor":16.0},{"not_picked":["Flying Knee","Quick Slash"],"picked":"Blur+1","floor":18.0}],"player_experience":708089,"relics_obtained":[{"floor":9.0,"key":"Toxic Egg 2"},{"floor":13.0,"key":"Ninja Scroll"}],"event_choices":[{"damage_healed":0.0,"max_hp_gain":0.0,"max_hp_loss":6.0,"gold_gain":0.0,"event_name":"Golden Idol","player_choice":"Lose Max HP","floor":3.0,"gold_loss":0.0,"damage_taken":0.0,"relics_obtained":["Golden Idol"]},{"damage_healed":0.0,"max_hp_gain":0.0,"max_hp_loss":0.0,"gold_gain":0.0,"event_name":"Living Wall","player_choice":"Grow","floor":11.0,"gold_loss":0.0,"damage_taken":0.0,"cards_upgraded":["Deadly Poison"]},{"damage_healed":0,"gold_gain":0,"player_choice":"Fought Bandits","damage_taken":0,"max_hp_gain":0,"max_hp_loss":0,"event_name":"Masked Bandits","floor":19,"gold_loss":0}],"is_beta":false,"boss_relics":[{"not_picked":["Astrolabe","Lizard Tail"],"picked":"WristBlade"}],"items_purged_floors":[],"is_endless":false,"potions_floor_spawned":[2,5,8,13],"killed_by":"Masked Bandits","ascension_level":20}