{"gold_per_floor":[15,15,15,15,90,90,101,111,159,175,200,210,210],"floor_reached":13,"playtime":957,"items_purged":[],"score":136,"play_id":"6944d2b1-6371-486c-994f-e40c66de041e","local_time":"20190726113455","is_ascension_mode":true,"campfire_choices":[{"data":"Neutralize","floor":6,"key":"SMITH"}],"neow_cost":"NO_GOLD","seed_source_timestamp":183874781516907,"circlet_count":0,"master_deck":["AscendersBane","Strike_G","Strike_G","Strike_G","Strike_G+1","Strike_G+1","Defend_G","Defend_G","Defend_G","Defend_G","Defend_G","Survivor","Neutralize+1","Footwork+1","Caltrops","Caltrops","Prepared","Heel Hook","Calculated Gamble"],"relics":["Ring of the Snake","Torii","Whetstone","Bag of Marbles"],"potions_floor_usage":[10],"damage_taken":[{"damage":1,"enemies":"Jaw Worm","floor":1,"turns":7},{"damage":1,"enemies":"Small Slimes","floor":7,"turns":6},{"damage":1,"enemies":"2 Louse","floor":8,"turns":4},{"damage":3,"enemies":"Gremlin Gang","floor":10,"turns":4},{"damage":41,"enemies":"Gremlin Nob","floor":11,"turns":6},{"damage":9,"enemies":"2 Fungi Beasts","floor":12,"turns":4},{"damage":10,"enemies":"3 Sentries","floor":13,"turns":2}],"seed_played":"-5761720353261104997","potions_obtained":[{"floor":1,"key":"Ancient Potion"},{"floor":8,"key":"Fire Potion"},{"floor":10,"key":"SpeedPotion"},{"floor":12,"key":"Explosive Potion"}],"is_trial":false,"path_per_floor":["M","$","?","?","?","R","M","M","T","M","E","M","E"],"character_chosen":"THE_SILENT","items_purchased":[],"campfire_rested":0,"item_purchase_floors":[],"current_hp_per_floor":[62,62,62,67,60,60,59,58,58,55,14,5,0],"gold":210,"neow_bonus":"ONE_RARE_RELIC","is_prod":false,"is_daily":false,"chose_seed":false,"campfire_upgraded":1,"win_rate":0,"timestamp":1564166095,"path_taken":["M","$","?","?","?","R","M","M","T","M","E","M","E"],"build_version":"2019-07-17","purchased_purges":0,"victory":false,"max_hp_per_floor":[70,70,70,75,75,75,75,75,75,75,75,75,75],"card_choices":[{"not_picked":["Calculated Gamble","PiercingWail"],"picked":"Footwork","floor":1},{"not_picked":["Flechettes","Deflect"],"picked":"Caltrops","floor":7},{"not_picked":["Infinite Blades","Masterful Stab"],"picked":"Caltrops","floor":8},{"not_picked":["Dagger Throw","Poisoned Stab"],"picked":"Prepared","floor":10},{"not_picked":["Poisoned Stab","Bane"],"picked":"Heel Hook","floor":11},{"not_picked":["Bane","Backflip"],"picked":"Calculated Gamble","floor":12}],"player_experience":503326,"relics_obtained":[{"floor":9,"key":"Whetstone"},{"floor":11,"key":"Bag of Marbles"}],"event_choices":[{"damage_healed":0,"gold_gain":0,"player_choice":"Grow","damage_taken":0,"max_hp_gain":0,"max_hp_loss":0,"event_name":"Living Wall","floor":3,"gold_loss":0,"cards_upgraded":["Footwork"]},{"damage_healed":0,"gold_gain":0,"player_choice":"Donut","damage_taken":0,"max_hp_gain":5,"max_hp_loss":0,"event_name":"Big Fish","floor":4,"gold_loss":0},{"damage_healed":0,"gold_gain":75,"player_choice":"Touch","damage_taken":7,"max_hp_gain":0,"max_hp_loss":0,"event_name":"FaceTrader","floor":5,"gold_loss":0}],"is_beta":false,"boss_relics":[],"items_purged_floors":[],"is_endless":false,"potions_floor_spawned":[1,8,10,12],"killed_by":"3 Sentries","ascension_level":12}