{"gold_per_floor":[369,369,385,385,404,404,189,202,202,217,1,35,53,67,67,67],"floor_reached":16,"playtime":804,"items_purged":["Strike_R"],"score":208,"play_id":"fcbc5cfa-980c-480f-bfac-30664c6cc484","local_time":"20190731040554","is_ascension_mode":true,"campfire_choices":[{"data":"Armaments","floor":15,"key":"SMITH"}],"neow_cost":"PERCENT_DAMAGE","seed_source_timestamp":1823888206003039,"circlet_count":0,"master_deck":["AscendersBane","Strike_R","Strike_R","Strike_R","Defend_R","Defend_R","Defend_R","Defend_R+1","Bash","Shrug It Off+1","Pommel Strike","Armaments+1","Iron Wave","Anger","Cleave","Whirlwind+1","Thunderclap+1"],"special_seed":0,"relics":["Burning Blood","CultistMask","Oddly Smooth Stone","Matryoshka","Molten Egg 2"],"potions_floor_usage":[12,12,16,16],"damage_taken":[{"damage":2,"enemies":"2 Louse","floor":1,"turns":3},{"damage":12,"enemies":"Cultist","floor":3,"turns":4},{"damage":10,"enemies":"Small Slimes","floor":5,"turns":5},{"damage":0,"enemies":"2 Fungi Beasts","floor":8,"turns":5},{"damage":1,"enemies":"Blue Slaver","floor":10,"turns":3},{"damage":10,"enemies":"Lagavulin","floor":12,"turns":7},{"damage":10,"enemies":"Looter","floor":13,"turns":3},{"damage":1,"enemies":"Exordium Thugs","floor":14,"turns":3},{"damage":44,"enemies":"Hexaghost","floor":16,"turns":10}],"seed_played":"3713642144309752830","potions_obtained":[{"floor":3,"key":"GamblersBrew"},{"floor":10,"key":"Energy Potion"},{"floor":12,"key":"Block Potion"},{"floor":14,"key":"Block Potion"}],"is_trial":false,"path_per_floor":["M","?","M","?","M","?","$","M","T","M","$","E","M","M","R","B"],"character_chosen":"IRONCLAD","items_purchased":["Oddly Smooth Stone","Iron Wave","Cleave","Regen Potion"],"campfire_rested":0,"item_purchase_floors":[7,7,11,11],"current_hp_per_floor":[54,54,48,48,44,21,21,27,27,32,32,43,39,44,44,0],"gold":67,"neow_bonus":"TWO_FIFTY_GOLD","is_prod":false,"is_daily":false,"chose_seed":false,"campfire_upgraded":1,"win_rate":0,"timestamp":1564538754,"path_taken":["M","?","?","?","?","?","$","M","T","M","$","E","M","M","R","BOSS"],"build_version":"2019-07-17","purchased_purges":1,"victory":false,"max_hp_per_floor":[75,75,75,75,75,75,75,75,75,75,75,75,75,75,75,75],"card_choices":[{"not_picked":["Iron Wave","Sword Boomerang"],"picked":"Shrug It Off","floor":1},{"not_picked":["Iron Wave","Evolve"],"picked":"Pommel Strike","floor":3},{"not_picked":["Thunderclap","Heavy Blade"],"picked":"Armaments","floor":5},{"not_picked":["Sword Boomerang","Dual Wield"],"picked":"Anger","floor":8},{"not_picked":["Berserk","Armaments","Twin Strike"],"picked":"SKIP","floor":10},{"not_picked":["Warcry","Perfected Strike","Bloodletting"],"picked":"SKIP","floor":12},{"not_picked":["Feel No Pain","Fire Breathing"],"picked":"Whirlwind+1","floor":13},{"not_picked":["Clothesline+1","Sword Boomerang+1"],"picked":"Thunderclap+1","floor":14}],"player_experience":1427874,"relics_obtained":[{"floor":9,"key":"Matryoshka"},{"floor":12,"key":"Molten Egg 2"}],"event_choices":[{"cards_removed":["Strike_R"],"damage_healed":0,"gold_gain":0,"player_choice":"Purged","damage_taken":0,"max_hp_gain":0,"max_hp_loss":0,"event_name":"Purifier","floor":2,"gold_loss":0},{"damage_healed":0,"gold_gain":0,"player_choice":"Trade","damage_taken":0,"relics_obtained":["CultistMask"],"max_hp_gain":0,"max_hp_loss":0,"event_name":"FaceTrader","floor":4,"gold_loss":0},{"damage_healed":0,"gold_gain":0,"player_choice":"Entered Light","damage_taken":23,"max_hp_gain":0,"max_hp_loss":0,"event_name":"Shining Light","floor":6,"gold_loss":0,"cards_upgraded":["Defend_R","Shrug It Off"]}],"is_beta":false,"boss_relics":[],"items_purged_floors":[11],"is_endless":false,"potions_floor_spawned":[3,10,12,14],"killed_by":"Hexaghost","ascension_level":20}