{"gold_per_floor":[114,127,277,292,5,33,33,61,61,31,51,74,33,44,44,115,115,127,127,140,40,40,71,71,71,71,86,86,111,111,123,123,200,200,217,228,242,261,276,308,308,336,336,104,123,138,155,155,155,155],"floor_reached":51,"playtime":3790,"items_purged":["Doubt","Strike_G"],"score":1481,"play_id":"6d1b8fbb-e03e-4dee-8a06-5ea1b6812f83","local_time":"20190802122627","is_ascension_mode":true,"campfire_choices":[{"floor":7.0,"key":"REST"},{"floor":15.0,"key":"REST"},{"data":"Wraith Form v2","floor":25.0,"key":"SMITH"},{"floor":28.0,"key":"REST"},{"floor":30.0,"key":"REST"},{"data":"Terror","floor":32.0,"key":"SMITH"},{"data":"PiercingWail","floor":41,"key":"SMITH"},{"floor":49,"key":"DIG"}],"neow_cost":"PERCENT_DAMAGE","seed_source_timestamp":787784394867047,"circlet_count":0,"master_deck":["AscendersBane","Defend_G","Defend_G","Defend_G","Defend_G","Defend_G","Survivor","Neutralize","Wraith Form v2+1","Noxious Fumes","Cloak And Dagger","Deadly Poison","Noxious Fumes","Glass Knife","Corpse Explosion","Caltrops","Backflip","Bane","PiercingWail+1","Noxious Fumes","Catalyst","Wraith Form v2+1","Backflip+1","Bite","Bite","Bite","Bite","Bite","Terror+1","Caltrops","Burst","Crippling Poison","Bane","Deadly Poison+1","Footwork","Dodge and Roll","Distraction","Deflect","Parasite","Concentrate","PanicButton"],"special_seed":0,"relics":["Ring of the Snake","Happy Flower","Pocketwatch","Question Card","Odd Mushroom","Busted Crown","Ginger","Tingsha","Ornamental Fan","Black Star","Bronze Scales","Juzu Bracelet","Shovel","Molten Egg 2","Mango","Tough Bandages"],"potions_floor_usage":[40,50,50],"damage_taken":[{"damage":4.0,"enemies":"Small Slimes","floor":1.0,"turns":4.0},{"damage":2.0,"enemies":"Jaw Worm","floor":2.0,"turns":6.0},{"damage":12.0,"enemies":"Cultist","floor":4.0,"turns":5.0},{"damage":23.0,"enemies":"Lagavulin","floor":6.0,"turns":7.0},{"damage":9.0,"enemies":"3 Sentries","floor":8.0,"turns":5.0},{"damage":2.0,"enemies":"3 Louse","floor":11.0,"turns":4.0},{"damage":3.0,"enemies":"The Mushroom Lair","floor":12.0,"turns":3.0},{"damage":0.0,"enemies":"Large Slime","floor":14.0,"turns":5.0},{"damage":13.0,"enemies":"Slime Boss","floor":16.0,"turns":8.0},{"damage":18.0,"enemies":"2 Thieves","floor":18.0,"turns":4.0},{"damage":1.0,"enemies":"3 Byrds","floor":20.0,"turns":2.0},{"damage":33.0,"enemies":"Gremlin Leader","floor":23.0,"turns":5.0},{"damage":8.0,"enemies":"Centurion and Healer","floor":27.0,"turns":5.0},{"damage":17.0,"enemies":"Slavers","floor":29.0,"turns":3.0},{"damage":3.0,"enemies":"Sentry and Sphere","floor":31.0,"turns":5.0},{"damage":32.0,"enemies":"Champ","floor":33.0,"turns":12.0},{"damage":4.0,"enemies":"3 Darklings","floor":35.0,"turns":4.0},{"damage":20.0,"enemies":"Orb Walker","floor":36.0,"turns":5.0},{"damage":8.0,"enemies":"Spire Growth","floor":37.0,"turns":7.0},{"damage":5.0,"enemies":"3 Darklings","floor":38.0,"turns":5.0},{"damage":0,"enemies":"Jaw Worm Horde","floor":39,"turns":4},{"damage":14,"enemies":"Giant Head","floor":40,"turns":9},{"damage":29,"enemies":"Nemesis","floor":42,"turns":9},{"damage":21,"enemies":"Transient","floor":45,"turns":6},{"damage":0,"enemies":"Maw","floor":46,"turns":7},{"damage":5,"enemies":"Writhing Mass","floor":47,"turns":5},{"damage":25,"enemies":"Donu and Deca","floor":50,"turns":8}],"seed_played":"-960649020811204657","potions_obtained":[{"floor":4.0,"key":"SteroidPotion"},{"floor":8.0,"key":"PowerPotion"},{"floor":12.0,"key":"SteroidPotion"},{"floor":14.0,"key":"AttackPotion"},{"floor":27.0,"key":"Poison Potion"},{"floor":29.0,"key":"GhostInAJar"},{"floor":31.0,"key":"SkillPotion"},{"floor":37.0,"key":"AttackPotion"},{"floor":39,"key":"Block Potion"},{"floor":42,"key":"Weak Potion"}],"is_trial":false,"path_per_floor":["M","M","?","M","$","E","R","E","T","$","M","?","$","M","R","B",null,"M","?","M","$","?","E","?","R","T","M","R","E","R","M","R","B",null,"M","M","M","M","M","E","R","E","T","$","M","M","M","?","R","B",null],"character_chosen":"THE_SILENT","items_purchased":["Noxious Fumes","Glass Knife","Backflip","Noxious Fumes","Footwork","AttackPotion","Dodge and Roll","Distraction"],"campfire_rested":4,"item_purchase_floors":[5,5,10,13,44,44,44,44],"current_hp_per_floor":[40,38,38,26,26,3,22,13,13,13,11,8,8,8,27,14,53,35,35,34,34,34,11,11,11,11,7,20,5,18,27,27,19,39,43,31,35,38,38,44,44,25,39,39,28,38,39,39,39,24],"gold":155,"neow_bonus":"THREE_RARE_CARDS","is_prod":false,"is_daily":false,"chose_seed":false,"campfire_upgraded":3,"win_rate":0,"timestamp":1564773987,"path_taken":["M","M","?","M","$","E","R","E","T","$","M","?","?","M","R","BOSS","M","?","?","$","?","E","?","R","T","M","R","E","R","?","R","BOSS","M","?","M","M","M","E","R","E","T","$","M","M","M","?","R","BOSS"],"build_version":"2019-07-17","purchased_purges":2,"victory":true,"max_hp_per_floor":[66,66,66,66,66,66,66,66,66,66,66,66,66,66,66,66,66,66,66,66,66,46,46,46,46,46,46,46,46,46,46,46,46,46,46,46,46,46,46,46,46,46,60,60,60,60,60,60,60,60],"card_choices":[{"not_picked":["Night Terror","Malaise"],"picked":"Wraith Form v2","floor":0.0},{"not_picked":["Dodge and Roll","Concentrate"],"picked":"Noxious Fumes","floor":1.0},{"not_picked":["Concentrate","Prepared"],"picked":"Cloak And Dagger","floor":2.0},{"not_picked":["Backflip","Bane"],"picked":"Deadly Poison","floor":4.0},{"not_picked":["Bane","Deadly Poison"],"picked":"Corpse Explosion","floor":6.0},{"not_picked":["PiercingWail","Deflect"],"picked":"Caltrops","floor":8.0},{"not_picked":["Sucker Punch","Flying Knee","Dagger Spray"],"picked":"Bane","floor":11.0},{"not_picked":["Dagger Throw","Slice","Calculated Gamble"],"picked":"PiercingWail","floor":12.0},{"not_picked":["Riddle With Holes","Dodge and Roll","Quick Slash"],"picked":"Catalyst","floor":14.0},{"not_picked":["Grand Finale","Envenom","Unload"],"picked":"Wraith Form v2","floor":16.0},{"not_picked":["Underhanded Strike","Reflex"],"picked":"SKIP","floor":18.0},{"not_picked":["PiercingWail"],"picked":"Backflip+1","floor":20.0},{"not_picked":["Sucker Punch"],"picked":"Terror","floor":23.0},{"not_picked":["Dagger Throw","Acrobatics"],"picked":"SKIP","floor":27.0},{"not_picked":["Riddle With Holes+1"],"picked":"Caltrops","floor":29.0},{"not_picked":["Terror","Quick Slash"],"picked":"SKIP","floor":31.0},{"not_picked":["Storm of Steel"],"picked":"Burst","floor":33.0},{"not_picked":["Cloak And Dagger+1"],"picked":"Crippling Poison","floor":35.0},{"not_picked":["Flying Knee"],"picked":"Bane","floor":36.0},{"not_picked":["Reflex","Setup"],"picked":"SKIP","floor":37.0},{"not_picked":["Underhanded Strike","Blade Dance+1"],"picked":"SKIP","floor":38.0},{"not_picked":["All Out Attack","Poisoned Stab+1"],"picked":"SKIP","floor":39},{"not_picked":["Bullet Time"],"picked":"Deadly Poison+1","floor":40},{"not_picked":["Expertise","Bane"],"picked":"SKIP","floor":42},{"not_picked":["Underhanded Strike+1"],"picked":"Deflect","floor":45},{"not_picked":["Poisoned Stab+1","Dagger Spray+1"],"picked":"SKIP","floor":46},{"not_picked":["Accuracy"],"picked":"Concentrate","floor":47},{"not_picked":["Panacea"],"picked":"PanicButton","floor":48}],"player_experience":623848,"relics_obtained":[{"floor":6.0,"key":"Happy Flower"},{"floor":8.0,"key":"Pocketwatch"},{"floor":9.0,"key":"Question Card"},{"floor":12.0,"key":"Odd Mushroom"},{"floor":23.0,"key":"Ginger"},{"floor":26.0,"key":"Tingsha"},{"floor":29.0,"key":"Ornamental Fan"},{"floor":40,"key":"Bronze Scales"},{"floor":40,"key":"Juzu Bracelet"},{"floor":42,"key":"Shovel"},{"floor":42,"key":"Molten Egg 2"},{"floor":43,"key":"Mango"},{"floor":49,"key":"Tough Bandages"}],"event_choices":[{"damage_healed":0.0,"max_hp_gain":0.0,"max_hp_loss":0.0,"gold_gain":150.0,"event_name":"Liars Game","player_choice":"AGREE","floor":3.0,"gold_loss":0.0,"damage_taken":0.0,"cards_obtained":["Doubt"]},{"damage_healed":0.0,"max_hp_gain":0.0,"max_hp_loss":0.0,"gold_gain":0.0,"event_name":"Mushrooms","player_choice":"Fought Mushrooms","floor":12.0,"gold_loss":0.0,"damage_taken":0.0},{"cards_removed":["Strike_G"],"damage_healed":0.0,"max_hp_gain":0.0,"max_hp_loss":0.0,"gold_gain":0.0,"event_name":"Purifier","player_choice":"Purged","floor":19.0,"gold_loss":0.0,"damage_taken":0.0},{"damage_healed":0.0,"max_hp_gain":0.0,"max_hp_loss":20.0,"gold_gain":0.0,"event_name":"Vampires","player_choice":"Became a vampire","floor":22.0,"gold_loss":0.0,"damage_taken":0.0,"cards_obtained":["Bite","Bite","Bite","Bite","Bite"]},{"damage_healed":0.0,"max_hp_gain":0.0,"max_hp_loss":0.0,"gold_gain":0.0,"event_name":"Upgrade Shrine","player_choice":"Upgraded","floor":24.0,"gold_loss":0.0,"damage_taken":0.0,"cards_upgraded":["Wraith Form v2"]},{"damage_healed":0,"gold_gain":0,"player_choice":"Memory 1","damage_taken":0,"max_hp_gain":0,"max_hp_loss":0,"event_name":"SensoryStone","floor":48,"gold_loss":0}],"is_beta":false,"boss_relics":[{"not_picked":["Runic Pyramid","Philosopher\u0027s Stone"],"picked":"Busted Crown"},{"not_picked":["Snecko Eye","WristBlade"],"picked":"Black Star"}],"items_purged_floors":[5,21],"is_endless":false,"potions_floor_spawned":[4,8,12,14,27,29,31,37,39,42,46],"ascension_level":19}