{"gold_per_floor":[114,114,114,33,47,47,122,122,147,179,211,223],"floor_reached":12,"playtime":266,"items_purged":[],"score":136,"play_id":"8e1b8bdc-e63e-47d3-9ef0-d0e992d15eee","local_time":"20190813154239","is_ascension_mode":true,"campfire_choices":[{"data":"Well Laid Plans","floor":6.0,"key":"SMITH"},{"data":"Cloak And Dagger","floor":8.0,"key":"SMITH"}],"neow_cost":"NONE","seed_source_timestamp":1754530775540491,"circlet_count":0,"master_deck":["AscendersBane","Strike_G","Strike_G","Strike_G","Strike_G","Strike_G","Defend_G","Defend_G","Defend_G","Defend_G","Defend_G","Survivor","Neutralize","Blade Dance","Well Laid Plans+1","Cloak And Dagger+1","Dodge and Roll","Calculated Gamble"],"special_seed":0,"relics":["Ring of the Snake","NeowsBlessing","Golden Idol","MawBank"],"potions_floor_usage":[],"damage_taken":[{"damage":0.0,"enemies":"2 Louse","floor":1.0,"turns":1.0},{"damage":0.0,"enemies":"Small Slimes","floor":5.0,"turns":1.0},{"damage":0.0,"enemies":"Jaw Worm","floor":10.0,"turns":1.0},{"damage":0.0,"enemies":"Blue Slaver","floor":11.0,"turns":6.0},{"damage":89,"enemies":"Gremlin Nob","floor":12,"turns":6}],"seed_played":"6212682108037067126","potions_obtained":[{"floor":10.0,"key":"Block Potion"}],"is_trial":false,"path_per_floor":["M","?","?","$","M","R","?","R","T","M","M","E"],"character_chosen":"THE_SILENT","items_purchased":["Well Laid Plans"],"campfire_rested":0,"item_purchase_floors":[4],"current_hp_per_floor":[59,59,64,64,64,64,53,53,53,53,53,0],"gold":223,"neow_bonus":"THREE_ENEMY_KILL","is_prod":false,"is_daily":false,"chose_seed":false,"campfire_upgraded":2,"win_rate":0,"timestamp":1565736159,"path_taken":["M","?","?","$","M","R","?","R","T","M","M","E"],"build_version":"2019-07-17","purchased_purges":0,"victory":false,"max_hp_per_floor":[66,60,65,65,65,65,65,65,65,65,65,65],"card_choices":[{"not_picked":["Sucker Punch","Eviscerate"],"picked":"Blade Dance","floor":1.0},{"not_picked":["Poisoned Stab","Crippling Poison"],"picked":"Cloak And Dagger","floor":5.0},{"not_picked":["Backflip","Well Laid Plans"],"picked":"Dodge and Roll","floor":10.0},{"not_picked":["Underhanded Strike","Poisoned Stab"],"picked":"Calculated Gamble","floor":11.0}],"player_experience":711448,"relics_obtained":[{"floor":9.0,"key":"MawBank"}],"event_choices":[{"damage_healed":0.0,"max_hp_gain":0.0,"max_hp_loss":6.0,"gold_gain":0.0,"event_name":"Golden Idol","player_choice":"Lose Max HP","floor":2.0,"gold_loss":0.0,"damage_taken":0.0,"relics_obtained":["Golden Idol"]},{"damage_healed":0.0,"max_hp_gain":5.0,"max_hp_loss":0.0,"gold_gain":0.0,"event_name":"Big Fish","player_choice":"Donut","floor":3.0,"gold_loss":0.0,"damage_taken":0.0},{"damage_healed":0.0,"max_hp_gain":0.0,"max_hp_loss":0.0,"gold_gain":75.0,"event_name":"World of Goop","player_choice":"Gather Gold","floor":7.0,"gold_loss":0.0,"damage_taken":11.0}],"is_beta":false,"boss_relics":[],"items_purged_floors":[],"is_endless":false,"potions_floor_spawned":[10],"killed_by":"Gremlin Nob","ascension_level":20}