{"gold_per_floor":[114,127,183,233,41,41,66,66,90,112,154,182,119,147,159,244,256,256,256,26,26,26,26,26,26,26,26,26,0,0,0,0,0,0,0,0,0,0,0,0,0,0,0,0,0,0,0,0,0,0],"floor_reached":51,"playtime":5158,"items_purged":[],"score":1416,"play_id":"74b0da7d-5cab-4f7c-b93f-b05de1c743eb","local_time":"20190811184411","is_ascension_mode":true,"campfire_choices":[{"data":"Doom and Gloom","floor":6,"key":"SMITH"},{"data":"Hologram","floor":8,"key":"SMITH"},{"floor":15,"key":"REST"},{"data":"Seek","floor":23,"key":"SMITH"},{"data":"Coolheaded","floor":27,"key":"SMITH"},{"floor":32,"key":"REST"},{"data":"Consume","floor":40,"key":"SMITH"},{"floor":45,"key":"REST"},{"floor":49,"key":"REST"}],"neow_cost":"NONE","seed_source_timestamp":595723992448400,"circlet_count":0,"master_deck":["AscendersBane","Strike_B","Strike_B","Strike_B","Defend_B+1","Defend_B","Defend_B","Defend_B","Zap","Dualcast+1","Gash","Doom and Gloom+1","Coolheaded","Hologram+1","Coolheaded+1","Undo","Gash","Seek+1","Multi-Cast","Double Energy","Cold Snap","Compile Driver","Consume+1","Creative AI","Leap","Go for the Eyes+1","Coolheaded","Cold Snap+1","Redo","Redo+1","Barrage"],"relics":["Cracked Core","NeowsBlessing","Tiny Chest","Question Card","MawBank","Bag of Preparation","Ectoplasm","Enchiridion","Runic Capacitor","Juzu Bracelet","Kunai","Ancient Tea Set","War Paint","Emotion Chip","Nuclear Battery","Calipers","Bag of Marbles","Mercury Hourglass","Art of War","Dead Branch"],"potions_floor_usage":[14,22,37,39,47,50],"damage_taken":[{"damage":0,"enemies":"Small Slimes","floor":1,"turns":1},{"damage":0,"enemies":"Jaw Worm","floor":2,"turns":1},{"damage":0,"enemies":"Gremlin Nob","floor":7,"turns":1},{"damage":4,"enemies":"Cultist","floor":10,"turns":4},{"damage":24,"enemies":"3 Sentries","floor":11,"turns":6},{"damage":10,"enemies":"3 Louse","floor":12,"turns":4},{"damage":3,"enemies":"Large Slime","floor":14,"turns":6},{"damage":19,"enemies":"The Guardian","floor":16,"turns":9},{"damage":8,"enemies":"Spheric Guardian","floor":18,"turns":4},{"damage":4,"enemies":"Chosen","floor":22,"turns":7},{"damage":16,"enemies":"Gremlin Leader","floor":24,"turns":5},{"damage":9,"enemies":"Automaton","floor":33,"turns":11},{"damage":5,"enemies":"Orb Walker","floor":35,"turns":4},{"damage":14,"enemies":"3 Shapes","floor":36,"turns":4},{"damage":10,"enemies":"Writhing Mass","floor":37,"turns":8},{"damage":7,"enemies":"2 Orb Walkers","floor":39,"turns":7},{"damage":0,"enemies":"Giant Head","floor":41,"turns":8},{"damage":22,"enemies":"Maw","floor":44,"turns":11},{"damage":0,"enemies":"Mind Bloom Boss Battle","floor":46,"turns":6},{"damage":0,"enemies":"Spire Growth","floor":47,"turns":6},{"damage":1,"enemies":"Transient","floor":48,"turns":6},{"damage":8,"enemies":"Time Eater","floor":50,"turns":10}],"seed_played":"7767173305734124410","potions_obtained":[{"floor":2,"key":"Dexterity Potion"},{"floor":7,"key":"FearPotion"},{"floor":33,"key":"AttackPotion"},{"floor":36,"key":"Regen Potion"},{"floor":41,"key":"Strength Potion"},{"floor":44,"key":"SkillPotion"},{"floor":47,"key":"Fire Potion"}],"is_trial":false,"path_per_floor":["M","M","?","?","$","R","E","R","T","M","E","M","?","M","R","B",null,"M","?","$","T","M","R","E","T","T","R","$","?","T","?","R","B",null,"M","M","M","?","?","R","E","T","T","M","R","?","M","M","R","B",null],"character_chosen":"DEFECT","items_purchased":["Tiny Chest","Coolheaded","Runic Capacitor"],"campfire_rested":4,"item_purchase_floors":[5,5,20],"current_hp_per_floor":[64,64,64,57,57,57,57,57,57,53,29,19,19,16,37,18,58,50,29,29,29,25,25,9,9,9,9,9,9,9,9,30,21,59,54,40,45,45,38,38,38,38,38,16,36,36,36,35,55,47],"gold":0,"neow_bonus":"THREE_ENEMY_KILL","is_prod":false,"is_daily":false,"chose_seed":false,"campfire_upgraded":5,"win_rate":0,"timestamp":1565541851,"path_taken":["M","M","?","?","$","R","E","R","T","?","E","M","?","M","R","BOSS","M","?","$","?","M","R","E","?","T","R","$","?","?","?","R","BOSS","M","M","M","?","?","R","E","?","T","M","R","?","M","M","R","BOSS"],"build_version":"2019-07-17","purchased_purges":0,"victory":true,"max_hp_per_floor":[71,71,71,71,71,71,71,71,71,71,71,71,71,71,71,71,71,71,71,71,71,71,71,71,71,71,71,71,71,71,71,71,71,71,71,71,71,67,67,67,67,67,67,67,67,67,67,67,67,67],"card_choices":[{"not_picked":["White Noise","Heatsinks"],"picked":"Gash","floor":1},{"not_picked":["Ball Lightning","Rebound"],"picked":"Doom and Gloom","floor":2},{"not_picked":["Turbo","Rebound"],"picked":"Hologram","floor":7},{"not_picked":["Leap","Barrage","Steam"],"picked":"Coolheaded","floor":10},{"not_picked":["Conserve Battery","Rebound","Barrage"],"picked":"Undo","floor":11},{"not_picked":["Go for the Eyes","Cold Snap","Ball Lightning"],"picked":"Gash","floor":12},{"not_picked":["BootSequence","Beam Cell","White Noise"],"picked":"Seek","floor":14},{"not_picked":["Biased Cognition","Amplify","Echo Form"],"picked":"Multi-Cast","floor":16},{"not_picked":["Scrape","Streamline","Cold Snap"],"picked":"Double Energy","floor":18},{"not_picked":["Stack","Aggregate","Darkness"],"picked":"Cold Snap","floor":22},{"not_picked":["Stack","Scrape","Gash"],"picked":"Compile Driver","floor":24},{"not_picked":["Electrodynamics","Thunder Strike","Fission"],"picked":"Creative AI","floor":33},{"not_picked":["Conserve Battery","Turbo","Ball Lightning+1"],"picked":"Leap","floor":35},{"not_picked":["Turbo","Leap+1","Beam Cell+1"],"picked":"Go for the Eyes+1","floor":36},{"not_picked":["Compile Driver","Steam Power","Steam"],"picked":"Coolheaded","floor":37},{"not_picked":["Conserve Battery","Rebound","Go for the Eyes"],"picked":"Cold Snap+1","floor":39},{"not_picked":["Machine Learning","Leap","Doom and Gloom","Darkness"],"picked":"SKIP","floor":41},{"not_picked":["Rebound","Hologram","Leap","Doom and Gloom"],"picked":"SKIP","floor":44},{"not_picked":["Undo+1","Sweeping Beam+1","Compile Driver+1"],"picked":"Redo","floor":46},{"not_picked":["Coolheaded","Genetic Algorithm","Hello World+1"],"picked":"Redo+1","floor":47},{"not_picked":["Recycle","Heatsinks","Conserve Battery+1"],"picked":"Barrage","floor":48}],"player_experience":1473036,"relics_obtained":[{"floor":7,"key":"Question Card"},{"floor":9,"key":"MawBank"},{"floor":11,"key":"Bag of Preparation"},{"floor":19,"key":"Enchiridion"},{"floor":21,"key":"Juzu Bracelet"},{"floor":24,"key":"Kunai"},{"floor":25,"key":"Ancient Tea Set"},{"floor":26,"key":"War Paint"},{"floor":30,"key":"Emotion Chip"},{"floor":39,"key":"Calipers"},{"floor":41,"key":"Bag of Marbles"},{"floor":42,"key":"Mercury Hourglass"},{"floor":43,"key":"Art of War"},{"floor":46,"key":"Dead Branch"}],"event_choices":[{"damage_healed":0,"gold_gain":56,"player_choice":"Gained Gold","damage_taken":0,"max_hp_gain":0,"max_hp_loss":0,"event_name":"Golden Wing","floor":3,"gold_loss":0},{"damage_healed":0,"gold_gain":50,"player_choice":"Touch","damage_taken":7,"max_hp_gain":0,"max_hp_loss":0,"event_name":"FaceTrader","floor":4,"gold_loss":0},{"cards_removed":["Strike_B"],"damage_healed":0,"gold_gain":0,"player_choice":"Card Removal","damage_taken":0,"max_hp_gain":0,"max_hp_loss":0,"event_name":"The Cleric","floor":13,"gold_loss":75},{"damage_healed":0,"gold_gain":0,"player_choice":"Obtained Book","damage_taken":21,"max_hp_gain":0,"max_hp_loss":0,"event_name":"Cursed Tome","floor":19,"gold_loss":0},{"damage_healed":0,"gold_gain":0,"player_choice":"Paid Fearfully","damage_taken":0,"max_hp_gain":0,"max_hp_loss":0,"event_name":"Masked Bandits","floor":29,"gold_loss":26},{"damage_healed":0,"gold_gain":0,"player_choice":"Read","damage_taken":0,"max_hp_gain":0,"max_hp_loss":0,"event_name":"The Library","floor":31,"gold_loss":0,"cards_obtained":["Consume"]},{"damage_healed":0,"gold_gain":0,"player_choice":"Max HP","damage_taken":0,"max_hp_gain":0,"max_hp_loss":4,"event_name":"Winding Halls","floor":38,"gold_loss":0},{"damage_healed":0,"gold_gain":0,"player_choice":"Fight","damage_taken":0,"max_hp_gain":0,"max_hp_loss":0,"event_name":"Mysterious Sphere","floor":39,"gold_loss":0},{"damage_healed":0,"gold_gain":0,"player_choice":"Fight","damage_taken":0,"max_hp_gain":0,"max_hp_loss":0,"event_name":"MindBloom","floor":46,"gold_loss":0}],"is_beta":false,"boss_relics":[{"not_picked":["Lizard Tail","Pandora\u0027s Box"],"picked":"Ectoplasm"},{"not_picked":["Velvet Choker","Snecko Eye"],"picked":"Nuclear Battery"}],"items_purged_floors":[],"is_endless":false,"potions_floor_spawned":[2,7,10,12,33,36,41,44,47,48],"ascension_level":19}