{"gold_per_floor":[109,34,34,45,45,45,70,84,84,111,125,125],"floor_reached":12,"playtime":606,"items_purged":[],"score":215,"play_id":"ce2680b5-aaf1-4511-9f9f-d3fe58ddb607","local_time":"20190801101909","is_ascension_mode":true,"campfire_choices":[{"data":"Catalyst","floor":6.0,"key":"SMITH"}],"neow_cost":"NONE","seed_source_timestamp":697984023289825,"circlet_count":0,"master_deck":["AscendersBane","Strike_G","Strike_G","Defend_G","Defend_G","Defend_G","Defend_G","Defend_G","Survivor","Neutralize","Acrobatics","Backflip","Catalyst+1","Dagger Throw","Underhanded Strike","Deadly Poison","Dodge and Roll"],"special_seed":0,"relics":["Ring of the Snake","NeowsBlessing","Strawberry","Bottled Lightning","Orichalcum"],"potions_floor_usage":[11],"damage_taken":[{"damage":0.0,"enemies":"Cultist","floor":1.0,"turns":1.0},{"damage":0.0,"enemies":"2 Louse","floor":4.0,"turns":1.0},{"damage":0.0,"enemies":"Gremlin Nob","floor":7.0,"turns":1.0},{"damage":0.0,"enemies":"Jaw Worm","floor":8.0,"turns":4.0},{"damage":56.0,"enemies":"3 Sentries","floor":10.0,"turns":18.0},{"damage":0,"enemies":"Exordium Thugs","floor":11,"turns":4},{"damage":3,"enemies":"3 Louse","floor":12,"turns":1}],"seed_played":"361290378518074620","potions_obtained":[{"floor":4.0,"key":"SteroidPotion"},{"floor":8.0,"key":"Poison Potion"}],"is_trial":false,"path_per_floor":["M","?","?","M","?","R","E","M","T","E","M","M"],"character_chosen":"THE_SILENT","items_purchased":[],"campfire_rested":0,"item_purchase_floors":[],"current_hp_per_floor":[59,59,52,52,52,52,59,59,59,3,3,0],"gold":125,"neow_bonus":"THREE_ENEMY_KILL","is_prod":false,"is_daily":false,"chose_seed":false,"campfire_upgraded":1,"win_rate":0,"timestamp":1564679949,"path_taken":["M","?","?","M","?","R","E","M","T","E","M","M"],"build_version":"2019-07-17","purchased_purges":0,"victory":false,"max_hp_per_floor":[66,66,66,66,66,66,73,73,73,73,73,73],"card_choices":[{"not_picked":["Quick Slash","Poisoned Stab"],"picked":"Acrobatics","floor":1.0},{"not_picked":["Choke","Dodge and Roll"],"picked":"Backflip","floor":4.0},{"not_picked":["Deflect","Flying Knee"],"picked":"Dagger Throw","floor":7.0},{"not_picked":["Blade Dance","Dodge and Roll"],"picked":"Underhanded Strike","floor":8.0},{"not_picked":["Flying Knee","Quick Slash"],"picked":"Deadly Poison","floor":10.0},{"not_picked":["Predator","Endless Agony"],"picked":"Dodge and Roll","floor":11}],"player_experience":598199,"relics_obtained":[{"floor":7.0,"key":"Strawberry"},{"floor":9.0,"key":"Bottled Lightning"},{"floor":10.0,"key":"Orichalcum"}],"event_choices":[{"cards_removed":["Strike_G"],"damage_healed":0.0,"max_hp_gain":0.0,"max_hp_loss":0.0,"gold_gain":0.0,"event_name":"The Cleric","player_choice":"Card Removal","floor":2.0,"gold_loss":75.0,"damage_taken":0.0},{"cards_removed":["Strike_G"],"damage_healed":0.0,"max_hp_gain":0.0,"max_hp_loss":0.0,"gold_gain":0.0,"event_name":"Golden Wing","player_choice":"Card Removal","floor":3.0,"gold_loss":0.0,"damage_taken":7.0},{"damage_healed":0.0,"max_hp_gain":0.0,"max_hp_loss":0.0,"gold_gain":0.0,"cards_transformed":["Strike_G"],"event_name":"Living Wall","player_choice":"Change","floor":5.0,"gold_loss":0.0,"damage_taken":0.0,"cards_obtained":["Catalyst"]}],"is_beta":false,"boss_relics":[],"items_purged_floors":[],"is_endless":false,"potions_floor_spawned":[4,8],"killed_by":"3 Louse","ascension_level":18}