{"gold_per_floor":[117,192,117,40,52,84,99,118,142,142,142,17,57,76,76,165,228,251,275,115,115],"floor_reached":21,"playtime":1032,"items_purged":["Strike_G"],"score":428,"play_id":"e97b35d8-c185-47e6-b65f-7e0bfb889a0c","local_time":"20190805131606","is_ascension_mode":true,"campfire_choices":[{"data":"Footwork","floor":10.0,"key":"SMITH"},{"floor":15.0,"key":"REST"}],"neow_cost":"NONE","seed_source_timestamp":1053732260248607,"circlet_count":0,"master_deck":["AscendersBane","Strike_G","Strike_G","Strike_G+1","Defend_G","Defend_G","Defend_G","Defend_G","Defend_G","Survivor","Neutralize","Terror+1","Footwork+1","Heel Hook","Dagger Spray+1","Sucker Punch","Well Laid Plans","Bane","Bouncing Flask","Deadly Poison","Bullet Time","All Out Attack","Flying Knee+1","Outmaneuver","Poisoned Stab","Dagger Spray"],"special_seed":0,"relics":["Ring of the Snake","NeowsBlessing","Bag of Marbles","Snake Skull","Golden Idol","Whetstone","Tiny House"],"potions_floor_usage":[19],"damage_taken":[{"damage":0.0,"enemies":"Cultist","floor":1.0,"turns":1.0},{"damage":0.0,"enemies":"Small Slimes","floor":5.0,"turns":1.0},{"damage":0.0,"enemies":"3 Sentries","floor":6.0,"turns":2.0},{"damage":4.0,"enemies":"Jaw Worm","floor":7.0,"turns":3.0},{"damage":2.0,"enemies":"3 Louse","floor":8.0,"turns":4.0},{"damage":20.0,"enemies":"Gremlin Nob","floor":13.0,"turns":4.0},{"damage":1.0,"enemies":"Blue Slaver","floor":14.0,"turns":4.0},{"damage":26.0,"enemies":"The Guardian","floor":16.0,"turns":10.0},{"damage":11,"enemies":"Spheric Guardian","floor":18,"turns":3},{"damage":25,"enemies":"3 Byrds","floor":19,"turns":6},{"damage":18,"enemies":"Snecko","floor":21,"turns":2}],"seed_played":"-2183683774376291215","potions_obtained":[{"floor":1.0,"key":"Energy Potion"},{"floor":8.0,"key":"SpeedPotion"},{"floor":14.0,"key":"Weak Potion"},{"floor":17.0,"key":"GhostInAJar"}],"is_trial":false,"path_per_floor":["M","?","?","$","M","E","M","M","T","R","?","$","E","M","R","B",null,"M","M","$","M"],"character_chosen":"THE_SILENT","items_purchased":["Footwork","Well Laid Plans","Bane","Poisoned Stab","Dagger Spray"],"campfire_rested":1,"item_purchase_floors":[4,12,12,20,20],"current_hp_per_floor":[59,48,48,48,48,48,44,42,42,42,42,42,22,21,39,13,53,42,17,17,0],"gold":115,"neow_bonus":"THREE_ENEMY_KILL","is_prod":false,"is_daily":false,"chose_seed":false,"campfire_upgraded":1,"win_rate":0,"timestamp":1565036166,"path_taken":["M","?","?","$","M","E","M","M","T","R","?","$","E","M","R","BOSS","M","M","$","M"],"build_version":"2019-07-17","purchased_purges":1,"victory":false,"max_hp_per_floor":[66,66,66,66,66,66,66,66,66,66,60,60,60,60,60,60,65,65,65,65,65],"card_choices":[{"not_picked":["Escape Plan","Eviscerate"],"picked":"Terror","floor":1.0},{"not_picked":["Accuracy","Quick Slash"],"picked":"Heel Hook","floor":5.0},{"not_picked":["PiercingWail","Blade Dance"],"picked":"Dagger Spray","floor":6.0},{"not_picked":["Outmaneuver","Escape Plan"],"picked":"Sucker Punch","floor":7.0},{"not_picked":["Underhanded Strike","Expertise","Backstab"],"picked":"SKIP","floor":8.0},{"not_picked":["Die Die Die","Riddle With Holes"],"picked":"Bouncing Flask","floor":13.0},{"not_picked":["Dagger Throw","Bane"],"picked":"Deadly Poison","floor":14.0},{"not_picked":["Doppelganger","Adrenaline"],"picked":"Bullet Time","floor":16.0},{"not_picked":["Choke","Accuracy"],"picked":"All Out Attack","floor":17.0},{"not_picked":["Sucker Punch","Quick Slash+1"],"picked":"Flying Knee+1","floor":18},{"not_picked":["Cloak And Dagger","Backflip"],"picked":"Outmaneuver","floor":19}],"player_experience":649498,"relics_obtained":[{"floor":6.0,"key":"Bag of Marbles"},{"floor":9.0,"key":"Snake Skull"},{"floor":13.0,"key":"Whetstone"}],"event_choices":[{"damage_healed":0.0,"max_hp_gain":0.0,"max_hp_loss":0.0,"gold_gain":75.0,"event_name":"World of Goop","player_choice":"Gather Gold","floor":2.0,"gold_loss":0.0,"damage_taken":11.0},{"cards_removed":["Strike_G"],"damage_healed":0.0,"max_hp_gain":0.0,"max_hp_loss":0.0,"gold_gain":0.0,"event_name":"The Cleric","player_choice":"Card Removal","floor":3.0,"gold_loss":75.0,"damage_taken":0.0},{"damage_healed":0.0,"max_hp_gain":0.0,"max_hp_loss":6.0,"gold_gain":0.0,"event_name":"Golden Idol","player_choice":"Lose Max HP","floor":11.0,"gold_loss":0.0,"damage_taken":0.0,"relics_obtained":["Golden Idol"]}],"is_beta":false,"boss_relics":[{"not_picked":["Velvet Choker","Busted Crown"],"picked":"Tiny House"}],"items_purged_floors":[20],"is_endless":false,"potions_floor_spawned":[1,8,14],"killed_by":"Snecko","ascension_level":20}