{"gold_per_floor":[109,109,124,141,91,91,102,102,102,102,115,127,149,4,4,101,101,112,12,12,372,372],"floor_reached":22,"playtime":1073,"items_purged":["Normality","Zap"],"score":191,"play_id":"6bb338ab-4315-4876-b1f5-ea697c7918a1","local_time":"20180816145735","is_ascension_mode":true,"campfire_choices":[{"data":"1","floor":6,"key":"LIFT"},{"data":"2","floor":8,"key":"LIFT"},{"data":"3","floor":10,"key":"LIFT"},{"data":"Double Energy","floor":15,"key":"SMITH"}],"neow_cost":"","seed_source_timestamp":480915372875909,"circlet_count":0,"master_deck":["Strike_B","Strike_B","Strike_B","Defend_B","Defend_B","Defend_B","Defend_B","Dualcast","Rebound","Coolheaded","Ball Lightning","Beam Cell","Beam Cell","Sunder","Gash","Double Energy+1","Hyperbeam","Skim","Coolheaded","Recycle","Sunder","Seek"],"relics":["Cracked Core","Girya","Bird Faced Urn","Odd Mushroom","Orrery","Nilry\u0027s Codex"],"potions_floor_usage":[13,13,16,16],"damage_taken":[{"damage":1,"enemies":"2 Louse","floor":1,"turns":2},{"damage":1,"enemies":"Cultist","floor":3,"turns":3},{"damage":7,"enemies":"Small Slimes","floor":4,"turns":3},{"damage":9,"enemies":"Red Slaver","floor":7,"turns":2},{"damage":17,"enemies":"Exordium Wildlife","floor":11,"turns":4},{"damage":1,"enemies":"2 Fungi Beasts","floor":12,"turns":2},{"damage":2,"floor":13,"turns":2},{"damage":32,"enemies":"The Guardian","floor":16,"turns":8},{"damage":4,"enemies":"Spheric Guardian","floor":18,"turns":3},{"damage":20,"enemies":"Shell Parasite","floor":22,"turns":2}],"seed_played":"3531987089537555643","potions_obtained":[{"floor":7,"key":"GamblersBrew"},{"floor":11,"key":"PowerPotion"},{"floor":12,"key":"Swift Potion"},{"floor":13,"key":"PowerPotion"}],"is_trial":false,"path_per_floor":["M","?","M","M","?","R","M","R","T","R","M","M","?","$","R","B",null,"M","$","?","?"],"character_chosen":"DEFECT","items_purchased":["Double Energy"],"campfire_rested":0,"item_purchase_floors":[14],"current_hp_per_floor":[74,74,73,66,66,66,57,57,57,57,40,39,39,39,39,9,75,71,71,55,20,0],"gold":372,"neow_bonus":"","is_prod":false,"is_daily":false,"chose_seed":false,"campfire_upgraded":1,"win_rate":0,"timestamp":1534424255,"path_taken":["M","?","M","?","?","R","M","R","T","R","?","M","?","$","R","BOSS","M","$","?","?","M"],"build_version":"2018-08-09","purchased_purges":2,"victory":false,"max_hp_per_floor":[75,75,75,75,75,75,75,75,75,75,75,75,75,75,75,75,75,75,75,75,75,75],"card_choices":[{"not_picked":["Hologram","Compile Driver"],"picked":"Rebound","floor":1},{"not_picked":["Blizzard","Hologram"],"picked":"Coolheaded","floor":3},{"not_picked":["Streamline","BootSequence"],"picked":"Ball Lightning","floor":4},{"not_picked":["Coolheaded","Auto Shields"],"picked":"Beam Cell","floor":7},{"not_picked":["Lockon","Compile Driver"],"picked":"Beam Cell","floor":11},{"not_picked":["Aggregate","Consume"],"picked":"Sunder","floor":12},{"not_picked":["Chill","Self Repair"],"picked":"Gash","floor":13},{"not_picked":["Fission","Electrodynamics"],"picked":"Hyperbeam","floor":16},{"not_picked":["Redo","Cold Snap"],"picked":"Skim","floor":17},{"not_picked":["Redo","Ball Lightning"],"picked":"Coolheaded","floor":17},{"not_picked":["Cold Snap","Stack"],"picked":"Recycle","floor":17},{"not_picked":["Capacitor","Redo"],"picked":"Sunder","floor":17},{"not_picked":["Darkness","Coolheaded"],"picked":"Seek","floor":18}],"player_experience":330591,"relics_obtained":[{"floor":9,"key":"Bird Faced Urn"},{"floor":13,"key":"Odd Mushroom"},{"floor":20,"key":"Nilry\u0027s Codex"}],"event_choices":[{"event_name":"Accursed Blacksmith","player_choice":"Rummage","floor":2,"damage_taken":0},{"event_name":"The Cleric","player_choice":"Card Removal","floor":5,"damage_taken":0},{"event_name":"Mushrooms","player_choice":"Fought Mushrooms","floor":13,"damage_taken":0},{"event_name":"Cursed Tome","player_choice":"Obtained Book","floor":20,"damage_taken":0},{"event_name":"Knowing Skull","player_choice":"GOLD GOLD GOLD GOLD ","floor":21,"damage_taken":0}],"is_beta":false,"boss_relics":[{"not_picked":["FrozenCore","Busted Crown"],"picked":"Orrery"}],"items_purged_floors":[14,19],"is_endless":false,"potions_floor_spawned":[7,11,12,13],"killed_by":"Shell Parasite","ascension_level":2}