{"gold_per_floor":[360,16,28,28,28,28,28,40,65,81,109,109],"floor_reached":12,"playtime":492,"items_purged":[],"score":156,"play_id":"e1075a76-373f-4fb6-8288-e8824acf5e8e","local_time":"20190818175741","is_ascension_mode":true,"campfire_choices":[{"floor":6,"key":"REST"}],"neow_cost":"CURSE","seed_source_timestamp":456219477600,"circlet_count":0,"master_deck":["AscendersBane","Strike_B","Strike_B+1","Strike_B","Strike_B","Defend_B","Defend_B","Defend_B","Defend_B","Zap+1","Dualcast","Doubt","Compile Driver","Rebound","Melter","Self Repair","Coolheaded","Hologram"],"relics":["Cracked Core","Emotion Chip","Bag of Marbles","GremlinMask","Art of War","Centennial Puzzle"],"potions_floor_usage":[11],"damage_taken":[{"damage":2,"enemies":"Cultist","floor":1,"turns":4},{"damage":8,"enemies":"Small Slimes","floor":3,"turns":3},{"damage":12,"enemies":"Jaw Worm","floor":8,"turns":2},{"damage":6,"enemies":"Blue Slaver","floor":10,"turns":3},{"damage":14,"enemies":"Lagavulin","floor":11,"turns":6},{"damage":18,"enemies":"Large Slime","floor":12,"turns":1}],"seed_played":"7395617705272493743","potions_obtained":[{"floor":10,"key":"Fire Potion"},{"floor":11,"key":"AttackPotion"}],"is_trial":false,"path_per_floor":["M","$","M","?","?","R","?","M","T","M","E","M"],"character_chosen":"DEFECT","items_purchased":["Emotion Chip","Rebound"],"campfire_rested":1,"item_purchase_floors":[2,2],"current_hp_per_floor":[62,62,54,36,15,36,36,24,24,25,18,0],"gold":109,"neow_bonus":"TWO_FIFTY_GOLD","is_prod":false,"is_daily":false,"chose_seed":false,"campfire_upgraded":0,"win_rate":0,"timestamp":1566143861,"path_taken":["M","$","M","?","?","R","?","?","T","M","E","M"],"build_version":"2019-07-17","purchased_purges":0,"victory":false,"max_hp_per_floor":[71,71,71,71,71,71,71,71,71,71,71,71],"card_choices":[{"not_picked":["Aggregate","Self Repair"],"picked":"Compile Driver","floor":1},{"not_picked":["Streamline","Compile Driver"],"picked":"Melter","floor":3},{"not_picked":["Reprogram","Rip and Tear"],"picked":"Self Repair","floor":8},{"not_picked":["Force Field","Rebound"],"picked":"Coolheaded","floor":10},{"not_picked":["Stack","Rebound"],"picked":"Hologram","floor":11}],"player_experience":1507685,"relics_obtained":[{"floor":9,"key":"Art of War"},{"floor":11,"key":"Centennial Puzzle"}],"event_choices":[{"damage_healed":0,"gold_gain":0,"player_choice":"Success","damage_taken":18,"relics_obtained":["Bag of Marbles"],"max_hp_gain":0,"max_hp_loss":0,"event_name":"Scrap Ooze","floor":4,"gold_loss":0},{"damage_healed":0,"gold_gain":0,"player_choice":"Entered Light","damage_taken":21,"max_hp_gain":0,"max_hp_loss":0,"event_name":"Shining Light","floor":5,"gold_loss":0,"cards_upgraded":["Zap","Strike_B"]},{"damage_healed":0,"gold_gain":0,"player_choice":"Trade","damage_taken":0,"relics_obtained":["GremlinMask"],"max_hp_gain":0,"max_hp_loss":0,"event_name":"FaceTrader","floor":7,"gold_loss":0}],"is_beta":false,"boss_relics":[],"items_purged_floors":[],"is_endless":false,"potions_floor_spawned":[10,11],"killed_by":"Large Slime","ascension_level":20}