{"gold_per_floor":[111,130,130,130,140,169,169,185,185,195,195,225,225,11,11,11],"floor_reached":16,"playtime":1528,"items_purged":["Regret"],"score":121,"play_id":"d94e4c3a-59ae-4d40-b435-296c3addd0bd","local_time":"20180813212946","is_ascension_mode":true,"campfire_choices":[{"floor":7,"key":"REST"},{"floor":13,"key":"REST"},{"data":"1","floor":15,"key":"LIFT"}],"neow_cost":"NONE","seed_source_timestamp":244777581117415,"circlet_count":0,"master_deck":["Defend_G","Defend_G","Defend_G","Defend_G","Defend_G","Strike_G","Strike_G","Strike_G","Survivor","Neutralize","Flying Knee","Backflip","Blade Dance","Noxious Fumes","Blade Dance","Backflip","Storm of Steel","Expertise"],"relics":["Ring of the Snake","Gambling Chip","Unceasing Top","Du-Vu Doll","Girya","The Courier","ClockworkSouvenir"],"potions_floor_usage":[6,16],"damage_taken":[{"damage":0,"enemies":"2 Louse","floor":1,"turns":3},{"damage":0,"enemies":"Jaw Worm","floor":2,"turns":4},{"damage":0,"enemies":"Small Slimes","floor":5,"turns":4},{"damage":50,"enemies":"3 Sentries","floor":6,"turns":14},{"damage":5,"enemies":"Blue Slaver","floor":8,"turns":4},{"damage":1,"enemies":"2 Fungi Beasts","floor":10,"turns":3},{"damage":26,"enemies":"Gremlin Nob","floor":12,"turns":4},{"damage":42,"enemies":"The Guardian","floor":16,"turns":8}],"seed_played":"3031683384398721359","potions_obtained":[{"floor":5,"key":"Regen Potion"},{"floor":12,"key":"Fruit Juice"}],"is_trial":false,"path_per_floor":["M","M","?","?","M","E","R","M","T","M","?","E","R","$","R"],"character_chosen":"THE_SILENT","items_purchased":["ClockworkSouvenir"],"campfire_rested":2,"item_purchase_floors":[14],"current_hp_per_floor":[70,70,70,58,58,23,44,39,39,38,38,12,33,33,33,0],"gold":11,"neow_bonus":"REMOVE_CARD","is_prod":false,"is_daily":false,"chose_seed":false,"campfire_upgraded":0,"win_rate":0,"timestamp":1534188586,"path_taken":["M","M","?","?","M","E","R","M","T","M","?","E","R","$","R","BOSS"],"build_version":"2018-08-09","purchased_purges":1,"victory":false,"max_hp_per_floor":[70,70,70,70,70,70,70,70,70,70,70,70,70,70,70,75],"card_choices":[{"not_picked":["Flechettes","Distraction"],"picked":"Flying Knee","floor":1},{"not_picked":["Prepared","Reflex"],"picked":"Backflip","floor":2},{"not_picked":["Catalyst","Quick Slash"],"picked":"Blade Dance","floor":5},{"not_picked":["Bane","Dodge and Roll"],"picked":"Noxious Fumes","floor":6},{"not_picked":["Backstab","Eviscerate"],"picked":"Blade Dance","floor":8},{"not_picked":["Calculated Gamble","Prepared"],"picked":"Backflip","floor":10},{"not_picked":["Flying Knee","Deadly Poison"],"picked":"Expertise","floor":12}],"player_experience":308118,"relics_obtained":[{"floor":6,"key":"Du-Vu Doll"},{"floor":9,"key":"Girya"},{"floor":12,"key":"The Courier"}],"event_choices":[{"event_name":"Big Fish","player_choice":"Box","floor":3,"damage_taken":0},{"event_name":"Scrap Ooze","player_choice":"success","floor":4,"damage_taken":12},{"event_name":"Living Wall","player_choice":"Change","floor":11,"damage_taken":0}],"is_beta":false,"boss_relics":[],"items_purged_floors":[14],"is_endless":false,"potions_floor_spawned":[5,12],"killed_by":"The Guardian","ascension_level":2}