{"gold_per_floor":[110,16,16,31,43,43,74,85,153,103,116,116,116,143,143,246,246,264,317,347,359,61,93,93,93,93,110,140,140,158,174,174,174],"floor_reached":33,"playtime":1963,"items_purged":[],"score":468,"play_id":"1e2adc6e-bb9a-45b3-969f-752e1d7e2ec7","local_time":"20190724130401","is_ascension_mode":true,"campfire_choices":[{"data":"Noxious Fumes","floor":6.0,"key":"SMITH"},{"data":"Footwork","floor":12.0,"key":"SMITH"},{"floor":15.0,"key":"REST"},{"floor":25.0,"key":"REST"},{"floor":29.0,"key":"REST"},{"floor":32.0,"key":"REST"}],"neow_cost":"NONE","seed_source_timestamp":15236806176692,"circlet_count":0,"master_deck":["AscendersBane","Strike_G+1","Strike_G+1","Strike_G+1","Defend_G+1","Defend_G+1","Defend_G+1","Defend_G+1","Defend_G+1","Survivor","Neutralize","Masterful Stab","Noxious Fumes+1","Deadly Poison","Slice","Flying Knee","Dagger Spray","Footwork+1","Deflect","PiercingWail","Backflip","Underhanded Strike","Envenom+1","Outmaneuver+1","Bane+1","Adrenaline","Deflect","Wraith Form v2+1","Terror","Madness","Bane","Neutralize","Deflect+1","Bane+1","Well Laid Plans+1","Footwork+1","Masterful Stab","Dodge and Roll+1","PiercingWail"],"special_seed":0,"relics":["Ring of the Snake","NeowsBlessing","Bird Faced Urn","Frozen Egg 2","Pear","Dream Catcher","Black Star","MawBank","Pen Nib","Art of War","Girya","Gremlin Horn","Bottled Flame"],"potions_floor_usage":[33],"damage_taken":[{"damage":0.0,"enemies":"Cultist","floor":1.0,"turns":1.0},{"damage":0.0,"enemies":"2 Louse","floor":4.0,"turns":1.0},{"damage":0.0,"enemies":"Jaw Worm","floor":5.0,"turns":1.0},{"damage":33.0,"enemies":"Lagavulin","floor":7.0,"turns":6.0},{"damage":7.0,"enemies":"Red Slaver","floor":8.0,"turns":5.0},{"damage":0.0,"enemies":"2 Fungi Beasts","floor":11.0,"turns":3.0},{"damage":5.0,"enemies":"3 Sentries","floor":14.0,"turns":7.0},{"damage":35.0,"enemies":"The Guardian","floor":16.0,"turns":11.0},{"damage":15.0,"enemies":"Shell Parasite","floor":18.0,"turns":7.0},{"damage":12.0,"enemies":"Chosen","floor":20.0,"turns":5.0},{"damage":45.0,"enemies":"Gremlin Leader","floor":23.0,"turns":7.0},{"damage":33.0,"enemies":"Snake Plant","floor":27.0,"turns":5.0},{"damage":4.0,"enemies":"Slavers","floor":28.0,"turns":6.0},{"damage":20.0,"enemies":"Cultist and Chosen","floor":30.0,"turns":7.0},{"damage":14.0,"enemies":"Snecko","floor":31.0,"turns":5.0},{"damage":54,"enemies":"Collector","floor":33,"turns":5}],"seed_played":"-6446689035956101457","potions_obtained":[{"floor":4.0,"key":"Swift Potion"},{"floor":7.0,"key":"Block Potion"},{"floor":11.0,"key":"Fire Potion"},{"floor":16.0,"key":"Explosive Potion"},{"floor":27.0,"key":"GhostInAJar"},{"floor":31.0,"key":"PowerPotion"}],"is_trial":false,"path_per_floor":["M","$","?","M","M","R","E","M","T","?","M","R","T","E","R","B",null,"M","T","M","?","$","E","?","R","T","M","E","R","M","M","R","B"],"character_chosen":"THE_SILENT","items_purchased":["Noxious Fumes","Deadly Poison","Adrenaline","Deflect","Wraith Form v2+1"],"campfire_rested":4,"item_purchase_floors":[2,2,22,22,22],"current_hp_per_floor":[63,63,63,63,63,63,30,27,27,27,29,29,39,38,62,31,68,59,59,53,53,53,14,14,38,38,11,11,35,25,19,43,0],"gold":174,"neow_bonus":"THREE_ENEMY_KILL","is_prod":false,"is_daily":false,"chose_seed":false,"campfire_upgraded":2,"win_rate":0,"timestamp":1563998641,"path_taken":["M","$","?","?","M","R","E","M","T","?","M","R","?","E","R","BOSS","M","?","M","?","$","E","?","R","T","?","E","R","M","M","R","BOSS"],"build_version":"2019-07-17","purchased_purges":0,"victory":false,"max_hp_per_floor":[70,70,70,70,70,70,70,70,70,70,70,70,80,80,80,80,80,80,80,80,80,80,80,80,80,80,80,80,80,80,80,80,80],"card_choices":[{"not_picked":["Deadly Poison","Underhanded Strike"],"picked":"Masterful Stab","floor":1.0},{"not_picked":["Deflect","Choke"],"picked":"Flying Knee","floor":4.0},{"not_picked":["Dagger Throw","Flying Knee"],"picked":"Dagger Spray","floor":5.0},{"not_picked":["Reflex","Wraith Form v2"],"picked":"Footwork","floor":7.0},{"not_picked":["Prepared","Cloak And Dagger"],"picked":"Deflect","floor":8.0},{"not_picked":["Infinite Blades+1","Backflip"],"picked":"PiercingWail","floor":11.0},{"not_picked":["Blade Dance","Masterful Stab"],"picked":"Backflip","floor":14.0},{"not_picked":["Setup","Storm of Steel"],"picked":"Underhanded Strike","floor":15.0},{"not_picked":["Glass Knife","Doppelganger"],"picked":"Envenom+1","floor":16.0},{"not_picked":["Catalyst","Poisoned Stab"],"picked":"Outmaneuver+1","floor":18.0},{"not_picked":["Blade Dance","Acrobatics"],"picked":"Bane+1","floor":20.0},{"not_picked":["Slice","Grand Finale"],"picked":"Terror","floor":23.0},{"not_picked":["Backflip","Choke"],"picked":"Deflect+1","floor":25.0},{"not_picked":["Dagger Throw+1","Sucker Punch"],"picked":"Bane+1","floor":27.0},{"not_picked":["Blade Dance","Well Laid Plans+1","Riddle With Holes"],"picked":"SKIP","floor":28.0},{"not_picked":["Blade Dance","Riddle With Holes"],"picked":"Well Laid Plans+1","floor":28.0},{"not_picked":["Backflip","Acrobatics+1"],"picked":"Footwork+1","floor":29.0},{"not_picked":["Dagger Spray+1","Burst"],"picked":"Masterful Stab","floor":30.0},{"not_picked":["Sucker Punch","Dagger Spray+1"],"picked":"Dodge and Roll+1","floor":31.0},{"not_picked":["Flying Knee","Quick Slash+1"],"picked":"PiercingWail","floor":32.0}],"player_experience":458118,"relics_obtained":[{"floor":7.0,"key":"Bird Faced Urn"},{"floor":9.0,"key":"Frozen Egg 2"},{"floor":13.0,"key":"Pear"},{"floor":14.0,"key":"Dream Catcher"},{"floor":19.0,"key":"MawBank"},{"floor":23.0,"key":"Pen Nib"},{"floor":23.0,"key":"Art of War"},{"floor":26.0,"key":"Girya"},{"floor":28.0,"key":"Gremlin Horn"},{"floor":28.0,"key":"Bottled Flame"}],"event_choices":[{"damage_healed":0.0,"max_hp_gain":0.0,"max_hp_loss":0.0,"gold_gain":0.0,"cards_transformed":["Strike_G"],"event_name":"Transmorgrifier","player_choice":"Transformed","floor":3.0,"gold_loss":0.0,"damage_taken":0.0,"cards_obtained":["Slice"]},{"cards_removed":["Strike_G"],"damage_healed":0.0,"max_hp_gain":0.0,"max_hp_loss":0.0,"gold_gain":0.0,"event_name":"The Cleric","player_choice":"Card Removal","floor":10.0,"gold_loss":50.0,"damage_taken":0.0},{"damage_healed":0.0,"max_hp_gain":0.0,"max_hp_loss":0.0,"gold_gain":0.0,"event_name":"Back to Basics","player_choice":"Simplicity","floor":21.0,"gold_loss":0.0,"damage_taken":0.0,"cards_upgraded":["Strike_G","Strike_G","Strike_G","Defend_G","Defend_G","Defend_G","Defend_G","Defend_G"]},{"damage_healed":0.0,"max_hp_gain":0.0,"max_hp_loss":0.0,"gold_gain":0.0,"event_name":"Match and Keep!","player_choice":"3 cards matched","floor":24.0,"gold_loss":0.0,"damage_taken":0.0,"cards_obtained":["Madness","Bane","Neutralize"]}],"is_beta":false,"boss_relics":[{"not_picked":["Busted Crown","Orrery"],"picked":"Black Star"}],"items_purged_floors":[],"is_endless":false,"potions_floor_spawned":[4,7,11,16,27,31],"killed_by":"Collector","ascension_level":10}