{"gold_per_floor":[116,130,140,35,35,35,63,73,73,100,100,100,120,120],"floor_reached":14,"playtime":839,"items_purged":[],"score":160,"play_id":"45d315c7-65cf-4d24-80fb-97ab99582b33","local_time":"20190718084507","is_ascension_mode":true,"campfire_choices":[{"data":"Terror","floor":6,"key":"SMITH"}],"neow_cost":"NONE","seed_source_timestamp":500004464794850,"circlet_count":0,"master_deck":["Strike_G","Strike_G","Strike_G","Strike_G","Strike_G","Defend_G","Defend_G","Defend_G","Defend_G","Defend_G","Survivor","Neutralize","Sucker Punch","Caltrops","Acrobatics+1","Footwork","Terror+1","Flying Knee","Burst","Outmaneuver","Predator"],"relics":["Ring of the Snake","Bronze Scales","Oddly Smooth Stone","Frozen Egg 2","Nunchaku"],"potions_floor_usage":[7,12],"damage_taken":[{"damage":0,"enemies":"2 Louse","floor":1,"turns":2},{"damage":0,"enemies":"Cultist","floor":2,"turns":5},{"damage":0,"enemies":"Jaw Worm","floor":3,"turns":5},{"damage":24,"enemies":"3 Sentries","floor":7,"turns":10},{"damage":12,"enemies":"Gremlin Gang","floor":8,"turns":4},{"damage":28,"enemies":"Gremlin Nob","floor":10,"turns":5},{"damage":0,"enemies":"3 Sentries","floor":12,"turns":2},{"damage":4,"enemies":"Red Slaver","floor":13,"turns":5},{"damage":7,"enemies":"3 Louse","floor":14,"turns":1}],"seed_played":"7673159873016199692","potions_obtained":[{"floor":2,"key":"Dexterity Potion"},{"floor":8,"key":"SmokeBomb"}],"is_trial":false,"path_per_floor":["M","M","M","$","?","R","E","M","T","E","?","E","M","M"],"character_chosen":"THE_SILENT","items_purchased":["Footwork","Terror"],"campfire_rested":0,"item_purchase_floors":[4,4],"current_hp_per_floor":[63,63,63,63,70,70,46,34,34,6,6,6,2,0],"gold":120,"neow_bonus":"RANDOM_COMMON_RELIC","is_prod":false,"is_daily":false,"chose_seed":false,"campfire_upgraded":1,"win_rate":0,"timestamp":1563464707,"path_taken":["M","M","M","$","?","R","E","M","T","E","?","E","?","M"],"build_version":"2019-07-17","purchased_purges":0,"victory":false,"max_hp_per_floor":[70,70,70,70,70,70,70,70,70,70,70,70,70,70],"card_choices":[{"not_picked":["Prepared","Deflect"],"picked":"Sucker Punch","floor":1},{"not_picked":["PiercingWail","Backflip"],"picked":"Caltrops","floor":2},{"not_picked":["Prepared","Deadly Poison"],"picked":"Acrobatics","floor":3},{"not_picked":["Dodge and Roll","Poisoned Stab"],"picked":"Flying Knee","floor":7},{"not_picked":["Blade Dance","Skewer"],"picked":"Burst","floor":8},{"not_picked":["Quick Slash","Escape Plan"],"picked":"Outmaneuver","floor":10},{"not_picked":["Choke","Sucker Punch"],"picked":"Predator","floor":13}],"player_experience":343718,"relics_obtained":[{"floor":7,"key":"Oddly Smooth Stone"},{"floor":9,"key":"Frozen Egg 2"},{"floor":10,"key":"Nunchaku"}],"event_choices":[{"damage_healed":23,"gold_gain":0,"player_choice":"Banana","damage_taken":0,"max_hp_gain":0,"max_hp_loss":0,"event_name":"Big Fish","floor":5,"gold_loss":0},{"damage_healed":0,"gold_gain":0,"player_choice":"Upgraded","damage_taken":0,"max_hp_gain":0,"max_hp_loss":0,"event_name":"Upgrade Shrine","floor":11,"gold_loss":0,"cards_upgraded":["Acrobatics"]}],"is_beta":false,"boss_relics":[],"items_purged_floors":[],"is_endless":false,"potions_floor_spawned":[2,8],"killed_by":"3 Louse","ascension_level":9}