{"gold_per_floor":[118,131,147,3,15,15,49,109,109,109,124,124,156,173,173,268,268,279,299,299,317,1,28,28,57,57,57,83,83,97,131,131,226,226,237,237,248,259,274,603,603,630,630,664,664,696,8,8,8,8],"floor_reached":51,"playtime":7008,"items_purged":["Strike_G"],"score":1482,"play_id":"ef386d47-76c4-479b-a441-def689ab8650","local_time":"20190719105118","is_ascension_mode":true,"campfire_choices":[{"data":"Adrenaline","floor":6,"key":"SMITH"},{"data":"Acrobatics","floor":10,"key":"SMITH"},{"data":"Reflex","floor":12,"key":"SMITH"},{"data":"Outmaneuver","floor":15,"key":"SMITH"},{"data":"Well Laid Plans","floor":24,"key":"SMITH"},{"data":"A Thousand Cuts","floor":27,"key":"SMITH"},{"data":"Tools of the Trade","floor":29,"key":"SMITH"},{"data":"PiercingWail","floor":32,"key":"SMITH"},{"data":"Caltrops","floor":41,"key":"SMITH"},{"data":"Dash","floor":45,"key":"SMITH"},{"data":"Strike_G","floor":49,"key":"PURGE"}],"neow_cost":"NONE","seed_source_timestamp":587793187592016,"circlet_count":0,"master_deck":["Strike_G","Strike_G","Defend_G+1","Defend_G+1","Defend_G","Defend_G","Defend_G","Survivor","Neutralize","Adrenaline+1","Outmaneuver+1","Sucker Punch","Masterful Stab","Backflip","Caltrops+1","Quick Slash","Flying Knee","Escape Plan","Acrobatics+1","Reflex+1","Dash+1","Well Laid Plans+1","Tools of the Trade+1","Crippling Poison+1","PiercingWail+1","Finisher","A Thousand Cuts+1","Expertise+1","Blur+1","Acrobatics+1","Tactician+1","Backflip+1","Prepared+1","Burst+1","Concentrate+1","Tactician+1","Dodge and Roll+1","PiercingWail+1","Sucker Punch+1","Expertise+1","Distraction+1","Reflex+1","Tactician+1","Deflect+1","Violence+1","Prepared+1"],"relics":["Ring of the Snake","WingedGreaves","The Courier","Mummified Hand","Bottled Flame","Coffee Dripper","MutagenicStrength","Toxic Egg 2","Blood Vial","Gremlin Horn","Sundial","Bronze Scales","Thread and Needle","Black Star","Centennial Puzzle","Old Coin","Strawberry","Regal Pillow","Kunai","Peace Pipe","Omamori","Dream Catcher","Art of War","Bag of Marbles","Strange Spoon","War Paint"],"potions_floor_usage":[8,8,13,16,21,23,31,31,39,50],"damage_taken":[{"damage":0,"enemies":"Cultist","floor":1,"turns":4},{"damage":0,"enemies":"2 Louse","floor":2,"turns":5},{"damage":0,"enemies":"Small Slimes","floor":3,"turns":3},{"damage":1,"enemies":"Red Slaver","floor":5,"turns":4},{"damage":30,"enemies":"3 Sentries","floor":7,"turns":9},{"damage":2,"enemies":"3 Sentries","floor":8,"turns":6},{"damage":0,"enemies":"Exordium Wildlife","floor":11,"turns":4},{"damage":2,"enemies":"Gremlin Nob","floor":13,"turns":3},{"damage":0,"enemies":"2 Fungi Beasts","floor":14,"turns":3},{"damage":34,"enemies":"The Guardian","floor":16,"turns":14},{"damage":0,"enemies":"3 Byrds","floor":18,"turns":4},{"damage":0,"enemies":"Spheric Guardian","floor":19,"turns":3},{"damage":6,"enemies":"Shelled Parasite and Fungi","floor":21,"turns":5},{"damage":11,"enemies":"Slavers","floor":23,"turns":5},{"damage":5,"enemies":"Gremlin Leader","floor":25,"turns":6},{"damage":5,"enemies":"Book of Stabbing","floor":28,"turns":7},{"damage":0,"enemies":"Centurion and Healer","floor":30,"turns":4},{"damage":10,"enemies":"Slavers","floor":31,"turns":5},{"damage":1,"enemies":"Champ","floor":33,"turns":14},{"damage":0,"enemies":"Orb Walker","floor":35,"turns":3},{"damage":2,"enemies":"3 Shapes","floor":37,"turns":2},{"damage":0,"enemies":"Sphere and 2 Shapes","floor":38,"turns":3},{"damage":5,"enemies":"Transient","floor":39,"turns":5},{"damage":0,"enemies":"Giant Head","floor":40,"turns":6},{"damage":13,"enemies":"Nemesis","floor":42,"turns":7},{"damage":0,"enemies":"Reptomancer","floor":44,"turns":5},{"damage":0,"enemies":"Giant Head","floor":46,"turns":7},{"damage":0,"enemies":"Donu and Deca","floor":50,"turns":9}],"seed_played":"-2353937113136502395","potions_obtained":[{"floor":2,"key":"Regen Potion"},{"floor":7,"key":"Explosive Potion"},{"floor":8,"key":"SteroidPotion"},{"floor":11,"key":"SkillPotion"},{"floor":18,"key":"Block Potion"},{"floor":21,"key":"SneckoOil"},{"floor":23,"key":"SkillPotion"},{"floor":30,"key":"Weak Potion"},{"floor":31,"key":"EssenceOfSteel"},{"floor":33,"key":"GhostInAJar"},{"floor":35,"key":"FairyPotion"},{"floor":38,"key":"Weak Potion"}],"is_trial":false,"path_per_floor":["M","M","M","$","M","R","E","?","T","R","M","R","E","M","R","B",null,"M","M","?","M","$","E","R","E","T","R","E","R","M","E","R","B",null,"M","?","M","M","M","E","R","E","T","E","R","E","$","?","R","B",null],"character_chosen":"THE_SILENT","items_purchased":["Backflip","Caltrops","Quick Slash","A Thousand Cuts","Toxic Egg 2","Expertise+1","Deflect+1","Violence+1","Prepared+1","Bag of Marbles","Strange Spoon","War Paint"],"campfire_rested":0,"item_purchase_floors":[4,4,4,22,22,22,47,47,47,47,47,47],"current_hp_per_floor":[63,63,63,63,62,62,32,45,45,45,45,45,43,43,43,9,55,55,55,55,49,49,38,38,35,35,35,32,32,34,26,26,27,59,61,61,61,63,60,62,62,58,58,60,60,62,62,62,62,64],"gold":8,"neow_bonus":"ONE_RANDOM_RARE_CARD","is_prod":false,"is_daily":false,"chose_seed":false,"campfire_upgraded":10,"win_rate":0,"timestamp":1563558678,"path_taken":["M","M","M","$","?","R","E","?","T","R","M","R","E","M","R","BOSS","M","M","?","M","$","E","R","E","T","R","E","R","M","E","R","BOSS","M","?","M","?","M","E","R","E","T","E","R","E","$","?","R","BOSS"],"build_version":"2019-07-17","purchased_purges":1,"victory":true,"max_hp_per_floor":[70,70,70,70,70,70,70,70,70,70,70,70,70,70,70,70,70,70,70,70,70,70,70,70,70,70,70,70,70,70,70,70,70,70,70,70,70,70,70,70,70,77,77,77,77,77,77,77,77,77],"card_choices":[{"not_picked":["Dagger Throw","Sucker Punch"],"picked":"Outmaneuver","floor":1},{"not_picked":["Bane","Underhanded Strike"],"picked":"Sucker Punch","floor":2},{"not_picked":["Reflex","Backstab"],"picked":"Masterful Stab","floor":3},{"not_picked":["Quick Slash","Outmaneuver"],"picked":"Flying Knee","floor":5},{"not_picked":["Slice","Grand Finale"],"picked":"Escape Plan","floor":7},{"not_picked":["Expertise","Eviscerate"],"picked":"Acrobatics","floor":8},{"not_picked":["Quick Slash","Cloak And Dagger"],"picked":"Reflex","floor":11},{"not_picked":["Dagger Spray","Deflect"],"picked":"Dash","floor":13},{"not_picked":["Cloak And Dagger","Dagger Spray"],"picked":"Well Laid Plans","floor":14},{"not_picked":["Doppelganger","Burst"],"picked":"Tools of the Trade","floor":16},{"not_picked":["Backflip","Distraction"],"picked":"Crippling Poison+1","floor":18},{"not_picked":["Bane","Cloak And Dagger"],"picked":"PiercingWail","floor":19},{"not_picked":["Reflex","Blade Dance"],"picked":"Finisher","floor":21},{"not_picked":["Endless Agony","Caltrops"],"picked":"Blur+1","floor":23},{"not_picked":["Escape Plan+1","Crippling Poison+1"],"picked":"Acrobatics+1","floor":25},{"not_picked":["Catalyst+1","Storm of Steel+1"],"picked":"Tactician+1","floor":28},{"not_picked":["Sucker Punch","Bane"],"picked":"Backflip+1","floor":30},{"not_picked":["Crippling Poison+1","Masterful Stab"],"picked":"Prepared+1","floor":31},{"not_picked":["Night Terror+1","Glass Knife"],"picked":"Burst+1","floor":33},{"not_picked":["Poisoned Stab+1","Well Laid Plans+1"],"picked":"Concentrate+1","floor":35},{"not_picked":["Noxious Fumes","Setup+1"],"picked":"Dodge and Roll+1","floor":37},{"not_picked":["Dodge and Roll+1","Outmaneuver+1"],"picked":"PiercingWail+1","floor":38},{"not_picked":["Catalyst+1","Poisoned Stab+1"],"picked":"Sucker Punch+1","floor":39},{"not_picked":["Catalyst+1","Sucker Punch+1"],"picked":"Expertise+1","floor":40},{"not_picked":["Unload","Dagger Spray+1"],"picked":"Distraction+1","floor":42},{"not_picked":["Expertise+1","Crippling Poison+1"],"picked":"Reflex+1","floor":44},{"not_picked":["Bouncing Flask+1","Endless Agony"],"picked":"Tactician+1","floor":46}],"player_experience":372401,"relics_obtained":[{"floor":7,"key":"WingedGreaves"},{"floor":9,"key":"Mummified Hand"},{"floor":13,"key":"Bottled Flame"},{"floor":23,"key":"Blood Vial"},{"floor":25,"key":"Gremlin Horn"},{"floor":26,"key":"Sundial"},{"floor":28,"key":"Bronze Scales"},{"floor":31,"key":"Thread and Needle"},{"floor":40,"key":"Centennial Puzzle"},{"floor":40,"key":"Old Coin"},{"floor":42,"key":"Strawberry"},{"floor":42,"key":"Regal Pillow"},{"floor":43,"key":"Kunai"},{"floor":44,"key":"Peace Pipe"},{"floor":44,"key":"Omamori"},{"floor":46,"key":"Dream Catcher"},{"floor":46,"key":"Art of War"}],"event_choices":[{"damage_healed":0,"gold_gain":0,"player_choice":"Searched \u00272\u0027 times","damage_taken":0,"relics_obtained":["The Courier"],"max_hp_gain":0,"max_hp_loss":0,"event_name":"Dead Adventurer","floor":8,"gold_loss":0},{"damage_healed":0,"gold_gain":0,"player_choice":"Inject Mutagens","damage_taken":0,"relics_obtained":["MutagenicStrength"],"max_hp_gain":0,"max_hp_loss":0,"event_name":"Drug Dealer","floor":20,"gold_loss":0},{"damage_healed":0,"gold_gain":0,"player_choice":"Copied","damage_taken":0,"max_hp_gain":0,"max_hp_loss":0,"event_name":"Duplicator","floor":36,"gold_loss":0,"cards_obtained":["Tactician"]},{"cards_removed":["Strike_G"],"damage_healed":0,"gold_gain":0,"player_choice":"Purged","damage_taken":0,"max_hp_gain":0,"max_hp_loss":0,"event_name":"Purifier","floor":48,"gold_loss":0}],"is_beta":false,"boss_relics":[{"not_picked":["Velvet Choker","WristBlade"],"picked":"Coffee Dripper"},{"not_picked":["Lizard Tail","Cursed Key"],"picked":"Black Star"}],"items_purged_floors":[47],"is_endless":false,"potions_floor_spawned":[2,7,8,11,18,21,23,30,31,33,35,38],"ascension_level":9}