{"gold_per_floor":[115,40,57,57,17,17,48,48,48,48,48,58,58,68,68,142,142,161,161,161,43,58,58,58,58,58,58,69,82,82,109,109,184,184,204,224,224,46,65,65,91,91,115,115,150,182,214,226,238,250,262],"floor_reached":51,"playtime":5736,"items_purged":[],"score":1467,"play_id":"cea67e17-58de-4a0a-9e2e-8b7acf29c0c8","local_time":"20190820103103","is_ascension_mode":true,"campfire_choices":[{"data":"Predator","floor":6.0,"key":"SMITH"},{"data":"Caltrops","floor":10.0,"key":"SMITH"},{"data":"Neutralize","floor":13.0,"key":"SMITH"},{"data":"Footwork","floor":15.0,"key":"SMITH"},{"floor":23.0,"key":"REST"},{"data":"Well Laid Plans","floor":25.0,"key":"SMITH"},{"data":"Tactician","floor":30.0,"key":"SMITH"},{"floor":32.0,"key":"REST"},{"floor":40.0,"key":"REST"},{"floor":44.0,"key":"REST"},{"floor":49.0,"key":"REST"}],"neow_cost":"NONE","seed_source_timestamp":2333444557656274,"circlet_count":0,"master_deck":["AscendersBane","Strike_G","Strike_G","Strike_G","Defend_G","Defend_G","Defend_G","Defend_G","Defend_G","Survivor","Neutralize+1","Dagger Spray","Tactician+1","Predator+1","Caltrops+1","Masterful Stab+1","Footwork+1","Glass Knife+1","Sucker Punch+1","RitualDagger+1","Blur","Well Laid Plans+1","Prepared+1","Underhanded Strike+1","Terror+1","Escape Plan+1","Wraith Form v2","Wraith Form v2","Acrobatics+1","Cloak And Dagger+1","Dark Shackles+1","Tactician+1","Footwork","Footwork","After Image","Backflip+1"],"special_seed":0,"relics":["Ring of the Serpent","NeowsBlessing","Bronze Scales","Ninja Scroll","Molten Egg 2","Sozu","Toxic Egg 2","Happy Flower","Pen Nib","Lantern","MawBank"],"potions_floor_usage":[],"damage_taken":[{"damage":0.0,"enemies":"Jaw Worm","floor":1.0,"turns":1.0},{"damage":0.0,"enemies":"Small Slimes","floor":3.0,"turns":1.0},{"damage":0.0,"enemies":"Gremlin Nob","floor":7.0,"turns":1.0},{"damage":0.0,"enemies":"2 Louse","floor":12.0,"turns":2.0},{"damage":6.0,"enemies":"Exordium Wildlife","floor":14.0,"turns":2.0},{"damage":16.0,"enemies":"The Guardian","floor":16.0,"turns":10.0},{"damage":6.0,"enemies":"2 Thieves","floor":18.0,"turns":3.0},{"damage":0.0,"enemies":"3 Byrds","floor":22.0,"turns":3.0},{"damage":2.0,"enemies":"Snake Plant","floor":28.0,"turns":3.0},{"damage":5.0,"enemies":"3 Cultists","floor":29.0,"turns":4.0},{"damage":22.0,"enemies":"Book of Stabbing","floor":31.0,"turns":5.0},{"damage":33.0,"enemies":"Automaton","floor":33.0,"turns":11.0},{"damage":17.0,"enemies":"Orb Walker","floor":35.0,"turns":3.0},{"damage":1.0,"enemies":"3 Darklings","floor":36.0,"turns":4.0},{"damage":10.0,"enemies":"Maw","floor":39.0,"turns":8.0},{"damage":19.0,"enemies":"Nemesis","floor":41.0,"turns":7.0},{"damage":11.0,"enemies":"Giant Head","floor":45.0,"turns":7.0},{"damage":14.0,"enemies":"Transient","floor":46.0,"turns":6.0},{"damage":0.0,"enemies":"3 Darklings","floor":47.0,"turns":4.0},{"damage":32.0,"enemies":"Time Eater","floor":50.0,"turns":12.0},{"damage":14,"enemies":"Awakened One","floor":51,"turns":6}],"seed_played":"-8848662520018097769","potions_obtained":[{"floor":1.0,"key":"Swift Potion"},{"floor":3.0,"key":"SmokeBomb"},{"floor":12.0,"key":"Energy Potion"}],"is_trial":false,"path_per_floor":["M","?","M","?","$","R","E","?","T","R","?","M","R","M","R","B",null,"M","?","?","$","M","R","?","R","T","?","M","M","R","E","R","B",null,"M","M","?","$","M","R","E","?","T","R","E","M","M","?","R","B","B"],"character_chosen":"THE_SILENT","items_purchased":["Predator","Blur","Well Laid Plans","Tactician+1","Footwork"],"campfire_rested":5,"item_purchase_floors":[5,21,21,38,38],"current_hp_per_floor":[59,59,59,33,33,33,33,33,33,33,55,55,55,49,49,33,58,52,46,28,28,28,49,49,49,49,49,47,42,42,20,41,8,55,38,37,37,37,27,48,29,29,29,50,39,25,25,25,46,14,0],"gold":262,"neow_bonus":"THREE_ENEMY_KILL","is_prod":false,"is_daily":false,"chose_seed":false,"campfire_upgraded":6,"win_rate":0,"timestamp":1566322263,"path_taken":["M","?","M","?","?","R","E","?","T","R","?","M","R","M","R","BOSS","M","?","?","$","?","R","?","R","T","?","M","M","R","E","R","BOSS","M","M","?","$","M","R","E","?","T","R","E","M","M","?","R","BOSS","BOSS"],"build_version":"2019-07-17","purchased_purges":0,"victory":false,"max_hp_per_floor":[66,66,66,66,66,66,66,66,66,66,66,66,66,66,66,66,66,66,66,71,71,71,71,71,71,71,71,71,71,71,71,71,71,71,71,71,71,71,71,71,71,71,71,71,71,71,71,71,71,71,71],"card_choices":[{"not_picked":["Underhanded Strike","Quick Slash"],"picked":"Dagger Spray","floor":1.0},{"not_picked":["Backflip","PiercingWail"],"picked":"Tactician","floor":3.0},{"not_picked":["Skewer","Deflect"],"picked":"Caltrops","floor":7.0},{"not_picked":["Concentrate","Distraction"],"picked":"Masterful Stab+1","floor":12.0},{"not_picked":["Dash+1","Underhanded Strike+1"],"picked":"Footwork","floor":14.0},{"not_picked":["Malaise","Unload+1"],"picked":"Glass Knife+1","floor":16.0},{"not_picked":["Acrobatics+1","Flying Knee+1"],"picked":"Sucker Punch+1","floor":18.0},{"not_picked":["Poisoned Stab+1","Crippling Poison"],"picked":"Prepared+1","floor":22.0},{"not_picked":["Setup+1","Accuracy"],"picked":"Terror+1","floor":28.0},{"not_picked":["Eviscerate+1","Noxious Fumes"],"picked":"Escape Plan+1","floor":29.0},{"not_picked":["Noxious Fumes","Terror+1"],"picked":"Wraith Form v2","floor":31.0},{"not_picked":["Tools of the Trade","Adrenaline+1"],"picked":"Wraith Form v2","floor":33.0},{"not_picked":["Setup+1","Flying Knee+1"],"picked":"Acrobatics+1","floor":35.0},{"not_picked":["Choke+1","Accuracy"],"picked":"Cloak And Dagger+1","floor":36.0},{"not_picked":["Enlightenment+1","Forethought+1"],"picked":"Dark Shackles+1","floor":37.0},{"not_picked":["Backflip+1","Sucker Punch+1"],"picked":"Footwork","floor":39.0},{"not_picked":["Slice+1","Infinite Blades"],"picked":"After Image","floor":41.0},{"not_picked":["Eviscerate+1","Finisher+1","Flechettes+1"],"picked":"SKIP","floor":45.0},{"not_picked":["Quick Slash+1","Bane+1","Masterful Stab+1"],"picked":"SKIP","floor":46.0},{"not_picked":["Flying Knee+1","Acrobatics+1"],"picked":"Backflip+1","floor":47.0}],"player_experience":785841,"relics_obtained":[{"floor":7.0,"key":"Ninja Scroll"},{"floor":9.0,"key":"Molten Egg 2"},{"floor":26.0,"key":"Toxic Egg 2"},{"floor":31.0,"key":"Happy Flower"},{"floor":41.0,"key":"Pen Nib"},{"floor":43.0,"key":"Lantern"},{"floor":45.0,"key":"MawBank"}],"event_choices":[{"cards_removed":["Strike_G"],"damage_healed":0.0,"max_hp_gain":0.0,"max_hp_loss":0.0,"gold_gain":0.0,"event_name":"The Cleric","player_choice":"Card Removal","floor":2.0,"gold_loss":75.0,"damage_taken":0.0},{"damage_healed":0.0,"max_hp_gain":0.0,"max_hp_loss":0.0,"gold_gain":0.0,"event_name":"Scrap Ooze","player_choice":"Success","floor":4.0,"gold_loss":0.0,"damage_taken":26.0,"relics_obtained":["Bronze Scales"]},{"damage_healed":0.0,"max_hp_gain":0.0,"max_hp_loss":0.0,"gold_gain":0.0,"event_name":"Liars Game","player_choice":"Ignored","floor":8.0,"gold_loss":0.0,"damage_taken":0.0},{"damage_healed":22.0,"max_hp_gain":0.0,"max_hp_loss":0.0,"gold_gain":0.0,"event_name":"Big Fish","player_choice":"Banana","floor":11.0,"gold_loss":0.0,"damage_taken":0.0},{"damage_healed":0.0,"max_hp_gain":0.0,"max_hp_loss":0.0,"gold_gain":0.0,"event_name":"Nest","player_choice":"Joined the Cult","floor":19.0,"gold_loss":0.0,"damage_taken":6.0,"cards_obtained":["RitualDagger"]},{"damage_healed":0.0,"max_hp_gain":5.0,"max_hp_loss":0.0,"gold_gain":0.0,"event_name":"Forgotten Altar","player_choice":"Shed Blood","floor":20.0,"gold_loss":0.0,"damage_taken":23.0},{"damage_healed":0.0,"max_hp_gain":0.0,"max_hp_loss":0.0,"gold_gain":0.0,"event_name":"The Library","player_choice":"Read","floor":27.0,"gold_loss":0.0,"damage_taken":0.0,"cards_obtained":["Underhanded Strike"]},{"damage_healed":0.0,"max_hp_gain":0.0,"max_hp_loss":0.0,"gold_gain":0.0,"event_name":"SensoryStone","player_choice":"Memory 1","floor":37.0,"gold_loss":0.0,"damage_taken":0.0},{"damage_healed":0.0,"max_hp_gain":0.0,"max_hp_loss":0.0,"gold_gain":0.0,"event_name":"The Moai Head","player_choice":"Ignored","floor":42.0,"gold_loss":0.0,"damage_taken":0.0},{"cards_removed":["Strike_G"],"damage_healed":0.0,"max_hp_gain":0.0,"max_hp_loss":0.0,"gold_gain":0.0,"event_name":"Falling","player_choice":"Removed Attack","floor":48.0,"gold_loss":0.0,"damage_taken":0.0}],"is_beta":false,"boss_relics":[{"not_picked":["Coffee Dripper","Philosopher\u0027s Stone"],"picked":"Sozu"},{"not_picked":["Velvet Choker","Calling Bell"],"picked":"Ring of the Serpent"}],"items_purged_floors":[],"is_endless":false,"potions_floor_spawned":[1,3,12,18,22,31,36,39,41,47],"killed_by":"Awakened One","ascension_level":20}