{"gold_per_floor":[115,65,84,259,274,274,306,325,394,394,412,412,42,58,58,156,156,168,188,188,49,49,49,1,1,1,28,47,57,69,118,118,118],"floor_reached":33,"playtime":2586,"items_purged":["Doubt","Strike_B"],"score":320,"play_id":"5e470557-3d71-45f0-8cd1-5bbc75209be7","local_time":"20180917234449","is_ascension_mode":true,"campfire_choices":[{"data":"Steam","floor":6,"key":"SMITH"},{"data":"Reboot","floor":10,"key":"SMITH"},{"data":"FTL","floor":12,"key":"SMITH"},{"data":"Genetic Algorithm","floor":15,"key":"SMITH"},{"data":"Recycle","floor":23,"key":"SMITH"},{"data":"Steam","floor":25,"key":"SMITH"},{"floor":32,"key":"REST"}],"neow_cost":"TEN_PERCENT_HP_LOSS","seed_source_timestamp":273621172678744,"circlet_count":0,"master_deck":["Strike_B","Strike_B","Defend_B","Defend_B","Defend_B","Defend_B","Zap","Dualcast","Reboot+1","Steam+1","Sweeping Beam","Stack","Glacier","Machine Learning","FTL+1","Genetic Algorithm+1","FTL","Conserve Battery","Meteor Strike","Melter","Sweeping Beam","Recycle+1","Steam+1","Go for the Eyes","Hologram+1"],"relics":["Cracked Core","Emotion Chip","Sundial","Lantern","Busted Crown","CultistMask","Toxic Egg 2","Boot","Bag of Marbles"],"potions_floor_usage":[5,7,11,29,29,30,30],"damage_taken":[{"damage":3,"enemies":"Jaw Worm","floor":1,"turns":4},{"damage":0,"enemies":"2 Louse","floor":3,"turns":3},{"damage":0,"enemies":"Small Slimes","floor":5,"turns":2},{"damage":21,"enemies":"3 Sentries","floor":7,"turns":8},{"damage":8,"enemies":"Exordium Thugs","floor":8,"turns":5},{"damage":6,"enemies":"Lots of Slimes","floor":11,"turns":4},{"damage":1,"enemies":"Exordium Wildlife","floor":14,"turns":3},{"damage":9,"enemies":"The Guardian","floor":16,"turns":15},{"damage":22,"enemies":"2 Thieves","floor":18,"turns":2},{"damage":0,"enemies":"Spheric Guardian","floor":19,"turns":3},{"damage":26,"enemies":"Slavers","floor":27,"turns":6},{"damage":12,"enemies":"Shelled Parasite and Fungi","floor":28,"turns":7},{"damage":5,"enemies":"Chosen and Byrds","floor":29,"turns":6},{"damage":0,"enemies":"Cultist and Chosen","floor":30,"turns":4},{"damage":23,"enemies":"Champ","floor":33,"turns":10}],"seed_played":"3029474087635966644","potions_obtained":[{"floor":1,"key":"FocusPotion"},{"floor":3,"key":"Block Potion"},{"floor":7,"key":"Energy Potion"},{"floor":19,"key":"LiquidBronze"},{"floor":22,"key":"LiquidBronze"},{"floor":22,"key":"LiquidBronze"},{"floor":29,"key":"PowerPotion"}],"is_trial":false,"path_per_floor":["M","?","M","?","M","R","E","M","T","R","M","R","$","M","R","B",null,"M","M","?","$","?","R","$","R","T","E","M","M","M","T","R"],"character_chosen":"DEFECT","items_purchased":["Lantern","Genetic Algorithm","FTL","Recycle","Steam"],"campfire_rested":1,"item_purchase_floors":[13,13,13,21,24],"current_hp_per_floor":[65,65,65,65,65,65,44,36,36,36,30,30,30,29,29,20,68,46,46,46,46,46,46,46,46,46,20,8,3,3,3,23,0],"gold":118,"neow_bonus":"THREE_RARE_CARDS","is_prod":false,"is_daily":false,"chose_seed":false,"campfire_upgraded":6,"win_rate":0,"timestamp":1537220689,"path_taken":["M","?","M","?","M","R","E","M","T","R","?","R","$","?","R","BOSS","M","M","?","$","?","R","$","R","T","E","M","M","M","?","R","BOSS"],"build_version":"2018-09-06","purchased_purges":2,"victory":false,"max_hp_per_floor":[68,68,68,68,68,68,68,68,68,68,68,68,68,68,68,68,68,68,68,68,68,68,68,68,68,68,68,68,68,68,68,68,68],"card_choices":[{"not_picked":["Fission","Buffer"],"picked":"Reboot","floor":0},{"not_picked":["Consume","Double Energy"],"picked":"Steam","floor":1},{"not_picked":["Lockon","Beam Cell"],"picked":"Sweeping Beam","floor":3},{"not_picked":["Lockon","Redo"],"picked":"Stack","floor":5},{"not_picked":["Redo","Stack"],"picked":"Glacier","floor":7},{"not_picked":["FTL","Steam"],"picked":"Machine Learning","floor":8},{"not_picked":["Cold Snap","Barrage"],"picked":"FTL","floor":11},{"not_picked":["Storm","Heatsinks"],"picked":"Conserve Battery","floor":14},{"not_picked":["Thunder Strike","Machine Learning"],"picked":"Meteor Strike","floor":16},{"not_picked":[],"picked":"Melter","floor":18},{"not_picked":[],"picked":"Sweeping Beam","floor":19},{"not_picked":[],"picked":"Go for the Eyes","floor":27},{"not_picked":[],"picked":"Hologram+1","floor":28},{"not_picked":["Melter"],"picked":"SKIP","floor":29},{"not_picked":["Heatsinks"],"picked":"SKIP","floor":30}],"player_experience":463972,"relics_obtained":[{"floor":7,"key":"Emotion Chip"},{"floor":9,"key":"Sundial"},{"floor":26,"key":"Toxic Egg 2"},{"floor":27,"key":"Boot"},{"floor":31,"key":"Bag of Marbles"}],"event_choices":[{"event_name":"The Cleric","player_choice":"Card Removal","floor":2,"damage_taken":0},{"event_name":"Liars Game","player_choice":"agreed","floor":4,"damage_taken":0},{"event_name":"FaceTrader","player_choice":"Trade","floor":20,"damage_taken":0},{"event_name":"The Lab","player_choice":"Got Potions","floor":22,"damage_taken":0}],"is_beta":false,"boss_relics":[{"not_picked":["Lizard Tail","Empty Cage"],"picked":"Busted Crown"}],"items_purged_floors":[13,21],"is_endless":false,"potions_floor_spawned":[1,3,7,19,29],"killed_by":"Champ","ascension_level":4}