{"gold_per_floor":[111,126,9,9,9,9,29,29,53,88,88,102,122,122,122,199,199,210,220,235,135,153,153,153],"floor_reached":24,"playtime":1239,"items_purged":["Decay","Strike_G"],"score":396,"play_id":"b8722ff4-bf25-4206-8000-b28e71993c62","local_time":"20190814121836","is_ascension_mode":true,"campfire_choices":[{"data":"Terror","floor":6.0,"key":"SMITH"},{"data":"Predator","floor":8.0,"key":"SMITH"},{"floor":11.0,"key":"REST"},{"floor":15.0,"key":"REST"},{"floor":23,"key":"REST"}],"neow_cost":"CURSE","seed_source_timestamp":1827704895015352,"circlet_count":0,"master_deck":["AscendersBane","Strike_G","Strike_G","Strike_G","Strike_G","Defend_G","Defend_G","Defend_G","Defend_G","Defend_G","Survivor","Neutralize","Predator+1","Terror+1","Well Laid Plans","Skewer","Well Laid Plans","Dash","Bullet Time","Dodge and Roll","Dagger Spray","Dagger Spray","Sucker Punch","Finisher","Slice+1","Prepared","Unload"],"special_seed":0,"relics":["Ring of the Snake","Gambling Chip","Bronze Scales","Happy Flower","StoneCalendar","Orrery"],"potions_floor_usage":[22],"damage_taken":[{"damage":0.0,"enemies":"2 Louse","floor":1.0,"turns":3.0},{"damage":0.0,"enemies":"Small Slimes","floor":2.0,"turns":5.0},{"damage":0.0,"enemies":"Cultist","floor":7.0,"turns":4.0},{"damage":22.0,"enemies":"Lagavulin","floor":10.0,"turns":4.0},{"damage":3.0,"enemies":"Looter","floor":12.0,"turns":2.0},{"damage":20.0,"enemies":"Exordium Thugs","floor":13.0,"turns":4.0},{"damage":13.0,"enemies":"Slime Boss","floor":16.0,"turns":7.0},{"damage":25.0,"enemies":"3 Byrds","floor":18.0,"turns":5.0},{"damage":14.0,"enemies":"2 Thieves","floor":19.0,"turns":4.0},{"damage":7.0,"enemies":"Centurion and Healer","floor":20.0,"turns":7.0},{"damage":10,"enemies":"Snake Plant","floor":22,"turns":4},{"damage":28,"enemies":"Snecko","floor":24,"turns":3}],"seed_played":"8271806811917673588","potions_obtained":[{"floor":12.0,"key":"Poison Potion"},{"floor":13.0,"key":"Dexterity Potion"},{"floor":14.0,"key":"PowerPotion"}],"is_trial":false,"path_per_floor":["M","M","$","?","?","R","M","R","T","E","R","M","M","?","R","B",null,"M","M","M","$","M","R","M"],"character_chosen":"THE_SILENT","items_purchased":["Well Laid Plans"],"campfire_rested":3,"item_purchase_floors":[3],"current_hp_per_floor":[59,59,59,48,48,48,48,48,48,26,45,42,22,22,41,28,57,32,18,11,11,1,20,0],"gold":153,"neow_bonus":"ONE_RARE_RELIC","is_prod":false,"is_daily":false,"chose_seed":false,"campfire_upgraded":2,"win_rate":0,"timestamp":1565810316,"path_taken":["M","M","$","?","?","R","M","R","T","E","R","M","M","?","R","BOSS","M","M","?","$","M","R","M"],"build_version":"2019-07-17","purchased_purges":2,"victory":false,"max_hp_per_floor":[66,66,66,66,66,66,66,66,66,66,66,66,66,66,66,66,66,66,66,66,66,66,66,66],"card_choices":[{"not_picked":["Backflip","Underhanded Strike"],"picked":"Predator","floor":1.0},{"not_picked":["Dagger Throw","Cloak And Dagger"],"picked":"Terror","floor":2.0},{"not_picked":["Catalyst","Acrobatics"],"picked":"Skewer","floor":7.0},{"not_picked":["Blade Dance","Quick Slash","Underhanded Strike"],"picked":"SKIP","floor":10.0},{"not_picked":["Expertise","Bouncing Flask"],"picked":"Well Laid Plans","floor":12.0},{"not_picked":["Calculated Gamble","Acrobatics"],"picked":"Dash","floor":13.0},{"not_picked":["Venomology","Phantasmal Killer"],"picked":"Bullet Time","floor":16.0},{"not_picked":["Slice","Flying Knee"],"picked":"Dodge and Roll","floor":17.0},{"not_picked":["Cloak And Dagger","Poisoned Stab"],"picked":"Dagger Spray","floor":17.0},{"not_picked":["Sucker Punch","Distraction"],"picked":"Dagger Spray","floor":17.0},{"not_picked":["Deadly Poison","Bane"],"picked":"Sucker Punch","floor":17.0},{"not_picked":["Bane+1","Deadly Poison"],"picked":"Finisher","floor":18.0},{"not_picked":["Blade Dance","Well Laid Plans"],"picked":"Slice+1","floor":19.0},{"not_picked":["Bane","Backflip"],"picked":"Prepared","floor":20.0},{"not_picked":["Prepared","Dagger Throw"],"picked":"Unload","floor":22}],"player_experience":724976,"relics_obtained":[{"floor":9.0,"key":"Happy Flower"},{"floor":10.0,"key":"StoneCalendar"}],"event_choices":[{"damage_healed":0.0,"max_hp_gain":0.0,"max_hp_loss":0.0,"gold_gain":0.0,"event_name":"Scrap Ooze","player_choice":"Success","floor":4.0,"gold_loss":0.0,"damage_taken":11.0,"relics_obtained":["Bronze Scales"]},{"damage_healed":0.0,"max_hp_gain":0.0,"max_hp_loss":0.0,"gold_gain":0.0,"event_name":"Liars Game","player_choice":"Ignored","floor":5.0,"gold_loss":0.0,"damage_taken":0.0},{"damage_healed":0.0,"max_hp_gain":0.0,"max_hp_loss":0.0,"gold_gain":0.0,"event_name":"Lab","player_choice":"Got Potions","floor":14.0,"gold_loss":0.0,"damage_taken":0.0}],"is_beta":false,"boss_relics":[{"not_picked":["Busted Crown","Runic Dome"],"picked":"Orrery"}],"items_purged_floors":[3,21],"is_endless":false,"potions_floor_spawned":[12,13,20],"killed_by":"Snecko","ascension_level":20}