{"gold_per_floor":[112,132,146,164,164,192,19,51,51,51,51,51,77,77,77,154,204,216,216,216,232,26,55,55,80,154,154,184,9,27,47,47,118,118,138,153,170,190,205,205,221,221,221,247,22,41,41,68,68,68],"floor_reached":50,"playtime":5522,"items_purged":["Strike_G"],"score":1007,"play_id":"077ec09a-a39e-4a26-ba3d-b4d74cff423f","local_time":"20190729100021","is_ascension_mode":true,"campfire_choices":[{"floor":10.0,"key":"REST"},{"data":"Wraith Form v2","floor":12.0,"key":"SMITH"},{"floor":15.0,"key":"REST"},{"data":"Burst","floor":27.0,"key":"SMITH"},{"data":"Bullet Time","floor":32.0,"key":"SMITH"},{"data":"Well Laid Plans","floor":40.0,"key":"SMITH"},{"data":"Tactician","floor":42.0,"key":"SMITH"},{"data":"Neutralize","floor":47,"key":"SMITH"},{"data":"Noxious Fumes","floor":49,"key":"SMITH"}],"neow_cost":"NONE","seed_source_timestamp":0,"circlet_count":0,"master_deck":["AscendersBane","Defend_G","Defend_G","Defend_G","Defend_G","Defend_G+1","Survivor+1","Neutralize+1","Blur","Deflect","Sucker Punch+1","Noxious Fumes+1","Prepared+1","Well Laid Plans+1","Bane","Wraith Form v2+1","Heel Hook","Corpse Explosion","Bane","Outmaneuver+1","Bite","Bite","Bite","Bite","Bite","Terror+1","Burst+1","Blur","Footwork+1","Sadistic Nature+1","Dodge and Roll","Blur","Bullet Time+1","Glass Knife","Riddle With Holes","Prepared+1","Backflip+1","Quick Slash+1","Expertise","Parasite","Tactician+1","Night Terror+1","Leg Sweep+1","Calculated Gamble+1","Outmaneuver+1","Reflex+1","Outmaneuver+1","Doppelganger+1"],"special_seed":0,"relics":["Ring of the Snake","NeowsBlessing","Mango","Bag of Marbles","Bag of Preparation","The Courier","Tiny House","War Paint","Kunai","Unceasing Top","Sundial","Mercury Hourglass","Frozen Egg 2","Coffee Dripper","Toxic Egg 2","Nunchaku","Pocketwatch"],"potions_floor_usage":[50],"damage_taken":[{"damage":0.0,"enemies":"2 Louse","floor":1.0,"turns":1.0},{"damage":0.0,"enemies":"Jaw Worm","floor":2.0,"turns":1.0},{"damage":0.0,"enemies":"Small Slimes","floor":3.0,"turns":1.0},{"damage":0.0,"enemies":"Blue Slaver","floor":4.0,"turns":8.0},{"damage":39.0,"enemies":"Gremlin Nob","floor":6.0,"turns":6.0},{"damage":20.0,"enemies":"3 Sentries","floor":8.0,"turns":8.0},{"damage":1.0,"enemies":"Gremlin Nob","floor":13.0,"turns":5.0},{"damage":3.0,"enemies":"The Guardian","floor":16.0,"turns":16.0},{"damage":0.0,"enemies":"Spheric Guardian","floor":18.0,"turns":5.0},{"damage":1.0,"enemies":"3 Byrds","floor":21.0,"turns":3.0},{"damage":50.0,"enemies":"Book of Stabbing","floor":23.0,"turns":11.0},{"damage":15.0,"enemies":"Slavers","floor":25.0,"turns":5.0},{"damage":15.0,"enemies":"Gremlin Leader","floor":28.0,"turns":9.0},{"damage":0.0,"enemies":"3 Cultists","floor":30.0,"turns":4.0},{"damage":3.0,"enemies":"Chosen and Byrds","floor":31.0,"turns":8.0},{"damage":58.0,"enemies":"Champ","floor":33.0,"turns":16.0},{"damage":2.0,"enemies":"Orb Walker","floor":35.0,"turns":3.0},{"damage":0.0,"enemies":"3 Darklings","floor":36.0,"turns":4.0},{"damage":69.0,"enemies":"Spire Growth","floor":37.0,"turns":7.0},{"damage":0.0,"enemies":"Transient","floor":38.0,"turns":5.0},{"damage":2.0,"enemies":"Jaw Worm Horde","floor":39.0,"turns":3.0},{"damage":14.0,"enemies":"Writhing Mass","floor":41.0,"turns":9.0},{"damage":16,"enemies":"Giant Head","floor":44,"turns":11},{"damage":24,"enemies":"Transient","floor":46,"turns":5},{"damage":17,"enemies":"Nemesis","floor":48,"turns":9},{"damage":17,"enemies":"Time Eater","floor":50,"turns":3}],"seed_played":"5820985478976285394","potions_obtained":[{"floor":2.0,"key":"SpeedPotion"},{"floor":3.0,"key":"EssenceOfSteel"},{"floor":8.0,"key":"GhostInAJar"},{"floor":13.0,"key":"Fruit Juice"},{"floor":17.0,"key":"Regen Potion"},{"floor":23.0,"key":"Fire Potion"},{"floor":28.0,"key":"GamblersBrew"},{"floor":30.0,"key":"FearPotion"},{"floor":36.0,"key":"Regen Potion"},{"floor":37.0,"key":"AttackPotion"},{"floor":46,"key":"SpeedPotion"},{"floor":48,"key":"Weak Potion"}],"is_trial":false,"path_per_floor":["M","M","M","M","?","E","$","E","T","R","?","R","E","?","R","B",null,"M","?","?","M","$","E","?","E","T","R","E","$","M","M","R","B",null,"M","M","M","M","M","R","M","R","T","E","$","M","R","E","R","B"],"character_chosen":"THE_SILENT","items_purchased":["Well Laid Plans","Bane","Kunai","Sadistic Nature+1","Dodge and Roll","Leg Sweep+1","Calculated Gamble+1","Outmaneuver+1","Reflex+1"],"campfire_rested":2,"item_purchase_floors":[7,7,22,29,29,45,45,45,45],"current_hp_per_floor":[63,63,63,63,68,43,43,23,23,49,42,42,46,27,55,52,89,89,89,69,69,69,33,33,36,36,36,39,39,49,54,54,14,55,59,63,8,14,16,16,27,27,27,31,31,15,15,12,12,0],"gold":68,"neow_bonus":"THREE_ENEMY_KILL","is_prod":false,"is_daily":false,"chose_seed":false,"campfire_upgraded":7,"win_rate":0,"timestamp":1564419621,"path_taken":["M","M","M","M","?","E","$","E","T","R","?","R","E","?","R","BOSS","M","?","?","M","$","E","?","E","T","R","E","$","M","M","R","BOSS","M","?","M","M","?","R","M","R","T","E","?","M","R","E","R","BOSS"],"build_version":"2019-07-17","purchased_purges":1,"victory":false,"max_hp_per_floor":[70,70,70,70,75,89,89,89,89,89,89,89,94,94,94,94,99,99,99,69,69,69,69,69,69,69,69,69,69,69,69,69,69,69,69,69,69,69,69,69,69,69,69,69,69,69,69,69,69,69],"card_choices":[{"not_picked":["Flying Knee","Distraction"],"picked":"Blur","floor":1.0},{"not_picked":["Dodge and Roll","Acrobatics"],"picked":"Deflect","floor":2.0},{"not_picked":["Deadly Poison","Outmaneuver"],"picked":"Sucker Punch","floor":3.0},{"not_picked":["Reflex","PiercingWail"],"picked":"Noxious Fumes","floor":4.0},{"not_picked":["Choke","Deflect"],"picked":"Prepared","floor":6.0},{"not_picked":["Infinite Blades","Acrobatics"],"picked":"Wraith Form v2","floor":8.0},{"not_picked":["Backstab","Calculated Gamble"],"picked":"Heel Hook","floor":13.0},{"not_picked":["Burst","A Thousand Cuts"],"picked":"Corpse Explosion","floor":16.0},{"not_picked":["Backflip","Deflect"],"picked":"Bane","floor":17.0},{"not_picked":["Poisoned Stab","Sucker Punch"],"picked":"Outmaneuver","floor":18.0},{"not_picked":["Choke","Outmaneuver"],"picked":"Terror","floor":21.0},{"not_picked":["Bane","Prepared"],"picked":"Burst","floor":23.0},{"not_picked":["Dash","Bane"],"picked":"Blur","floor":25.0},{"not_picked":["Sucker Punch","Cloak And Dagger"],"picked":"Footwork","floor":28.0},{"not_picked":["Cloak And Dagger","Eviscerate+1"],"picked":"Blur","floor":30.0},{"not_picked":["Blade Dance","Dagger Throw"],"picked":"Bullet Time","floor":31.0},{"not_picked":["Grand Finale","Die Die Die"],"picked":"Glass Knife","floor":33.0},{"not_picked":["Infinite Blades+1","Blade Dance"],"picked":"Riddle With Holes","floor":35.0},{"not_picked":["Calculated Gamble","Quick Slash"],"picked":"Prepared+1","floor":36.0},{"not_picked":["Catalyst","Dagger Spray"],"picked":"Backflip+1","floor":37.0},{"not_picked":["Infinite Blades+1","Slice"],"picked":"Quick Slash+1","floor":38.0},{"not_picked":["Slice","Cloak And Dagger+1"],"picked":"Expertise","floor":39.0},{"not_picked":["Well Laid Plans+1","Poisoned Stab"],"picked":"Tactician","floor":41.0},{"not_picked":["Crippling Poison+1","Setup+1"],"picked":"Night Terror+1","floor":44},{"not_picked":["Masterful Stab+1","Dagger Throw"],"picked":"Outmaneuver+1","floor":46},{"not_picked":["Glass Knife","Cloak And Dagger+1"],"picked":"Doppelganger+1","floor":48}],"player_experience":525025,"relics_obtained":[{"floor":6.0,"key":"Mango"},{"floor":8.0,"key":"Bag of Marbles"},{"floor":9.0,"key":"Bag of Preparation"},{"floor":13.0,"key":"The Courier"},{"floor":23.0,"key":"Unceasing Top"},{"floor":25.0,"key":"Sundial"},{"floor":26.0,"key":"Mercury Hourglass"},{"floor":28.0,"key":"Frozen Egg 2"},{"floor":43.0,"key":"Toxic Egg 2"},{"floor":44,"key":"Nunchaku"},{"floor":48,"key":"Pocketwatch"}],"event_choices":[{"damage_healed":0.0,"max_hp_gain":5.0,"max_hp_loss":0.0,"gold_gain":0.0,"event_name":"Big Fish","player_choice":"Donut","floor":5.0,"gold_loss":0.0,"damage_taken":0.0},{"cards_removed":["Strike_G"],"damage_healed":0.0,"max_hp_gain":0.0,"max_hp_loss":0.0,"gold_gain":0.0,"event_name":"Golden Wing","player_choice":"Card Removal","floor":11.0,"gold_loss":0.0,"damage_taken":7.0},{"damage_healed":0.0,"max_hp_gain":0.0,"max_hp_loss":0.0,"gold_gain":0.0,"event_name":"Shining Light","player_choice":"Entered Light","floor":14.0,"gold_loss":0.0,"damage_taken":19.0,"cards_upgraded":["Survivor","Prepared"]},{"damage_healed":0.0,"max_hp_gain":0.0,"max_hp_loss":0.0,"gold_gain":0.0,"event_name":"The Mausoleum","player_choice":"Opened","floor":19.0,"gold_loss":0.0,"damage_taken":0.0,"relics_obtained":["War Paint"]},{"damage_healed":0.0,"max_hp_gain":0.0,"max_hp_loss":30.0,"gold_gain":0.0,"event_name":"Vampires","player_choice":"Became a vampire","floor":20.0,"gold_loss":0.0,"damage_taken":0.0,"cards_obtained":["Bite","Bite","Bite","Bite","Bite"]},{"damage_healed":0.0,"max_hp_gain":0.0,"max_hp_loss":0.0,"gold_gain":0.0,"event_name":"Upgrade Shrine","player_choice":"Upgraded","floor":24.0,"gold_loss":0.0,"damage_taken":0.0,"cards_upgraded":["Terror"]}],"is_beta":false,"boss_relics":[{"not_picked":["WristBlade","Snecko Eye"],"picked":"Tiny House"},{"not_picked":["White Beast Statue","Busted Crown"],"picked":"Coffee Dripper"}],"items_purged_floors":[7],"is_endless":false,"potions_floor_spawned":[2,3,8,13,23,28,30,33,36,37,46,48],"killed_by":"Time Eater","ascension_level":13}