{"gold_per_floor":[119,135,155,155,26,26,26,26,108,122,144,219,231,231,231,326,326,338,211,230,230,230,230,230],"floor_reached":24,"playtime":850,"items_purged":["Strike_R"],"score":184,"play_id":"ed9e7b0c-d740-4764-9fde-5dc32e4a64cb","local_time":"20190620135349","is_ascension_mode":false,"campfire_choices":[{"data":"Fiend Fire","floor":6.0,"key":"SMITH"},{"data":"Bash","floor":8.0,"key":"SMITH"},{"data":"Sword Boomerang","floor":15,"key":"SMITH"}],"neow_cost":"NONE","seed_source_timestamp":308435405669008,"circlet_count":0,"master_deck":["Strike_R","Strike_R+1","Strike_R","Strike_R+1","Defend_R","Defend_R","Defend_R","Defend_R","Bash+1","Twin Strike+1","Limit Break","Fiend Fire+1","Shrug It Off","Sword Boomerang+1","Limit Break","Disarm","True Grit"],"special_seed":0,"relics":["Eternal Feather"],"potions_floor_usage":[18,20,23],"damage_taken":[{"damage":2.0,"enemies":"2 Louse","floor":1.0,"turns":4.0},{"damage":12.0,"enemies":"Jaw Worm","floor":2.0,"turns":4.0},{"damage":2.0,"enemies":"Small Slimes","floor":3.0,"turns":4.0},{"damage":0.0,"enemies":"2 Fungi Beasts","floor":10.0,"turns":2.0},{"damage":13.0,"enemies":"The Mushroom Lair","floor":11.0,"turns":3.0},{"damage":5,"enemies":"3 Louse","floor":13,"turns":4},{"damage":50,"enemies":"Hexaghost","floor":16,"turns":9},{"damage":24,"enemies":"Shell Parasite","floor":18,"turns":5},{"damage":3,"enemies":"Chosen","floor":20,"turns":3},{"damage":55,"enemies":"Masked Bandits","floor":23,"turns":4},{"damage":9,"enemies":"Sentry and Sphere","floor":24,"turns":3}],"seed_played":"7675835793712350385","potions_obtained":[{"floor":2.0,"key":"FairyPotion"},{"floor":13,"key":"Ancient Potion"},{"floor":16,"key":"Poison Potion"},{"floor":20,"key":"SmokeBomb"}],"is_trial":false,"path_per_floor":["M","M","M","?","$","R","?","R","T","M","?","?","M","?","R","B",null,"M","$","M","?","T","?","M"],"character_chosen":"IRONCLAD","items_purchased":["Fiend Fire","Shrug It Off","True Grit"],"campfire_rested":0,"item_purchase_floors":[5,5,19],"current_hp_per_floor":[78,66,64,48,48,54,54,60,60,60,47,36,31,36,45,8,85,61,61,58,58,58,3,0],"gold":230,"neow_bonus":"BOSS_RELIC","is_prod":false,"is_daily":false,"chose_seed":false,"campfire_upgraded":3,"win_rate":0,"timestamp":1561031629,"path_taken":["M","M","M","?","$","R","?","R","T","M","?","?","M","?","R","BOSS","M","$","M","?","?","?","?"],"build_version":"2019-01-23","purchased_purges":1,"victory":false,"max_hp_per_floor":[80,80,80,80,80,80,80,80,80,80,80,80,80,85,85,85,85,85,85,85,85,85,85,85],"card_choices":[{"not_picked":["Shrug It Off","Thunderclap"],"picked":"Twin Strike","floor":1.0},{"not_picked":["Dropkick","Clash","Havoc"],"picked":"SKIP","floor":2.0},{"not_picked":["Second Wind","Sever Soul"],"picked":"Limit Break","floor":3.0},{"not_picked":["Armaments","Infernal Blade"],"picked":"Sword Boomerang","floor":10.0},{"not_picked":["Rupture","Body Slam","Intimidate"],"picked":"SKIP","floor":13},{"not_picked":["Fiend Fire","Juggernaut"],"picked":"Limit Break","floor":16},{"not_picked":["Sentinel","Shockwave"],"picked":"Disarm","floor":18},{"not_picked":["Pommel Strike","Perfected Strike","Corruption"],"picked":"SKIP","floor":20}],"player_experience":1365594,"relics_obtained":[],"event_choices":[{"damage_healed":0.0,"max_hp_gain":0.0,"max_hp_loss":0.0,"gold_gain":0.0,"event_name":"Shining Light","player_choice":"Entered Light","floor":4.0,"gold_loss":0.0,"damage_taken":16.0,"cards_upgraded":["Strike_R","Strike_R"]},{"damage_healed":0.0,"max_hp_gain":0.0,"max_hp_loss":0.0,"gold_gain":0.0,"event_name":"Living Wall","player_choice":"Grow","floor":7.0,"gold_loss":0.0,"damage_taken":0.0,"cards_upgraded":["Twin Strike"]},{"damage_healed":0.0,"max_hp_gain":0.0,"max_hp_loss":0.0,"gold_gain":0.0,"event_name":"Mushrooms","player_choice":"Fought Mushrooms","floor":11.0,"gold_loss":0.0,"damage_taken":0.0},{"damage_healed":0,"gold_gain":75,"player_choice":"Gather Gold","damage_taken":11,"max_hp_gain":0,"max_hp_loss":0,"event_name":"World of Goop","floor":12,"gold_loss":0},{"damage_healed":0,"gold_gain":0,"player_choice":"Donut","damage_taken":0,"max_hp_gain":5,"max_hp_loss":0,"event_name":"Big Fish","floor":14,"gold_loss":0},{"damage_healed":0,"gold_gain":0,"player_choice":"Fought Bandits","damage_taken":0,"max_hp_gain":0,"max_hp_loss":0,"event_name":"Masked Bandits","floor":23,"gold_loss":0}],"is_beta":false,"boss_relics":[{"not_picked":[]}],"items_purged_floors":[19],"is_endless":false,"potions_floor_spawned":[2,13,16,20],"killed_by":"Sentry and Sphere","ascension_level":0}