{"gold_per_floor":[368,368,379,389,314,40,40,52,52,52,77,96,124,152,152,229,229,184,184,184,2,2,37,37,51,51,51,51,51,67,94,94,171,171,184,128,128,128,144,144,170,170,193,208,243,4,17,51,51,51],"floor_reached":50,"playtime":6290,"items_purged":["Strike_G"],"score":1183,"play_id":"0a03486d-f1e7-459e-8987-8a82f65363c2","local_time":"20190812155040","is_ascension_mode":true,"campfire_choices":[{"data":"A Thousand Cuts","floor":7.0,"key":"SMITH"},{"floor":10.0,"key":"REST"},{"floor":15.0,"key":"REST"},{"data":"After Image","floor":24.0,"key":"SMITH"},{"data":"Well Laid Plans","floor":27.0,"key":"SMITH"},{"data":"Calculated Gamble","floor":29.0,"key":"SMITH"},{"floor":32.0,"key":"REST"},{"data":"Envenom","floor":40.0,"key":"SMITH"},{"data":"Outmaneuver","floor":42.0,"key":"SMITH"},{"floor":49,"key":"REST"}],"neow_cost":"TEN_PERCENT_HP_LOSS","seed_source_timestamp":1661202897549134,"circlet_count":0,"master_deck":["AscendersBane","Defend_G","Defend_G+1","Defend_G","Defend_G","Defend_G","Survivor","Neutralize","Dodge and Roll","A Thousand Cuts+1","Predator","All Out Attack","Footwork","Slice","Footwork","Slice","Footwork","Deflect","Well Laid Plans+1","After Image+1","Deflect","Outmaneuver+1","Good Instincts","Bite+1","Bite+1","Bite+1","Bite+1","Bite+1","Calculated Gamble+1","Outmaneuver+1","Blade Dance","Sucker Punch+1","Envenom+1","Flechettes+1","Cloak And Dagger","Swift Strike+1","Dodge and Roll+1","Deflect+1","Deflect","PiercingWail","Cloak And Dagger+1","Envenom"],"special_seed":0,"relics":["Ring of the Serpent","Regal Pillow","Pocketwatch","Question Card","Molten Egg 2","Odd Mushroom","MawBank","Kunai","Letter Opener","Red Mask","Lizard Tail","PreservedInsect","War Paint","Bag of Marbles","Membership Card","Bronze Scales"],"potions_floor_usage":[48],"damage_taken":[{"damage":11.0,"enemies":"Jaw Worm","floor":1.0,"turns":8.0},{"damage":16.0,"enemies":"Cultist","floor":3.0,"turns":6.0},{"damage":11.0,"enemies":"Small Slimes","floor":4.0,"turns":4.0},{"damage":5.0,"enemies":"Looter","floor":8.0,"turns":4.0},{"damage":5.0,"enemies":"3 Sentries","floor":11.0,"turns":8.0},{"damage":9.0,"enemies":"Large Slime","floor":12.0,"turns":7.0},{"damage":2.0,"enemies":"Gremlin Nob","floor":13.0,"turns":3.0},{"damage":2.0,"enemies":"The Mushroom Lair","floor":14.0,"turns":4.0},{"damage":4.0,"enemies":"Slime Boss","floor":16.0,"turns":9.0},{"damage":24.0,"enemies":"2 Thieves","floor":18.0,"turns":5.0},{"damage":51.0,"enemies":"Gremlin Leader","floor":23.0,"turns":9.0},{"damage":16.0,"enemies":"Shell Parasite","floor":25.0,"turns":9.0},{"damage":21.0,"enemies":"Centurion and Healer","floor":30.0,"turns":9.0},{"damage":39.0,"enemies":"Masked Bandits","floor":31.0,"turns":4.0},{"damage":22.0,"enemies":"Collector","floor":33.0,"turns":12.0},{"damage":40.0,"enemies":"3 Darklings","floor":35.0,"turns":8.0},{"damage":5.0,"enemies":"3 Shapes","floor":39.0,"turns":8.0},{"damage":22.0,"enemies":"Nemesis","floor":41.0,"turns":9.0},{"damage":69.0,"enemies":"Transient","floor":44.0,"turns":6.0},{"damage":19.0,"enemies":"Giant Head","floor":45.0,"turns":10.0},{"damage":12.0,"enemies":"4 Shapes","floor":47.0,"turns":6.0},{"damage":11,"enemies":"Reptomancer","floor":48,"turns":6},{"damage":49,"enemies":"Awakened One","floor":50,"turns":2}],"seed_played":"-8591793496538115535","potions_obtained":[{"floor":11.0,"key":"FairyPotion"},{"floor":12.0,"key":"Explosive Potion"},{"floor":13.0,"key":"Weak Potion"},{"floor":16.0,"key":"SpeedPotion"},{"floor":25.0,"key":"AttackPotion"},{"floor":31.0,"key":"Ancient Potion"},{"floor":35.0,"key":"Explosive Potion"},{"floor":44.0,"key":"Poison Potion"},{"floor":45.0,"key":"Strength Potion"}],"is_trial":false,"path_per_floor":["M","?","M","M","?","$","R","M","T","R","E","M","E","?","R","B",null,"M","?","T","$","?","E","R","M","T","R","?","R","M","?","R","B",null,"M","$","?","?","M","R","E","R","T","M","E","$","M","E","R","B"],"character_chosen":"THE_SILENT","items_purchased":["Footwork","Regal Pillow","Slice","Outmaneuver","Good Instincts","Cloak And Dagger","Membership Card","PiercingWail"],"campfire_rested":4,"item_purchase_floors":[6,6,6,21,21,36,46,46],"current_hp_per_floor":[48,48,32,21,21,21,21,16,16,49,44,35,33,31,60,56,59,35,35,35,35,35,20,20,42,42,42,42,42,42,15,42,42,42,14,14,14,14,21,21,20,20,20,9,20,20,14,12,39,0],"gold":51,"neow_bonus":"TWO_FIFTY_GOLD","is_prod":false,"is_daily":false,"chose_seed":false,"campfire_upgraded":6,"win_rate":0,"timestamp":1565650240,"path_taken":["M","?","?","M","?","$","R","M","T","R","E","M","E","?","R","BOSS","M","?","?","$","?","E","R","M","T","R","?","R","M","?","R","BOSS","M","$","?","?","M","R","E","R","T","M","E","$","M","E","R","BOSS"],"build_version":"2019-07-17","purchased_purges":1,"victory":false,"max_hp_per_floor":[60,60,60,60,60,60,60,60,60,60,60,60,60,60,60,60,60,60,60,60,60,42,42,42,42,42,42,42,42,42,42,42,42,42,42,42,42,42,42,42,42,42,42,42,42,42,42,42,42,42],"card_choices":[{"not_picked":["Poisoned Stab","PiercingWail"],"picked":"Dodge and Roll","floor":1.0},{"not_picked":["Finisher","Calculated Gamble"],"picked":"Predator","floor":3.0},{"not_picked":["Eviscerate","Deadly Poison"],"picked":"All Out Attack","floor":4.0},{"not_picked":["Concentrate","Tactician"],"picked":"Footwork","floor":8.0},{"not_picked":["Dagger Spray","Flechettes"],"picked":"Slice","floor":11.0},{"not_picked":["Caltrops","Dagger Throw","Acrobatics"],"picked":"Footwork","floor":12.0},{"not_picked":["Outmaneuver","Escape Plan","Noxious Fumes"],"picked":"Deflect","floor":13.0},{"not_picked":["Phantasmal Killer","Dodge and Roll","Leg Sweep"],"picked":"Well Laid Plans","floor":14.0},{"not_picked":["Wraith Form v2","Phantasmal Killer","Storm of Steel"],"picked":"After Image","floor":16.0},{"not_picked":["Dagger Spray+1","Blade Dance","PiercingWail"],"picked":"Deflect","floor":18.0},{"not_picked":["Dagger Throw+1","Prepared","Acrobatics"],"picked":"Calculated Gamble","floor":23.0},{"not_picked":["Flechettes+1","PiercingWail","Dodge and Roll"],"picked":"Outmaneuver+1","floor":25.0},{"not_picked":["Flechettes+1","Acrobatics+1","Underhanded Strike+1"],"picked":"Blade Dance","floor":30.0},{"not_picked":["Heel Hook+1","Night Terror","Quick Slash+1"],"picked":"Sucker Punch+1","floor":31.0},{"not_picked":["Phantasmal Killer","Die Die Die+1","Corpse Explosion"],"picked":"Envenom","floor":33.0},{"not_picked":["Dagger Throw+1","Backflip","Bane+1"],"picked":"Flechettes+1","floor":35.0},{"not_picked":["Impatience","Madness","Good Instincts"],"picked":"Swift Strike+1","floor":37.0},{"not_picked":["Dash+1","Finisher+1","Deadly Poison"],"picked":"Dodge and Roll","floor":39.0},{"not_picked":["Riddle With Holes+1","Sucker Punch+1","Deadly Poison","Reflex"],"picked":"SKIP","floor":41.0},{"not_picked":["Outmaneuver","Flying Knee+1","Dodge and Roll+1"],"picked":"Deflect+1","floor":44.0},{"not_picked":["Flying Knee+1","Wraith Form v2","Acrobatics"],"picked":"Deflect","floor":45.0},{"not_picked":["Dagger Spray+1","Prepared","Choke+1"],"picked":"Cloak And Dagger+1","floor":47.0},{"not_picked":["PiercingWail","Calculated Gamble+1","Reflex+1"],"picked":"Envenom","floor":48}],"player_experience":688182,"relics_obtained":[{"floor":9.0,"key":"Pocketwatch"},{"floor":11.0,"key":"Question Card"},{"floor":13.0,"key":"Molten Egg 2"},{"floor":14.0,"key":"Odd Mushroom"},{"floor":20.0,"key":"MawBank"},{"floor":23.0,"key":"Kunai"},{"floor":26.0,"key":"Letter Opener"},{"floor":31.0,"key":"Red Mask"},{"floor":41.0,"key":"PreservedInsect"},{"floor":43.0,"key":"War Paint"},{"floor":45.0,"key":"Bag of Marbles"},{"floor":48,"key":"Bronze Scales"}],"event_choices":[{"damage_healed":0.0,"max_hp_gain":0.0,"max_hp_loss":0.0,"gold_gain":0.0,"event_name":"Match and Keep!","player_choice":"1 cards matched","floor":2.0,"gold_loss":0.0,"damage_taken":0.0,"cards_obtained":["A Thousand Cuts"]},{"cards_removed":["Strike_G"],"damage_healed":0.0,"max_hp_gain":0.0,"max_hp_loss":0.0,"gold_gain":0.0,"event_name":"The Cleric","player_choice":"Card Removal","floor":5.0,"gold_loss":75.0,"damage_taken":0.0},{"damage_healed":0.0,"max_hp_gain":0.0,"max_hp_loss":0.0,"gold_gain":0.0,"event_name":"Mushrooms","player_choice":"Fought Mushrooms","floor":14.0,"gold_loss":0.0,"damage_taken":0.0},{"damage_healed":0.0,"max_hp_gain":0.0,"max_hp_loss":0.0,"gold_gain":0.0,"event_name":"Ghosts","player_choice":"Ignored","floor":19.0,"gold_loss":0.0,"damage_taken":0.0},{"damage_healed":0.0,"max_hp_gain":0.0,"max_hp_loss":18.0,"gold_gain":0.0,"event_name":"Vampires","player_choice":"Became a vampire","floor":22.0,"gold_loss":0.0,"damage_taken":0.0,"cards_obtained":["Bite","Bite","Bite","Bite","Bite"]},{"damage_healed":0.0,"max_hp_gain":0.0,"max_hp_loss":0.0,"gold_gain":0.0,"event_name":"Masked Bandits","player_choice":"Fought Bandits","floor":31.0,"gold_loss":0.0,"damage_taken":0.0},{"damage_healed":0.0,"max_hp_gain":0.0,"max_hp_loss":0.0,"gold_gain":0.0,"event_name":"SensoryStone","player_choice":"Memory 1","floor":37.0,"gold_loss":0.0,"damage_taken":0.0},{"damage_healed":0.0,"max_hp_gain":0.0,"max_hp_loss":0.0,"gold_gain":0.0,"event_name":"The Moai Head","player_choice":"Ignored","floor":38.0,"gold_loss":0.0,"damage_taken":0.0}],"is_beta":false,"boss_relics":[{"not_picked":["Cursed Key","Calling Bell"],"picked":"Ring of the Serpent"},{"not_picked":["Fusion Hammer","Runic Pyramid"],"picked":"Lizard Tail"}],"items_purged_floors":[21],"is_endless":false,"potions_floor_spawned":[11,12,13,16,25,31,35,44,45],"killed_by":"Awakened One","ascension_level":20}