{"gold_per_floor":[119,31,31,44,18,52,72,86,86,145,145],"floor_reached":11,"playtime":489,"items_purged":[],"score":196,"play_id":"cbfddcde-3088-4646-ace1-a2c55f614615","local_time":"20190814141109","is_ascension_mode":true,"campfire_choices":[],"neow_cost":"NONE","seed_source_timestamp":1835250392114790,"circlet_count":0,"master_deck":["AscendersBane","Strike_G","Strike_G","Strike_G","Strike_G","Defend_G","Defend_G","Defend_G","Defend_G","Defend_G","Survivor","Neutralize","Outmaneuver","Noxious Fumes","PiercingWail","Sucker Punch","Cloak And Dagger","Malaise","Blur","Blur"],"special_seed":0,"relics":["Ring of the Snake","NeowsBlessing","Regal Pillow","Ninja Scroll","Prayer Wheel"],"potions_floor_usage":[8,8],"damage_taken":[{"damage":0.0,"enemies":"Cultist","floor":1.0,"turns":1.0},{"damage":0.0,"enemies":"Small Slimes","floor":4.0,"turns":1.0},{"damage":0.0,"enemies":"Gremlin Nob","floor":6.0,"turns":1.0},{"damage":0,"enemies":"Jaw Worm","floor":7,"turns":7},{"damage":3,"enemies":"Looter","floor":8,"turns":4},{"damage":32,"enemies":"3 Sentries","floor":10,"turns":11},{"damage":22,"enemies":"3 Sentries","floor":11,"turns":6}],"seed_played":"1475929294849422961","potions_obtained":[{"floor":1.0,"key":"Swift Potion"},{"floor":4.0,"key":"SkillPotion"},{"floor":6.0,"key":"GamblersBrew"},{"floor":8,"key":"SpeedPotion"}],"is_trial":false,"path_per_floor":["M","$","?","M","$","E","M","M","T","?","E"],"character_chosen":"THE_SILENT","items_purchased":["Noxious Fumes","Sucker Punch"],"campfire_rested":0,"item_purchase_floors":[2,5],"current_hp_per_floor":[59,59,52,52,52,52,52,49,49,17,0],"gold":145,"neow_bonus":"THREE_ENEMY_KILL","is_prod":false,"is_daily":false,"chose_seed":false,"campfire_upgraded":0,"win_rate":0,"timestamp":1565817069,"path_taken":["M","?","?","?","$","E","M","M","T","?","E"],"build_version":"2019-07-17","purchased_purges":0,"victory":false,"max_hp_per_floor":[66,66,66,66,66,66,66,66,66,66,66],"card_choices":[{"not_picked":["Concentrate","Poisoned Stab"],"picked":"Outmaneuver","floor":1.0},{"not_picked":["Poisoned Stab","Prepared"],"picked":"PiercingWail","floor":4.0},{"not_picked":["Acrobatics","Flying Knee"],"picked":"Cloak And Dagger","floor":6.0},{"not_picked":["Flying Knee","Acrobatics"],"picked":"Malaise","floor":7},{"not_picked":["Quick Slash","PiercingWail"],"picked":"Blur","floor":8},{"not_picked":["Cloak And Dagger","Riddle With Holes"],"picked":"Blur","floor":10}],"player_experience":728131,"relics_obtained":[{"floor":6.0,"key":"Regal Pillow"},{"floor":9,"key":"Ninja Scroll"},{"floor":10,"key":"Prayer Wheel"}],"event_choices":[{"cards_removed":["Strike_G"],"damage_healed":0.0,"max_hp_gain":0.0,"max_hp_loss":0.0,"gold_gain":0.0,"event_name":"Golden Wing","player_choice":"Card Removal","floor":3.0,"gold_loss":0.0,"damage_taken":7.0},{"damage_healed":0,"gold_gain":30,"player_choice":"Searched \u00273\u0027 times","damage_taken":0,"max_hp_gain":0,"max_hp_loss":0,"event_name":"Dead Adventurer","floor":10,"gold_loss":0}],"is_beta":false,"boss_relics":[],"items_purged_floors":[],"is_endless":false,"potions_floor_spawned":[1,4,6,8],"killed_by":"3 Sentries","ascension_level":20}