{"gold_per_floor":[113,38,49,49,49,49,83,83,164,180,6,16,35,47,47,144,144,158,176,51,51,51,51,68,95,145,145],"floor_reached":27,"playtime":1814,"items_purged":["Writhe","Strike_R","Strike_R"],"score":245,"play_id":"ee103373-9186-43de-bce8-1d6348ef2eac","local_time":"20190819015135","is_ascension_mode":true,"campfire_choices":[{"data":"Seeing Red","floor":6.0,"key":"SMITH"},{"data":"Twin Strike","floor":8.0,"key":"SMITH"},{"data":"Searing Blow","floor":15.0,"key":"SMITH"},{"data":"Searing Blow+1","floor":23.0,"key":"SMITH"}],"neow_cost":"CURSE","seed_source_timestamp":31269084981500,"circlet_count":0,"master_deck":["Strike_R","Defend_R","Defend_R","Defend_R","Defend_R+1","Bash+1","Twin Strike+1","Seeing Red+1","Cleave+1","Rampage","Searing Blow+2","Thunderclap","Demon Form","Headbutt"],"special_seed":0,"relics":["Burning Blood","Calipers","Shuriken","Busted Crown","Smiling Mask","Lantern"],"potions_floor_usage":[27],"damage_taken":[{"damage":0.0,"enemies":"Small Slimes","floor":1.0,"turns":3.0},{"damage":6.0,"enemies":"Jaw Worm","floor":3.0,"turns":2.0},{"damage":18.0,"enemies":"Lagavulin","floor":7.0,"turns":5.0},{"damage":0.0,"enemies":"2 Louse","floor":10.0,"turns":2.0},{"damage":5.0,"enemies":"Exordium Thugs","floor":12.0,"turns":4.0},{"damage":0.0,"enemies":"Lots of Slimes","floor":13.0,"turns":1.0},{"damage":0.0,"enemies":"3 Louse","floor":14.0,"turns":2.0},{"damage":60.0,"enemies":"The Guardian","floor":16.0,"turns":10.0},{"damage":19.0,"enemies":"2 Thieves","floor":18.0,"turns":3.0},{"damage":13.0,"enemies":"3 Byrds","floor":19.0,"turns":4.0},{"damage":21.0,"enemies":"Shelled Parasite and Fungi","floor":24.0,"turns":3.0},{"damage":44.0,"enemies":"Book of Stabbing","floor":25.0,"turns":5.0},{"damage":12,"enemies":"Slavers","floor":27,"turns":1}],"seed_played":"8260717887625370274","potions_obtained":[{"floor":1.0,"key":"SteroidPotion"},{"floor":7.0,"key":"Dexterity Potion"},{"floor":10.0,"key":"FearPotion"},{"floor":16.0,"key":"FearPotion"},{"floor":18.0,"key":"BloodPotion"},{"floor":19.0,"key":"Fire Potion"},{"floor":21.0,"key":"Poison Potion"}],"is_trial":false,"path_per_floor":["M","$","M","?","?","R","E","R","T","M","$","M","M","M","R","B",null,"M","M","$","?","$","R","M","E","T","E"],"character_chosen":"IRONCLAD","items_purchased":["Searing Blow"],"campfire_rested":0,"item_purchase_floors":[11],"current_hp_per_floor":[80,80,80,64,64,64,52,52,52,58,58,59,65,71,71,17,80,67,60,60,60,60,60,45,7,7,0],"gold":145,"neow_bonus":"TRANSFORM_TWO_CARDS","is_prod":false,"is_daily":false,"chose_seed":false,"campfire_upgraded":4,"win_rate":0,"timestamp":1566172295,"path_taken":["M","$","M","?","?","R","E","R","T","M","$","M","M","M","R","BOSS","M","M","$","?","?","R","M","E","T","E"],"build_version":"2019-01-23","purchased_purges":3,"victory":false,"max_hp_per_floor":[80,80,80,80,80,80,80,80,80,80,80,80,80,80,80,80,80,80,80,80,80,80,80,80,80,80,80],"card_choices":[{"not_picked":["True Grit","Shrug It Off"],"picked":"Cleave","floor":1.0},{"not_picked":["Cleave","Hemokinesis","Sword Boomerang"],"picked":"SKIP","floor":3.0},{"not_picked":["Clash","Battle Trance","True Grit"],"picked":"SKIP","floor":7.0},{"not_picked":["Infernal Blade","Havoc"],"picked":"Rampage","floor":10.0},{"not_picked":["Clash","Havoc","Shockwave"],"picked":"SKIP","floor":12.0},{"not_picked":["Clash","Havoc","Shockwave"],"picked":"SKIP","floor":12.0},{"not_picked":["Metallicize","Intimidate"],"picked":"Thunderclap","floor":13.0},{"not_picked":["Anger","Wild Strike","Hemokinesis"],"picked":"SKIP","floor":14.0},{"not_picked":["Berserk","Immolate"],"picked":"Demon Form","floor":16.0},{"not_picked":["Anger"],"picked":"SKIP","floor":18.0},{"not_picked":["Heavy Blade"],"picked":"SKIP","floor":19.0},{"not_picked":["Clothesline"],"picked":"SKIP","floor":24.0},{"not_picked":[],"picked":"Headbutt","floor":25.0}],"player_experience":237768,"relics_obtained":[{"floor":7.0,"key":"Calipers"},{"floor":9.0,"key":"Shuriken"},{"floor":25.0,"key":"Smiling Mask"},{"floor":26.0,"key":"Lantern"}],"event_choices":[{"damage_healed":0.0,"max_hp_gain":0.0,"max_hp_loss":0.0,"gold_gain":0.0,"event_name":"Shining Light","player_choice":"Entered Light","floor":4.0,"gold_loss":0.0,"damage_taken":16.0,"cards_upgraded":["Defend_R","Bash"]},{"damage_healed":0.0,"max_hp_gain":0.0,"max_hp_loss":0.0,"gold_gain":0.0,"event_name":"Living Wall","player_choice":"Grow","floor":5.0,"gold_loss":0.0,"damage_taken":0.0,"cards_upgraded":["Cleave"]},{"damage_healed":0.0,"max_hp_gain":0.0,"max_hp_loss":0.0,"gold_gain":0.0,"event_name":"Lab","player_choice":"Got Potions","floor":21.0,"gold_loss":0.0,"damage_taken":0.0}],"is_beta":false,"boss_relics":[{"not_picked":["Eternal Feather","Velvet Choker"],"picked":"Busted Crown"}],"items_purged_floors":[2,11,20],"is_endless":false,"potions_floor_spawned":[1,7,10,16,18,19],"killed_by":"Slavers","ascension_level":1}