{"gold_per_floor":[115,135,135,135,23,23,38,38,38,38,51,84,84,84],"floor_reached":14,"playtime":1178,"items_purged":["Strike_G"],"score":176,"play_id":"aa3b875c-9170-4664-a41e-e3193fce89a5","local_time":"20190805162730","is_ascension_mode":true,"campfire_choices":[{"data":"Magnetism","floor":6.0,"key":"SMITH"},{"data":"Madness","floor":8.0,"key":"SMITH"},{"data":"Footwork","floor":10.0,"key":"SMITH"},{"data":"Outmaneuver","floor":13.0,"key":"SMITH"}],"neow_cost":"TEN_PERCENT_HP_LOSS","seed_source_timestamp":1064904806102154,"circlet_count":0,"master_deck":["AscendersBane","Strike_G","Strike_G","Strike_G","Strike_G","Defend_G","Defend_G","Defend_G","Defend_G","Defend_G","Survivor","Neutralize","Madness+1","Magnetism+1","Outmaneuver+1","Footwork+1","Caltrops","Dash","Deflect","Deflect"],"special_seed":0,"relics":["Ring of the Snake","Ornamental Fan","Pantograph","Juzu Bracelet"],"potions_floor_usage":[14],"damage_taken":[{"damage":4.0,"enemies":"2 Louse","floor":1.0,"turns":6.0},{"damage":5.0,"enemies":"Small Slimes","floor":2.0,"turns":4.0},{"damage":0.0,"enemies":"Cultist","floor":7.0,"turns":5.0},{"damage":0.0,"enemies":"Red Slaver","floor":11.0,"turns":6.0},{"damage":11.0,"enemies":"3 Sentries","floor":12.0,"turns":8.0},{"damage":35,"enemies":"Gremlin Nob","floor":14,"turns":4}],"seed_played":"-4569887748534614722","potions_obtained":[{"floor":4.0,"key":"Block Potion"},{"floor":4.0,"key":"LiquidBronze"},{"floor":12.0,"key":"SkillPotion"}],"is_trial":false,"path_per_floor":["M","M","?","?","$","R","M","R","T","R","M","E","R","E"],"character_chosen":"THE_SILENT","items_purchased":["Caltrops"],"campfire_rested":0,"item_purchase_floors":[5],"current_hp_per_floor":[55,50,45,45,45,45,45,45,45,45,45,34,34,0],"gold":84,"neow_bonus":"RANDOM_COLORLESS_2","is_prod":false,"is_daily":false,"chose_seed":false,"campfire_upgraded":4,"win_rate":0,"timestamp":1565047650,"path_taken":["M","M","?","?","$","R","M","R","T","R","?","E","R","E"],"build_version":"2019-07-17","purchased_purges":1,"victory":false,"max_hp_per_floor":[60,60,60,60,60,60,60,60,60,60,60,60,60,60],"card_choices":[{"not_picked":["Deadly Poison","Poisoned Stab"],"picked":"Outmaneuver","floor":1.0},{"not_picked":["PiercingWail","Choke"],"picked":"Footwork","floor":2.0},{"not_picked":["Underhanded Strike","Masterful Stab"],"picked":"Dash","floor":7.0},{"not_picked":["Bouncing Flask","Prepared"],"picked":"Deflect","floor":11.0},{"not_picked":["Concentrate","Riddle With Holes"],"picked":"Deflect","floor":12.0}],"player_experience":657678,"relics_obtained":[{"floor":9.0,"key":"Pantograph"},{"floor":12.0,"key":"Juzu Bracelet"}],"event_choices":[{"damage_healed":0.0,"max_hp_gain":0.0,"max_hp_loss":0.0,"gold_gain":0.0,"event_name":"Scrap Ooze","player_choice":"Success","floor":3.0,"gold_loss":0.0,"damage_taken":5.0,"relics_obtained":["Ornamental Fan"]},{"damage_healed":0.0,"max_hp_gain":0.0,"max_hp_loss":0.0,"gold_gain":0.0,"event_name":"Lab","player_choice":"Got Potions","floor":4.0,"gold_loss":0.0,"damage_taken":0.0}],"is_beta":false,"boss_relics":[],"items_purged_floors":[5],"is_endless":false,"potions_floor_spawned":[12],"killed_by":"Gremlin Nob","ascension_level":20}