{"gold_per_floor":[109,109,126,143,155,155,167,167,167,231,165,50,63,83,83,160,160,175,185,185,185,235,235,235,235,289,289],"floor_reached":27,"playtime":1090,"items_purged":[],"score":396,"play_id":"2398b1e5-c8b9-42c0-8b5d-1e9d115550b9","local_time":"20190804215628","is_ascension_mode":true,"campfire_choices":[{"data":"Genetic Algorithm","floor":6,"key":"SMITH"},{"data":"Doom and Gloom","floor":8,"key":"SMITH"},{"floor":15,"key":"REST"},{"data":"Loop","floor":23,"key":"SMITH"},{"floor":25,"key":"REST"}],"neow_cost":"TEN_PERCENT_HP_LOSS","seed_source_timestamp":6519101909000,"circlet_count":0,"master_deck":["AscendersBane","Strike_B","Strike_B","Defend_B","Defend_B","Defend_B","Defend_B","Zap","Dualcast","Doom and Gloom+1","Go for the Eyes","Loop+1","Genetic Algorithm+1","Chaos","Redo","Consume","Cold Snap","Redo","Biased Cognition","Coolheaded","Leap","Conserve Battery","Loop+1"],"relics":["Cracked Core","GremlinMask","Sundial","Bag of Preparation","Snecko Eye","Vajra"],"potions_floor_usage":[10,14,27],"damage_taken":[{"damage":4,"enemies":"Jaw Worm","floor":1,"turns":5},{"damage":8,"enemies":"Cultist","floor":3,"turns":5},{"damage":6,"enemies":"Small Slimes","floor":4,"turns":4},{"damage":16,"enemies":"Blue Slaver","floor":5,"turns":4},{"damage":16,"enemies":"Large Slime","floor":7,"turns":6},{"damage":8,"enemies":"Gremlin Nob","floor":10,"turns":3},{"damage":4,"enemies":"Looter","floor":13,"turns":5},{"damage":0,"enemies":"Lots of Slimes","floor":14,"turns":2},{"damage":5,"enemies":"Hexaghost","floor":16,"turns":9},{"damage":22,"enemies":"2 Thieves","floor":18,"turns":4},{"damage":9,"enemies":"Chosen","floor":19,"turns":4},{"damage":51,"enemies":"Slavers","floor":27,"turns":3}],"seed_played":"-1633528563635704610","potions_obtained":[{"floor":1,"key":"SteroidPotion"},{"floor":3,"key":"SkillPotion"},{"floor":4,"key":"Fire Potion"},{"floor":5,"key":"Weak Potion"},{"floor":14,"key":"FearPotion"},{"floor":19,"key":"LiquidBronze"}],"is_trial":false,"path_per_floor":["M","?","M","M","M","R","M","R","T","?","?","$","M","M","R","B",null,"M","M","?","?","?","R","?","R","T","E"],"character_chosen":"DEFECT","items_purchased":["Redo","Consume"],"campfire_rested":2,"item_purchase_floors":[12,12],"current_hp_per_floor":[60,60,52,46,30,30,14,14,14,6,6,6,2,2,21,16,52,30,21,21,21,21,21,21,40,40,0],"gold":289,"neow_bonus":"REMOVE_TWO","is_prod":false,"is_daily":false,"chose_seed":false,"campfire_upgraded":3,"win_rate":0,"timestamp":1564948588,"path_taken":["M","?","M","M","M","R","?","R","T","?","?","?","M","M","R","BOSS","M","M","?","?","?","R","?","R","T","E"],"build_version":"2019-07-17","purchased_purges":0,"victory":false,"max_hp_per_floor":[64,64,64,64,64,64,64,64,64,64,64,64,64,64,64,64,64,64,64,64,64,64,64,64,64,64,64],"card_choices":[{"not_picked":["Storm","Conserve Battery"],"picked":"Doom and Gloom","floor":1},{"not_picked":["Compile Driver","Fusion"],"picked":"Go for the Eyes","floor":3},{"not_picked":["Rebound","Rip and Tear"],"picked":"Loop","floor":4},{"not_picked":["Scrape","Chaos"],"picked":"Genetic Algorithm","floor":5},{"not_picked":["Aggregate","Turbo","Double Energy"],"picked":"SKIP","floor":7},{"not_picked":["Compile Driver","Gash"],"picked":"Chaos","floor":10},{"not_picked":["Scrape","Gash"],"picked":"Cold Snap","floor":13},{"not_picked":["Go for the Eyes","Aggregate"],"picked":"Redo","floor":14},{"not_picked":["Rainbow","Reboot"],"picked":"Biased Cognition","floor":16},{"not_picked":["Hologram+1","FTL+1"],"picked":"Coolheaded","floor":18},{"not_picked":["Rebound","Redo+1"],"picked":"Leap","floor":19}],"player_experience":1467961,"relics_obtained":[{"floor":9,"key":"Sundial"},{"floor":10,"key":"Bag of Preparation"},{"floor":26,"key":"Vajra"}],"event_choices":[{"damage_healed":0,"gold_gain":0,"player_choice":"Trade","damage_taken":0,"relics_obtained":["GremlinMask"],"max_hp_gain":0,"max_hp_loss":0,"event_name":"FaceTrader","floor":2,"gold_loss":0},{"damage_healed":0,"gold_gain":0,"player_choice":"Searched \u00271\u0027 times","damage_taken":0,"max_hp_gain":0,"max_hp_loss":0,"event_name":"Dead Adventurer","floor":10,"gold_loss":0},{"damage_healed":0,"gold_gain":0,"player_choice":"Left Gold","damage_taken":0,"max_hp_gain":0,"max_hp_loss":0,"event_name":"World of Goop","floor":11,"gold_loss":66},{"damage_healed":0,"gold_gain":0,"player_choice":"Read","damage_taken":0,"max_hp_gain":0,"max_hp_loss":0,"event_name":"The Library","floor":20,"gold_loss":0,"cards_obtained":["Conserve Battery"]},{"damage_healed":0,"gold_gain":0,"player_choice":"Ignored","damage_taken":0,"max_hp_gain":0,"max_hp_loss":0,"event_name":"Vampires","floor":21,"gold_loss":0},{"damage_healed":0,"gold_gain":50,"player_choice":"Stole From Cult","damage_taken":0,"max_hp_gain":0,"max_hp_loss":0,"event_name":"Nest","floor":22,"gold_loss":0},{"damage_healed":0,"gold_gain":0,"player_choice":"Copied","damage_taken":0,"max_hp_gain":0,"max_hp_loss":0,"event_name":"Duplicator","floor":24,"gold_loss":0,"cards_obtained":["Loop"]}],"is_beta":false,"boss_relics":[{"not_picked":["Empty Cage","Nuclear Battery"],"picked":"Snecko Eye"}],"items_purged_floors":[],"is_endless":false,"potions_floor_spawned":[1,3,4,5,14,19],"killed_by":"Slavers","ascension_level":19}