{"gold_per_floor":[115,133,24,34,51,51,77,77,77,105,105,131,131,56,56,56],"floor_reached":16,"playtime":890,"items_purged":[],"score":236,"play_id":"2ffe82ea-6b6a-4bf6-8811-086717287400","local_time":"20190811221135","is_ascension_mode":true,"campfire_choices":[{"data":"Ball Lightning","floor":6,"key":"SMITH"},{"data":"Sweeping Beam","floor":8,"key":"SMITH"},{"data":"Coolheaded","floor":11,"key":"SMITH"},{"data":"Machine Learning","floor":13,"key":"SMITH"},{"data":"Conserve Battery","floor":15,"key":"SMITH"}],"neow_cost":"NONE","seed_source_timestamp":612446400927300,"circlet_count":0,"master_deck":["AscendersBane","Strike_B","Strike_B","Strike_B","Defend_B","Defend_B","Defend_B","Defend_B","Zap","Dualcast","Lockon","Compile Driver","Ball Lightning+1","Conserve Battery","Coolheaded+1","Gash","Sweeping Beam+1","Machine Learning+1","Conserve Battery+1"],"relics":["Cracked Core","Pen Nib","Orichalcum","Sundial","Smiling Mask"],"potions_floor_usage":[7,10,16],"damage_taken":[{"damage":0,"enemies":"Cultist","floor":1,"turns":3},{"damage":0,"enemies":"Small Slimes","floor":2,"turns":3},{"damage":2,"enemies":"2 Louse","floor":4,"turns":3},{"damage":14,"enemies":"Lots of Slimes","floor":5,"turns":4},{"damage":7,"enemies":"Gremlin Nob","floor":7,"turns":3},{"damage":2,"enemies":"3 Sentries","floor":10,"turns":4},{"damage":14,"enemies":"Lagavulin","floor":12,"turns":6},{"damage":30,"enemies":"Slime Boss","floor":16,"turns":6}],"seed_played":"-2015447791584272627","potions_obtained":[{"floor":0,"key":"Fire Potion"},{"floor":0,"key":"Energy Potion"},{"floor":12,"key":"Swift Potion"}],"is_trial":false,"path_per_floor":["M","M","$","M","M","R","E","R","T","E","R","E","R","?","R","B"],"character_chosen":"DEFECT","items_purchased":["Ball Lightning","Conserve Battery"],"campfire_rested":0,"item_purchase_floors":[3,3],"current_hp_per_floor":[64,64,64,62,48,48,41,41,41,39,39,25,25,25,25,0],"gold":56,"neow_bonus":"THREE_SMALL_POTIONS","is_prod":false,"is_daily":false,"chose_seed":false,"campfire_upgraded":5,"win_rate":0,"timestamp":1565554295,"path_taken":["M","M","?","?","M","R","E","R","T","E","R","E","R","?","R","BOSS"],"build_version":"2019-07-17","purchased_purges":0,"victory":false,"max_hp_per_floor":[71,71,71,71,71,71,71,71,71,71,71,71,71,71,71,71],"card_choices":[{"not_picked":["Reprogram","Leap"],"picked":"Lockon","floor":1},{"not_picked":["Rebound","Leap"],"picked":"Compile Driver","floor":2},{"not_picked":["Chaos","Ball Lightning"],"picked":"Coolheaded","floor":4},{"not_picked":["Chill","Rip and Tear"],"picked":"Gash","floor":5},{"not_picked":["Self Repair","Auto Shields"],"picked":"Sweeping Beam","floor":7},{"not_picked":["Rip and Tear","Barrage"],"picked":"Machine Learning","floor":10},{"not_picked":["Redo","Barrage"],"picked":"Conserve Battery","floor":12}],"player_experience":1478194,"relics_obtained":[{"floor":7,"key":"Pen Nib"},{"floor":9,"key":"Orichalcum"},{"floor":10,"key":"Sundial"},{"floor":12,"key":"Smiling Mask"}],"event_choices":[{"cards_removed":["Strike_B"],"damage_healed":0,"gold_gain":0,"player_choice":"Card Removal","damage_taken":0,"max_hp_gain":0,"max_hp_loss":0,"event_name":"The Cleric","floor":14,"gold_loss":75}],"is_beta":false,"boss_relics":[],"items_purged_floors":[],"is_endless":false,"potions_floor_spawned":[2,12],"killed_by":"Slime Boss","ascension_level":20}