{"gold_per_floor":[112,126,142,153,153,153,153,2,2,36,46,58,33,208,208,306,306,318,318,335,348,5,32,32],"floor_reached":24,"playtime":2638,"items_purged":[],"score":243,"play_id":"a83b52dd-90aa-4e94-8344-53fe7841859c","local_time":"20180807183606","is_ascension_mode":false,"campfire_choices":[{"floor":6,"key":"REST"},{"floor":15,"key":"REST"}],"neow_cost":"FIFTY_PERCENT_DAMAGE","seed_source_timestamp":289093549027623,"circlet_count":0,"master_deck":["Defend_G","Defend_G","Defend_G","Defend_G","Strike_G","Strike_G","Survivor","Neutralize","Quick Slash","Finisher","Flying Knee","Slice","Sucker Punch","Terror","Endless Agony","Crippling Poison","Quick Slash","Crippling Poison","Dagger Spray","Cloak And Dagger","Bane","Deflect","Doubt","Adrenaline","Prepared","Heel Hook","After Image","Predator","Catalyst","Outmaneuver+1","Cloak And Dagger","Dash+1","Prepared","Blade Dance","Quick Slash+1","Backflip","Backstab"],"relics":["Ring of the Snake","Prayer Wheel","Du-Vu Doll","Nunchaku","Orrery","Sundial","Kunai"],"potions_floor_usage":[16,16,16],"damage_taken":[{"damage":2,"enemies":"Small Slimes","floor":1,"turns":4},{"damage":0,"enemies":"Cultist","floor":2,"turns":2},{"damage":0,"enemies":"Jaw Worm","floor":3,"turns":2},{"damage":3,"enemies":"Exordium Wildlife","floor":4,"turns":4},{"damage":7,"enemies":"3 Sentries","floor":10,"turns":9},{"damage":8,"enemies":"2 Fungi Beasts","floor":11,"turns":4},{"damage":0,"enemies":"Large Slime","floor":12,"turns":3},{"damage":6,"enemies":"Hexaghost","floor":16,"turns":6},{"damage":0,"enemies":"3 Byrds","floor":18,"turns":5},{"damage":14,"enemies":"2 Thieves","floor":20,"turns":3},{"damage":2,"enemies":"Centurion and Healer","floor":21,"turns":6},{"damage":42,"enemies":"Gremlin Leader","floor":23,"turns":10},{"damage":20,"enemies":"Sentry and Sphere","floor":24,"turns":3}],"seed_played":"6414262063091521334","potions_obtained":[{"floor":2,"key":"FearPotion"},{"floor":11,"key":"Energy Potion"},{"floor":12,"key":"GhostInAJar"},{"floor":20,"key":"FearPotion"}],"is_trial":false,"path_per_floor":["M","M","M","M","?","R","?","$","T","E","M","M","$","?","R","B",null,"M","?","M","M","$","E"],"character_chosen":"THE_SILENT","items_purchased":["Endless Agony","Crippling Poison","Deflect","Sundial","Backflip"],"campfire_rested":2,"item_purchase_floors":[8,8,13,22,22],"current_hp_per_floor":[33,33,33,30,30,51,44,44,44,37,29,29,29,29,50,44,70,70,70,56,54,54,12,0],"gold":32,"neow_bonus":"TRANSFORM_TWO_CARDS","is_prod":false,"is_daily":false,"chose_seed":false,"campfire_upgraded":0,"win_rate":0,"timestamp":1533659766,"path_taken":["M","M","M","M","?","R","?","$","T","E","?","M","$","?","R","BOSS","M","?","M","M","$","E","M"],"build_version":"2018-08-02","purchased_purges":0,"victory":false,"max_hp_per_floor":[70,70,70,70,70,70,70,70,70,70,70,70,70,70,70,70,70,70,70,70,70,70,70,70],"card_choices":[{"not_picked":["Outmaneuver","Quick Slash"],"picked":"Flying Knee","floor":1},{"not_picked":["Dagger Throw","Blade Dance"],"picked":"Slice","floor":2},{"not_picked":["Deflect","Dagger Throw"],"picked":"Sucker Punch","floor":3},{"not_picked":["Dagger Throw","Malaise"],"picked":"Terror","floor":4},{"not_picked":["Blade Dance","Finisher"],"picked":"Quick Slash","floor":10},{"not_picked":["Sucker Punch","Tactician"],"picked":"Crippling Poison","floor":11},{"not_picked":["Choke","Calculated Gamble"],"picked":"Dagger Spray","floor":11},{"not_picked":["Expertise","Sucker Punch"],"picked":"Cloak And Dagger","floor":12},{"not_picked":["Outmaneuver","Dagger Throw"],"picked":"Bane","floor":12},{"not_picked":["Glass Knife","Tools of the Trade"],"picked":"Adrenaline","floor":16},{"not_picked":["Accuracy","Flechettes"],"picked":"Prepared","floor":17},{"not_picked":["Poisoned Stab","Finisher"],"picked":"Heel Hook","floor":17},{"not_picked":["Skewer","PiercingWail"],"picked":"After Image","floor":17},{"not_picked":["Quick Slash","Blade Dance"],"picked":"Predator","floor":17},{"not_picked":["Slice","Reflex"],"picked":"Catalyst","floor":17},{"not_picked":["Terror","Acrobatics+1"],"picked":"Outmaneuver+1","floor":18},{"not_picked":["Expertise","Sucker Punch"],"picked":"Cloak And Dagger","floor":18},{"not_picked":["Dodge and Roll","PiercingWail+1"],"picked":"Dash+1","floor":20},{"not_picked":["Dodge and Roll","Distraction"],"picked":"Prepared","floor":20},{"not_picked":["Deflect","Footwork"],"picked":"Blade Dance","floor":21},{"not_picked":["Poisoned Stab","Sucker Punch+1"],"picked":"Quick Slash+1","floor":21},{"not_picked":["Predator","Escape Plan"],"picked":"Backstab","floor":23}],"player_experience":245666,"relics_obtained":[{"floor":9,"key":"Du-Vu Doll"},{"floor":10,"key":"Nunchaku"},{"floor":23,"key":"Kunai"}],"event_choices":[{"event_name":"Purifier","player_choice":"One Purge","floor":5,"damage_taken":0},{"event_name":"Scrap Ooze","player_choice":"success","floor":7,"damage_taken":7},{"event_name":"Liars Game","player_choice":"agreed","floor":14,"damage_taken":0},{"event_name":"Back to Basics","player_choice":"Elegance","floor":19,"damage_taken":0}],"is_beta":false,"boss_relics":[{"not_picked":["Runic Pyramid","Snecko Eye"],"picked":"Orrery"}],"items_purged_floors":[],"is_endless":false,"potions_floor_spawned":[2,11,12,20],"killed_by":"Sentry and Sphere","ascension_level":0}