{"gold_per_floor":[115,127,77,27,27,55,55,33,59,79,99,99,115,144,144,245,245,264,224,46,60,76,76,86,86,112,128,128,128,148,148],"floor_reached":31,"playtime":2030,"items_purged":[],"score":284,"play_id":"04649ec0-9b38-4446-b9e2-5e6f4af9d053","local_time":"20190710141547","is_ascension_mode":true,"campfire_choices":[{"floor":7,"key":"REST"},{"floor":12,"key":"RECALL"},{"floor":15,"key":"REST"},{"floor":23,"key":"REST"},{"floor":25,"key":"REST"}],"neow_cost":"NONE","seed_source_timestamp":702978714327132,"circlet_count":0,"master_deck":["Strike_G","Strike_G","Strike_G","Strike_G","Strike_G","Defend_G+1","Defend_G","Defend_G","Defend_G","Survivor","Neutralize","Noxious Fumes+1","Reflex","Dagger Throw+1","Escape Plan","Flying Knee","Underhanded Strike","Dagger Throw","Predator","Bane","Adrenaline","Reflex","Tactician","Crippling Poison","Infinite Blades","Caltrops","Underhanded Strike","Choke+1","Caltrops","RitualDagger","Underhanded Strike"],"relics":["Ring of the Snake","Bronze Scales","Blood Vial","Shuriken","Eternal Feather","MutagenicStrength"],"potions_floor_usage":[16,22,31],"damage_taken":[{"damage":0,"enemies":"2 Louse","floor":1,"turns":4},{"damage":9,"enemies":"Small Slimes","floor":2,"turns":5},{"damage":47,"enemies":"Gremlin Nob","floor":6,"turns":5},{"damage":1,"enemies":"Cultist","floor":10,"turns":4},{"damage":0,"enemies":"2 Fungi Beasts","floor":11,"turns":2},{"damage":0,"enemies":"Large Slime","floor":13,"turns":4},{"damage":17,"enemies":"3 Sentries","floor":14,"turns":6},{"damage":50,"enemies":"The Guardian","floor":16,"turns":9},{"damage":23,"enemies":"Shell Parasite","floor":18,"turns":4},{"damage":11,"enemies":"Spheric Guardian","floor":21,"turns":2},{"damage":30,"enemies":"Snake Plant","floor":22,"turns":5},{"damage":38,"enemies":"Sentry and Sphere","floor":24,"turns":5},{"damage":37,"enemies":"3 Cultists","floor":27,"turns":5},{"damage":19,"enemies":"Snecko","floor":30,"turns":4},{"damage":15,"enemies":"Centurion and Healer","floor":31,"turns":2}],"seed_played":"-7393335831070854883","potions_obtained":[{"floor":1,"key":"FairyPotion"},{"floor":10,"key":"Regen Potion"},{"floor":11,"key":"Strength Potion"},{"floor":16,"key":"SkillPotion"}],"is_trial":false,"path_per_floor":["M","M","?","$","?","E","R","$","T","M","M","R","M","E","R","B",null,"M","?","$","M","M","R","M","R","T","M","?","?","M","M"],"character_chosen":"THE_SILENT","items_purchased":["Dagger Throw","Flying Knee","Tactician","Crippling Poison","Infinite Blades"],"campfire_rested":4,"item_purchase_floors":[4,8,20,20,20],"current_hp_per_floor":[77,68,68,68,68,21,44,44,44,45,47,47,49,34,57,24,77,54,54,54,45,17,55,19,57,57,22,16,16,7,0],"gold":148,"neow_bonus":"TEN_PERCENT_HP_BONUS","is_prod":false,"is_daily":false,"chose_seed":false,"campfire_upgraded":0,"win_rate":0,"timestamp":1562793347,"path_taken":["M","M","?","$","?","E","R","$","T","M","M","R","M","E","R","BOSS","M","?","$","?","M","R","M","R","T","M","?","?","M","M"],"build_version":"2019-07-05","purchased_purges":0,"victory":false,"max_hp_per_floor":[77,77,77,77,77,77,77,77,77,77,77,77,77,77,77,77,77,77,77,77,77,77,77,77,77,77,77,77,77,77,77],"card_choices":[{"not_picked":["Escape Plan","PiercingWail"],"picked":"Noxious Fumes","floor":1},{"not_picked":["Flying Knee","Escape Plan"],"picked":"Reflex","floor":2},{"not_picked":["Blade Dance","Quick Slash"],"picked":"Escape Plan","floor":6},{"not_picked":["Quick Slash","Poisoned Stab"],"picked":"Underhanded Strike","floor":10},{"not_picked":["Accuracy","Outmaneuver"],"picked":"Dagger Throw","floor":11},{"not_picked":["Well Laid Plans","Poisoned Stab"],"picked":"Predator","floor":13},{"not_picked":["Poisoned Stab","Burst"],"picked":"Bane","floor":14},{"not_picked":["Glass Knife","Storm of Steel"],"picked":"Adrenaline","floor":16},{"not_picked":["Dagger Spray","Slice"],"picked":"Reflex","floor":18},{"not_picked":["Blade Dance","Backflip"],"picked":"Caltrops","floor":21},{"not_picked":["Cloak And Dagger","Bouncing Flask"],"picked":"Underhanded Strike","floor":22},{"not_picked":["Flechettes","Dodge and Roll"],"picked":"Choke+1","floor":24},{"not_picked":["Dagger Spray","Quick Slash+1"],"picked":"Caltrops","floor":27},{"not_picked":["Cloak And Dagger","Catalyst"],"picked":"Underhanded Strike","floor":30}],"player_experience":189729,"relics_obtained":[{"floor":6,"key":"Bronze Scales"},{"floor":9,"key":"Blood Vial"},{"floor":14,"key":"Shuriken"}],"event_choices":[{"cards_removed":["Defend_G"],"damage_healed":0,"gold_gain":0,"player_choice":"Card Removal","damage_taken":0,"max_hp_gain":0,"max_hp_loss":0,"event_name":"The Cleric","floor":3,"gold_loss":50},{"damage_healed":0,"gold_gain":0,"player_choice":"Grow","damage_taken":0,"max_hp_gain":0,"max_hp_loss":0,"event_name":"Living Wall","floor":5,"gold_loss":0,"cards_upgraded":["Noxious Fumes"]},{"damage_healed":0,"gold_gain":0,"player_choice":"Upgraded Two","damage_taken":0,"max_hp_gain":0,"max_hp_loss":0,"event_name":"Designer","floor":19,"gold_loss":40,"cards_upgraded":["Dagger Throw","Defend_G"]},{"damage_healed":0,"gold_gain":0,"player_choice":"Joined the Cult","damage_taken":6,"max_hp_gain":0,"max_hp_loss":0,"event_name":"Nest","floor":28,"gold_loss":0,"cards_obtained":["RitualDagger"]},{"damage_healed":0,"gold_gain":0,"player_choice":"Inject Mutagens","damage_taken":0,"relics_obtained":["MutagenicStrength"],"max_hp_gain":0,"max_hp_loss":0,"event_name":"Drug Dealer","floor":29,"gold_loss":0}],"is_beta":false,"boss_relics":[{"not_picked":["Coffee Dripper","White Beast Statue"],"picked":"Eternal Feather"}],"items_purged_floors":[],"is_endless":false,"potions_floor_spawned":[1,10,11,16,18],"killed_by":"Centurion and Healer","ascension_level":3}