{"gold_per_floor":[109,3,3,13,13,13,39,56,56,69,85,85,118,141,141,235,235,254,239,34,34],"floor_reached":21,"playtime":1169,"items_purged":["Eviscerate"],"score":432,"play_id":"a0e09db3-19eb-474a-9087-cabf6100c5d1","local_time":"20190812121155","is_ascension_mode":true,"campfire_choices":[{"data":"Bouncing Flask","floor":6,"key":"SMITH"},{"floor":15,"key":"REST"}],"neow_cost":"NONE","seed_source_timestamp":1654675792413868,"circlet_count":0,"master_deck":["AscendersBane","Survivor","Neutralize","Well Laid Plans","Footwork","Deadly Poison+1","Bouncing Flask+1","A Thousand Cuts","PiercingWail","Deflect","Blur","Sucker Punch","Noxious Fumes","Envenom","Prepared","Riddle With Holes","Envenom","Crippling Poison","Heel Hook","PiercingWail","Quick Slash","Reflex","Bane","Deflect","Outmaneuver","Storm of Steel"],"relics":["Ring of the Snake","NeowsBlessing","Gambling Chip","Matryoshka","Golden Idol","Strawberry","Pandora\u0027s Box"],"potions_floor_usage":[19],"damage_taken":[{"damage":0,"enemies":"Small Slimes","floor":1,"turns":1},{"damage":0,"enemies":"2 Louse","floor":4,"turns":1},{"damage":0,"enemies":"Gremlin Nob","floor":7,"turns":1},{"damage":1,"enemies":"Cultist","floor":8,"turns":3},{"damage":3,"enemies":"Exordium Wildlife","floor":10,"turns":4},{"damage":2,"enemies":"Blue Slaver","floor":11,"turns":4},{"damage":20,"enemies":"3 Sentries","floor":13,"turns":9},{"damage":5,"enemies":"Large Slime","floor":14,"turns":7},{"damage":28,"enemies":"Hexaghost","floor":16,"turns":9},{"damage":12,"enemies":"Spheric Guardian","floor":18,"turns":4},{"damage":3,"enemies":"2 Thieves","floor":19,"turns":4},{"damage":38,"enemies":"Snecko","floor":21,"turns":4}],"seed_played":"-5996139997060270901","potions_obtained":[{"floor":7,"key":"SneckoOil"},{"floor":10,"key":"Weak Potion"},{"floor":11,"key":"Block Potion"},{"floor":13,"key":"FearPotion"},{"floor":18,"key":"SkillPotion"},{"floor":19,"key":"PowerPotion"}],"is_trial":false,"path_per_floor":["M","$","?","M","?","R","E","M","T","M","M","?","E","M","R","B",null,"M","M","$","M"],"character_chosen":"THE_SILENT","items_purchased":["Footwork","Deadly Poison","Outmaneuver","Storm of Steel"],"campfire_rested":1,"item_purchase_floors":[2,2,20,20],"current_hp_per_floor":[59,59,39,39,39,39,39,38,38,35,33,33,20,15,35,7,52,40,37,37,0],"gold":34,"neow_bonus":"THREE_ENEMY_KILL","is_prod":false,"is_daily":false,"chose_seed":false,"campfire_upgraded":1,"win_rate":0,"timestamp":1565637115,"path_taken":["M","$","?","M","?","R","E","M","T","M","?","?","E","M","R","BOSS","M","M","$","M"],"build_version":"2019-07-17","purchased_purges":1,"victory":false,"max_hp_per_floor":[66,66,66,66,66,66,66,66,66,66,66,60,67,67,67,67,67,67,67,67,67],"card_choices":[{"not_picked":["Outmaneuver","Blur"],"picked":"Well Laid Plans","floor":1},{"not_picked":["Backflip","Choke"],"picked":"Bouncing Flask","floor":4},{"not_picked":["Blade Dance","Dodge and Roll"],"picked":"A Thousand Cuts","floor":7},{"not_picked":["Skewer","Backstab"],"picked":"PiercingWail","floor":8},{"not_picked":["Outmaneuver","Escape Plan"],"picked":"Deflect","floor":10},{"not_picked":["Bouncing Flask","Quick Slash"],"picked":"Blur","floor":11},{"not_picked":["Setup","Poisoned Stab"],"picked":"Sucker Punch","floor":13},{"not_picked":["Dodge and Roll","Blade Dance"],"picked":"Noxious Fumes","floor":14},{"not_picked":["Venomology","After Image"],"picked":"Envenom","floor":16},{"not_picked":["Quick Slash","Masterful Stab"],"picked":"Bane","floor":18},{"not_picked":["PiercingWail","Quick Slash+1"],"picked":"Deflect","floor":19}],"player_experience":685064,"relics_obtained":[{"floor":7,"key":"Gambling Chip"},{"floor":9,"key":"Matryoshka"},{"floor":13,"key":"Strawberry"}],"event_choices":[{"damage_healed":0,"gold_gain":0,"player_choice":"Entered Light","damage_taken":20,"max_hp_gain":0,"max_hp_loss":0,"event_name":"Shining Light","floor":3,"gold_loss":0,"cards_upgraded":["Deadly Poison","Strike_G"]},{"cards_removed":["Strike_G"],"damage_healed":0,"gold_gain":0,"player_choice":"Offered Basic","damage_taken":0,"max_hp_gain":0,"max_hp_loss":0,"event_name":"Bonfire Elementals","floor":5,"gold_loss":0},{"damage_healed":0,"gold_gain":0,"player_choice":"Lose Max HP","damage_taken":0,"relics_obtained":["Golden Idol"],"max_hp_gain":0,"max_hp_loss":6,"event_name":"Golden Idol","floor":12,"gold_loss":0}],"is_beta":false,"boss_relics":[{"not_picked":["Cursed Key","Velvet Choker"],"picked":"Pandora\u0027s Box"}],"items_purged_floors":[20],"is_endless":false,"potions_floor_spawned":[7,10,11,13,18,19],"killed_by":"Snecko","ascension_level":20}