{"gold_per_floor":[119,136,136,136,154,180,191,191,248,248,248,248,268,279,279,351,351,366,385,385,28,28,28,28,59,59,59,74,91,109,127,127,127],"floor_reached":33,"playtime":2255,"items_purged":[],"score":538,"play_id":"ac41295f-3365-4a94-9fa9-2f3bad7d4e28","local_time":"20190729152250","is_ascension_mode":true,"campfire_choices":[{"data":"Noxious Fumes","floor":8,"key":"SMITH"},{"data":"Glass Knife","floor":10,"key":"SMITH"},{"floor":12,"key":"REST"},{"data":"Dodge and Roll","floor":15,"key":"SMITH"},{"floor":23,"key":"REST"},{"data":"Blur","floor":27,"key":"SMITH"},{"floor":32,"key":"REST"}],"neow_cost":"NONE","seed_source_timestamp":1690270106749172,"circlet_count":0,"master_deck":["AscendersBane","Defend_G","Defend_G","Defend_G","Defend_G","Defend_G","Survivor","Neutralize+1","Noxious Fumes+1","Blade Dance","Glass Knife+1","Backflip","Blur+1","Dodge and Roll+1","Envenom","Unload+1","Phantasmal Killer+1","Riddle With Holes+1","Acrobatics","Tactician","RitualDagger+1","Concentrate","Backstab","Outmaneuver","Footwork","Escape Plan","Crippling Poison"],"relics":["Ring of the Snake","NeowsBlessing","Oddly Smooth Stone","Tiny Chest","The Specimen","Astrolabe","Bird Faced Urn","Ice Cream","Vajra","Whetstone"],"potions_floor_usage":[16,25,29,29,33,33],"damage_taken":[{"damage":0,"enemies":"Cultist","floor":1,"turns":1},{"damage":0,"enemies":"Small Slimes","floor":2,"turns":1},{"damage":0,"enemies":"Jaw Worm","floor":5,"turns":1},{"damage":22,"enemies":"3 Sentries","floor":6,"turns":9},{"damage":12,"enemies":"Exordium Thugs","floor":7,"turns":5},{"damage":9,"enemies":"Blue Slaver","floor":13,"turns":3},{"damage":0,"enemies":"Red Slaver","floor":14,"turns":3},{"damage":3,"enemies":"Hexaghost","floor":16,"turns":9},{"damage":11,"enemies":"Spheric Guardian","floor":18,"turns":5},{"damage":13,"enemies":"3 Byrds","floor":19,"turns":6},{"damage":18,"enemies":"Slavers","floor":25,"turns":6},{"damage":12,"enemies":"Sentry and Sphere","floor":28,"turns":7},{"damage":12,"enemies":"Snake Plant","floor":29,"turns":5},{"damage":11,"enemies":"Snecko","floor":30,"turns":6},{"damage":1,"enemies":"Centurion and Healer","floor":31,"turns":6},{"damage":59,"enemies":"Collector","floor":33,"turns":8}],"seed_played":"5524376571898601244","potions_obtained":[{"floor":2,"key":"GamblersBrew"},{"floor":5,"key":"Strength Potion"},{"floor":7,"key":"Block Potion"},{"floor":14,"key":"Poison Potion"},{"floor":19,"key":"GamblersBrew"},{"floor":28,"key":"Block Potion"},{"floor":29,"key":"Poison Potion"},{"floor":30,"key":"Swift Potion"}],"is_trial":false,"path_per_floor":["M","M","?","?","M","E","M","R","T","R","T","R","M","M","R","B",null,"M","M","T","$","?","R","?","E","T","R","M","M","M","M","R","B"],"character_chosen":"THE_SILENT","items_purchased":["Ice Cream","Tactician"],"campfire_rested":3,"item_purchase_floors":[21,21],"current_hp_per_floor":[59,59,39,39,39,17,5,5,5,5,5,24,15,15,15,12,53,42,29,29,29,23,42,42,28,28,28,18,10,5,10,29,0],"gold":127,"neow_bonus":"THREE_ENEMY_KILL","is_prod":false,"is_daily":false,"chose_seed":false,"campfire_upgraded":4,"win_rate":0,"timestamp":1564406570,"path_taken":["M","?","?","?","?","E","M","R","T","R","?","R","M","M","R","BOSS","M","M","?","$","?","R","?","E","T","R","M","?","M","?","R","BOSS"],"build_version":"2019-07-17","purchased_purges":0,"victory":false,"max_hp_per_floor":[66,66,66,66,66,66,66,66,66,66,66,66,66,66,66,66,66,66,66,66,66,66,66,66,66,66,66,66,66,66,66,66,66],"card_choices":[{"not_picked":["Dodge and Roll","Blade Dance"],"picked":"Noxious Fumes","floor":1},{"not_picked":["Deflect","Acrobatics"],"picked":"Blade Dance","floor":2},{"not_picked":["Dagger Throw","Reflex"],"picked":"Glass Knife","floor":5},{"not_picked":["Dodge and Roll","Slice"],"picked":"Backflip","floor":6},{"not_picked":["Tactician","Eviscerate","Slice"],"picked":"SKIP","floor":7},{"not_picked":["Flechettes","Endless Agony"],"picked":"Blur","floor":13},{"not_picked":["Dagger Spray","Eviscerate"],"picked":"Dodge and Roll","floor":14},{"not_picked":["Storm of Steel","Burst"],"picked":"Envenom","floor":16},{"not_picked":["Caltrops","Setup"],"picked":"Riddle With Holes","floor":18},{"not_picked":["Endless Agony","Tactician"],"picked":"Acrobatics","floor":19},{"not_picked":["Venomology","Blade Dance"],"picked":"Outmaneuver","floor":25},{"not_picked":["Masterful Stab","Poisoned Stab","Sucker Punch"],"picked":"SKIP","floor":28},{"not_picked":["Deadly Poison","All Out Attack+1"],"picked":"Footwork","floor":29},{"not_picked":["Dagger Throw","Dash"],"picked":"Escape Plan","floor":30},{"not_picked":["Terror","Wraith Form v2"],"picked":"Crippling Poison","floor":31}],"player_experience":1419147,"relics_obtained":[{"floor":6,"key":"Oddly Smooth Stone"},{"floor":9,"key":"Tiny Chest"},{"floor":11,"key":"The Specimen"},{"floor":20,"key":"Bird Faced Urn"},{"floor":25,"key":"Vajra"},{"floor":26,"key":"Whetstone"}],"event_choices":[{"damage_healed":0,"gold_gain":0,"player_choice":"Entered Light","damage_taken":20,"max_hp_gain":0,"max_hp_loss":0,"event_name":"Shining Light","floor":3,"gold_loss":0,"cards_upgraded":["Strike_G","Neutralize"]},{"cards_removed":["Strike_G"],"damage_healed":0,"gold_gain":0,"player_choice":"Offered Basic","damage_taken":0,"max_hp_gain":0,"max_hp_loss":0,"event_name":"Bonfire Elementals","floor":4,"gold_loss":0},{"damage_healed":0,"gold_gain":0,"player_choice":"Joined the Cult","damage_taken":6,"max_hp_gain":0,"max_hp_loss":0,"event_name":"Nest","floor":22,"gold_loss":0,"cards_obtained":["RitualDagger"]},{"damage_healed":0,"gold_gain":0,"cards_transformed":["Grand Finale","Strike_G"],"player_choice":"Became Test Subject","damage_taken":0,"max_hp_gain":0,"max_hp_loss":0,"event_name":"Drug Dealer","floor":24,"gold_loss":0,"cards_obtained":["Concentrate","Backstab"]}],"is_beta":false,"boss_relics":[{"not_picked":["Black Star","Busted Crown"],"picked":"Astrolabe"}],"items_purged_floors":[],"is_endless":false,"potions_floor_spawned":[2,5,7,14,19,28,29,30],"killed_by":"Collector","ascension_level":20}