{"gold_per_floor":[119,130,143,160,172,172,189,39,39,39,39,72,72,111,111,234,234,255,269,269,269,184,184,184,184,184,205,205,205,223,236,236,360,423,444,777,2,14,29,29,45,45,115,129,10,26,43,57,57,57],"floor_reached":51,"playtime":3303,"items_purged":["Coolheaded","Redo"],"score":740,"play_id":"a2a266da-cc09-4184-9b4d-d1bee60b5a10","local_time":"20180813005657","is_ascension_mode":true,"campfire_choices":[{"data":"Streamline","floor":6,"key":"SMITH"},{"floor":11,"key":"REST"},{"floor":15,"key":"REST"},{"data":"Streamline","floor":23,"key":"SMITH"},{"floor":25,"key":"REST"},{"floor":29,"key":"REST"},{"floor":32,"key":"REST"},{"data":"Undo+1","floor":40,"key":"PURGE"},{"floor":42,"key":"REST"},{"floor":49,"key":"REST"}],"neow_cost":"NONE","seed_source_timestamp":169012279419275,"circlet_count":0,"master_deck":["Strike_B+1","Strike_B+1","Defend_B","Defend_B","Defend_B+1","Zap","Dualcast","Compile Driver","Streamline+1","Go for the Eyes","Gash","Rebound","Streamline+1","Stack","Hologram+1","Hyperbeam+1","Gash+1","Hologram","Core Surge","Gash+1","Sweeping Beam+1","Apotheosis","Trip","Hyperbeam","Gash","Hologram+1","Skim","Fusion+1","Conserve Battery","FTL"],"relics":["Cracked Core","Regal Pillow","Lantern","Smiling Mask","Peace Pipe","Shuriken","Astrolabe","Omamori","Strawberry","Bronze Scales","Necronomicon","Tiny House","Bag of Marbles","Incense Burner","Mummified Hand"],"potions_floor_usage":[12,12,16,24,24,41,47,48,50],"damage_taken":[{"damage":0,"enemies":"Cultist","floor":1,"turns":3},{"damage":5,"enemies":"Small Slimes","floor":2,"turns":3},{"damage":6,"enemies":"Jaw Worm","floor":3,"turns":3},{"damage":11,"enemies":"3 Louse","floor":4,"turns":4},{"damage":11,"enemies":"2 Fungi Beasts","floor":5,"turns":4},{"damage":5,"enemies":"Looter","floor":7,"turns":2},{"damage":9,"enemies":"Lagavulin","floor":12,"turns":5},{"damage":20,"enemies":"Gremlin Nob","floor":14,"turns":4},{"damage":45,"enemies":"Hexaghost","floor":16,"turns":9},{"damage":22,"enemies":"Shell Parasite","floor":18,"turns":5},{"damage":20,"enemies":"2 Thieves","floor":19,"turns":2},{"damage":29,"enemies":"Slavers","floor":24,"turns":2},{"damage":6,"enemies":"Snecko","floor":27,"turns":3},{"damage":24,"enemies":"Centurion and Healer","floor":30,"turns":3},{"damage":5,"enemies":"Cultist and Chosen","floor":31,"turns":3},{"damage":45,"enemies":"Automaton","floor":33,"turns":6},{"damage":0,"enemies":"Flame Bruiser 1 Orb","floor":35,"turns":2},{"damage":40,"enemies":"3 Darklings","floor":38,"turns":4},{"damage":17,"enemies":"Spire Growth","floor":39,"turns":3},{"damage":11,"enemies":"Sphere and 2 Shapes","floor":41,"turns":3},{"damage":15,"enemies":"Maw","floor":44,"turns":5},{"damage":3,"enemies":"3 Darklings","floor":46,"turns":2},{"damage":24,"enemies":"4 Shapes","floor":47,"turns":2},{"damage":5,"enemies":"Maw","floor":48,"turns":4},{"damage":46,"enemies":"Donu and Deca","floor":50,"turns":6}],"seed_played":"3221691367147347320","potions_obtained":[{"floor":2,"key":"Ancient Potion"},{"floor":4,"key":"SkillPotion"},{"floor":12,"key":"SpeedPotion"},{"floor":14,"key":"SmokeBomb"},{"floor":19,"key":"Weak Potion"},{"floor":34,"key":"FairyPotion"},{"floor":38,"key":"SpeedPotion"},{"floor":39,"key":"FocusPotion"},{"floor":46,"key":"AttackPotion"},{"floor":47,"key":"Energy Potion"}],"is_trial":false,"path_per_floor":["M","M","M","M","M","R","M","$","T","?","R","E","?","E","R","B",null,"M","M","?","?","?","R","E","R","T","M","?","R","M","M","R","B",null,"M","?","$","M","M","R","M","R","T","M","$","M","M","M","R","B"],"character_chosen":"DEFECT","items_purchased":["Lantern","Bag of Marbles","Incense Burner","Apotheosis","Trip","Skim"],"campfire_rested":7,"item_purchase_floors":[8,37,37,37,37,45],"current_hp_per_floor":[75,70,64,53,42,42,37,37,37,19,56,47,32,12,49,4,75,53,33,33,33,40,40,11,50,50,44,28,67,43,38,77,32,87,87,87,87,47,30,30,19,60,60,45,45,42,18,13,54,8],"gold":57,"neow_bonus":"RANDOM_COMMON_RELIC","is_prod":false,"is_daily":false,"chose_seed":false,"campfire_upgraded":2,"win_rate":0,"timestamp":1534114617,"path_taken":["M","M","M","M","M","R","M","$","T","?","R","E","?","E","R","BOSS","M","M","?","?","?","R","E","R","T","?","?","R","?","M","R","BOSS","M","?","$","?","M","R","M","R","T","M","$","M","M","M","R","BOSS"],"build_version":"2018-08-09","purchased_purges":2,"victory":true,"max_hp_per_floor":[75,75,75,75,75,75,75,75,75,75,75,75,75,75,75,75,75,75,75,75,75,82,82,82,82,82,82,82,82,82,82,82,82,87,87,87,87,87,87,87,87,87,87,87,87,87,87,87,87,87],"card_choices":[{"not_picked":["Stack","Hologram"],"picked":"Compile Driver","floor":1},{"not_picked":["Go for the Eyes","Redo"],"picked":"Streamline","floor":2},{"not_picked":["Darkness","Heatsinks"],"picked":"Go for the Eyes","floor":3},{"not_picked":["Doom and Gloom","Buffer"],"picked":"Redo","floor":4},{"not_picked":["Double Energy","Coolheaded"],"picked":"Gash","floor":5},{"not_picked":["Capacitor","Loop"],"picked":"Rebound","floor":7},{"not_picked":["Cold Snap","Darkness"],"picked":"Streamline","floor":12},{"not_picked":["Cold Snap","Capacitor"],"picked":"Stack","floor":14},{"not_picked":["Cold Snap+1","Compile Driver"],"picked":"Gash+1","floor":18},{"not_picked":["Turbo","Auto Shields"],"picked":"Hologram","floor":19},{"not_picked":["Lockon","Static Discharge","Scrape"],"picked":"SKIP","floor":27},{"not_picked":["Leap","Steam+1"],"picked":"Undo+1","floor":30},{"not_picked":["Leap","Lockon"],"picked":"Coolheaded","floor":31},{"not_picked":["Fission","Thunder Strike"],"picked":"Core Surge","floor":33},{"not_picked":["Consume","Streamline"],"picked":"Gash+1","floor":34},{"not_picked":["Undo","Compile Driver"],"picked":"Sweeping Beam+1","floor":35},{"not_picked":["Cold Snap","Hologram"],"picked":"Hyperbeam","floor":38},{"not_picked":["Conserve Battery+1","Rebound"],"picked":"Gash","floor":39},{"not_picked":["Glacier+1","Leap+1"],"picked":"Hologram+1","floor":41},{"not_picked":["Chill+1","Stack","Compile Driver+1"],"picked":"SKIP","floor":44},{"not_picked":["Steam","Go for the Eyes+1"],"picked":"Fusion+1","floor":46},{"not_picked":["Cold Snap","Genetic Algorithm"],"picked":"Conserve Battery","floor":47},{"not_picked":["Compile Driver+1","Redo"],"picked":"FTL","floor":48}],"player_experience":270149,"relics_obtained":[{"floor":9,"key":"Smiling Mask"},{"floor":12,"key":"Peace Pipe"},{"floor":14,"key":"Shuriken"},{"floor":26,"key":"Bronze Scales"},{"floor":28,"key":"Necronomicon"},{"floor":43,"key":"Mummified Hand"}],"event_choices":[{"event_name":"Golden Idol","player_choice":"Take Damage","floor":10,"damage_taken":0},{"event_name":"Shining Light","player_choice":"Entered Light","floor":13,"damage_taken":0},{"event_name":"Back to Basics","player_choice":"Elegance","floor":20,"damage_taken":0},{"event_name":"Accursed Blacksmith","player_choice":"Rummage","floor":21,"damage_taken":0},{"event_name":"Addict","player_choice":"Obtained Relic","floor":22,"damage_taken":0},{"event_name":"Cursed Tome","player_choice":"Obtained Book","floor":28,"damage_taken":0},{"event_name":"The Moai Head","player_choice":"Gave Idol","floor":36,"damage_taken":0}],"is_beta":false,"boss_relics":[{"not_picked":["Calling Bell","Runic Dome"],"picked":"Astrolabe"},{"not_picked":["Busted Crown","Inserter"],"picked":"Tiny House"}],"items_purged_floors":[37,45],"is_endless":false,"potions_floor_spawned":[2,4,12,14,19,24,38,39,46,47],"ascension_level":1}