{"gold_per_floor":[114,189,204,219,219,219,234,43,93,93,108,123,298,313,313,413,413,428,443,168,83,83,83,113,113,188,188,203,218,218,233,233,333,333,348,8,23,23,38,38,53,68,93,93,93,93,93,108,108,108],"floor_reached":51,"playtime":5875,"items_purged":["Doubt"],"score":711,"play_id":"226e3106-deae-4bee-b504-3a7ba88bc9c9","local_time":"20190819200056","daily_mods":["Draft","Colorless Cards","Lethality"],"is_ascension_mode":false,"campfire_choices":[{"data":"Backstab","floor":6.0,"key":"SMITH"},{"data":"Catalyst","floor":10.0,"key":"SMITH"},{"data":"Secret Technique","floor":15.0,"key":"SMITH"},{"data":"Phantasmal Killer","floor":23.0,"key":"SMITH"},{"data":"Night Terror","floor":25.0,"key":"SMITH"},{"data":"Enlightenment","floor":30.0,"key":"SMITH"},{"data":"Distraction","floor":32.0,"key":"SMITH"},{"data":"Secret Weapon","floor":40.0,"key":"SMITH"},{"data":"Corpse Explosion","floor":44.0,"key":"SMITH"},{"data":"Noxious Fumes","floor":46.0,"key":"SMITH"},{"data":"PiercingWail","floor":49.0,"key":"SMITH"}],"neow_cost":"","seed_source_timestamp":0,"circlet_count":0,"master_deck":["Flying Knee","All Out Attack","Distraction+1","Leg Sweep","Backflip","Masterful Stab","Deflect","Catalyst+1","Dodge and Roll","Deflect","Deadly Poison","Poisoned Stab","PiercingWail+1","Deadly Poison","Deep Breath","Backstab+1","Deadly Poison","Secret Technique+1","Riddle With Holes","Phantasmal Killer+1","Night Terror+1","Bouncing Flask+1","Enlightenment+1","Acrobatics+1","Secret Weapon+1","Noxious Fumes+1","Corpse Explosion+1"],"special_seed":18127,"relics":["Ring of the Serpent","Snake Skull","HoveringKite","TwistedFunnel","Orichalcum","Potion Belt","Kunai","Ginger","Omamori"],"potions_floor_usage":[],"damage_taken":[{"damage":0.0,"enemies":"Small Slimes","floor":1.0,"turns":2.0},{"damage":0.0,"enemies":"Cultist","floor":3.0,"turns":2.0},{"damage":0.0,"enemies":"Jaw Worm","floor":4.0,"turns":1.0},{"damage":0.0,"enemies":"3 Louse","floor":7.0,"turns":1.0},{"damage":0.0,"enemies":"Exordium Wildlife","floor":11.0,"turns":1.0},{"damage":0.0,"enemies":"Lots of Slimes","floor":12.0,"turns":1.0},{"damage":0.0,"enemies":"Large Slime","floor":14.0,"turns":3.0},{"damage":30.0,"enemies":"Hexaghost","floor":16.0,"turns":5.0},{"damage":0.0,"enemies":"2 Thieves","floor":18.0,"turns":2.0},{"damage":0.0,"enemies":"Chosen","floor":19.0,"turns":3.0},{"damage":0.0,"enemies":"Gremlin Leader","floor":24.0,"turns":3.0},{"damage":9.0,"enemies":"Centurion and Healer","floor":28.0,"turns":3.0},{"damage":0.0,"enemies":"3 Cultists","floor":29.0,"turns":2.0},{"damage":0.0,"enemies":"Snake Plant","floor":31.0,"turns":2.0},{"damage":25.0,"enemies":"Automaton","floor":33.0,"turns":6.0},{"damage":0.0,"enemies":"3 Darklings","floor":35.0,"turns":2.0},{"damage":0.0,"enemies":"Orb Walker","floor":37.0,"turns":3.0},{"damage":6.0,"enemies":"Spire Growth","floor":39.0,"turns":3.0},{"damage":1.0,"enemies":"4 Shapes","floor":41.0,"turns":3.0},{"damage":0.0,"enemies":"Transient","floor":42.0,"turns":5.0},{"damage":0.0,"enemies":"Jaw Worm Horde","floor":48.0,"turns":3.0},{"damage":0,"enemies":"Time Eater","floor":50,"turns":2}],"seed_played":"-1712421257355705167","potions_obtained":[{"floor":3.0,"key":"Ancient Potion"},{"floor":4.0,"key":"Block Potion"},{"floor":12.0,"key":"Block Potion"},{"floor":14.0,"key":"Fire Potion"},{"floor":24.0,"key":"GhostInAJar"},{"floor":28.0,"key":"EntropicBrew"},{"floor":35.0,"key":"PowerPotion"},{"floor":41.0,"key":"GamblersBrew"},{"floor":42.0,"key":"SkillPotion"}],"is_trial":false,"path_per_floor":["M","?","M","M","?","R","M","$","T","R","M","M","?","M","R","B",null,"M","M","$","?","?","R","E","R","T","?","M","M","R","M","R","B",null,"M","$","M","$","M","R","M","M","T","R","?","R","$","M","R","B",null],"character_chosen":"THE_SILENT","items_purchased":["Secret Technique","TwistedFunnel","Ginger","Noxious Fumes"],"campfire_rested":0,"item_purchase_floors":[8,20,36,36],"current_hp_per_floor":[70,59,59,59,70,70,70,70,70,70,70,70,70,70,70,40,70,70,70,70,70,70,70,70,70,70,70,61,61,61,61,61,36,70,70,70,70,70,64,64,63,63,63,63,63,63,63,63,63,63],"gold":108,"neow_bonus":"","is_prod":false,"is_daily":true,"chose_seed":false,"campfire_upgraded":11,"win_rate":0,"timestamp":1566237656,"path_taken":["M","?","M","M","?","R","?","$","T","R","M","M","?","M","R","BOSS","M","M","$","?","?","R","E","R","T","?","?","M","R","M","R","BOSS","M","$","M","?","M","R","M","M","T","R","?","R","$","?","R","BOSS"],"build_version":"2019-01-23","purchased_purges":1,"victory":true,"max_hp_per_floor":[70,70,70,70,70,70,70,70,70,70,70,70,70,70,70,70,70,70,70,70,70,70,70,70,70,70,70,70,70,70,70,70,70,70,70,70,70,70,70,70,70,70,70,70,70,70,70,70,70,70],"card_choices":[{"not_picked":["Slice","Expertise"],"picked":"Flying Knee","floor":0.0},{"not_picked":["Sucker Punch","Quick Slash"],"picked":"All Out Attack","floor":0.0},{"not_picked":["Expertise","Outmaneuver"],"picked":"Distraction","floor":0.0},{"not_picked":["Poisoned Stab","Deflect"],"picked":"Leg Sweep","floor":0.0},{"not_picked":["Outmaneuver","Deflect"],"picked":"Backflip","floor":0.0},{"not_picked":["PiercingWail","Poisoned Stab"],"picked":"Masterful Stab","floor":0.0},{"not_picked":["PiercingWail","Flying Knee"],"picked":"Deflect","floor":0.0},{"not_picked":["Blur","Quick Slash"],"picked":"Catalyst","floor":0.0},{"not_picked":["Cloak And Dagger","Deflect"],"picked":"Dodge and Roll","floor":0.0},{"not_picked":["Dagger Throw","Quick Slash"],"picked":"Deflect","floor":0.0},{"not_picked":["Quick Slash","Bane"],"picked":"Deadly Poison","floor":0.0},{"not_picked":["Underhanded Strike","Escape Plan"],"picked":"Poisoned Stab","floor":0.0},{"not_picked":["Expertise","Slice"],"picked":"PiercingWail","floor":0.0},{"not_picked":["Bane","Underhanded Strike"],"picked":"Deadly Poison","floor":0.0},{"not_picked":["Deadly Poison","Expertise"],"picked":"Deep Breath","floor":0.0},{"not_picked":["Blade Dance","Sucker Punch"],"picked":"Backstab","floor":1.0},{"not_picked":["Sucker Punch","Prepared","Poisoned Stab"],"picked":"SKIP","floor":3.0},{"not_picked":["Dagger Throw","Accuracy"],"picked":"Deadly Poison","floor":4.0},{"not_picked":["Sucker Punch","Acrobatics","Violence"],"picked":"SKIP","floor":7.0},{"not_picked":["Acrobatics","Dagger Spray"],"picked":"Riddle With Holes","floor":11.0},{"not_picked":["Flying Knee","Sucker Punch","Bane"],"picked":"SKIP","floor":12.0},{"not_picked":["Blade Dance","Quick Slash"],"picked":"Phantasmal Killer","floor":14.0},{"not_picked":["Panache","Magnetism"],"picked":"Night Terror","floor":16.0},{"not_picked":["Choke","Good Instincts+1"],"picked":"Bouncing Flask+1","floor":18.0},{"not_picked":["Quick Slash+1","Backflip","Deflect"],"picked":"SKIP","floor":19.0},{"not_picked":["Masterful Stab","Dagger Spray","Calculated Gamble"],"picked":"SKIP","floor":24.0},{"not_picked":["Flying Knee+1","Purity"],"picked":"Enlightenment","floor":28.0},{"not_picked":["PanicButton+1","Cloak And Dagger"],"picked":"Acrobatics+1","floor":29.0},{"not_picked":["Impatience+1","Sucker Punch+1","Outmaneuver+1"],"picked":"SKIP","floor":31.0},{"not_picked":["The Bomb","Wraith Form v2"],"picked":"Secret Weapon","floor":33.0},{"not_picked":["Poisoned Stab","Panacea","Underhanded Strike+1"],"picked":"SKIP","floor":35.0},{"not_picked":["Flying Knee+1","Acrobatics+1","Expertise"],"picked":"SKIP","floor":37.0},{"not_picked":["Dagger Throw+1","Underhanded Strike","Enlightenment+1"],"picked":"SKIP","floor":39.0},{"not_picked":["Sucker Punch","Backflip+1"],"picked":"Corpse Explosion","floor":41.0},{"not_picked":["Prepared+1","Blade Dance","Sucker Punch+1"],"picked":"SKIP","floor":42.0},{"not_picked":["Underhanded Strike","Blade Dance+1","Deadly Poison"],"picked":"SKIP","floor":48.0}],"player_experience":259404,"relics_obtained":[{"floor":9.0,"key":"Snake Skull"},{"floor":24.0,"key":"Potion Belt"},{"floor":26.0,"key":"Kunai"},{"floor":43.0,"key":"Omamori"}],"event_choices":[{"damage_healed":0.0,"max_hp_gain":0.0,"max_hp_loss":0.0,"gold_gain":75.0,"event_name":"World of Goop","player_choice":"Gather Gold","floor":2.0,"gold_loss":0.0,"damage_taken":11.0},{"damage_healed":11.0,"max_hp_gain":0.0,"max_hp_loss":0.0,"gold_gain":0.0,"event_name":"Wheel of Change","player_choice":"Full Heal","floor":5.0,"gold_loss":0.0,"damage_taken":0.0},{"damage_healed":0.0,"max_hp_gain":0.0,"max_hp_loss":0.0,"gold_gain":175.0,"event_name":"Liars Game","player_choice":"AGREE","floor":13.0,"gold_loss":0.0,"damage_taken":0.0,"cards_obtained":["Doubt"]},{"damage_healed":0.0,"max_hp_gain":0.0,"max_hp_loss":0.0,"gold_gain":0.0,"event_name":"Addict","player_choice":"Obtained Relic","floor":21.0,"gold_loss":85.0,"damage_taken":0.0,"relics_obtained":["Orichalcum"]},{"damage_healed":0.0,"max_hp_gain":0.0,"max_hp_loss":0.0,"gold_gain":0.0,"event_name":"Beggar","player_choice":"Ignored","floor":22.0,"gold_loss":0.0,"damage_taken":0.0},{"damage_healed":0.0,"max_hp_gain":0.0,"max_hp_loss":0.0,"gold_gain":0.0,"event_name":"Vampires","player_choice":"Ignored","floor":27.0,"gold_loss":0.0,"damage_taken":0.0},{"damage_healed":0.0,"max_hp_gain":0.0,"max_hp_loss":0.0,"gold_gain":0.0,"event_name":"Purifier","player_choice":"Ignored","floor":45.0,"gold_loss":0.0,"damage_taken":0.0}],"is_beta":false,"boss_relics":[{"not_picked":["Snecko Eye","Black Star"],"picked":"HoveringKite"},{"not_picked":["Astrolabe","Runic Dome"],"picked":"Ring of the Serpent"}],"items_purged_floors":[20],"is_endless":false,"potions_floor_spawned":[3,4,12,14,24,28,35,41,42],"ascension_level":0}