{"gold_per_floor":[364,374,71,85,65,65,65,65,91,105,149,149,249,268,268,399,399,413,434,452,468,491,491,526,526,526,205,205,226,241,39,39,163,163,177,197,1196,1210,1210,1210,1210],"floor_reached":41,"playtime":3837,"items_purged":["Strike_B","Gash"],"score":553,"play_id":"5e8440f2-c800-44d5-af63-7e784fa9a136","local_time":"20180916191902","is_ascension_mode":true,"campfire_choices":[{"data":"Fission","floor":6,"key":"SMITH"},{"data":"Redo","floor":8,"key":"SMITH"},{"floor":12,"key":"REST"},{"data":"Coolheaded","floor":15,"key":"SMITH"},{"data":"Storm","floor":23,"key":"SMITH"},{"floor":32,"key":"REST"},{"data":"White Noise","floor":40,"key":"SMITH"}],"neow_cost":"PERCENT_DAMAGE","seed_source_timestamp":170023625479604,"circlet_count":0,"master_deck":["Zap","Dualcast","Redo+1","Steam","Loop","Fission+1","Coolheaded+1","Go for the Eyes","Leap","Steam","Electrodynamics","Rip and Tear","Coolheaded","Redo","Chill","White Noise+1","Storm+1","Hello World","Redo","Ball Lightning+1","Leap+1","Loop","Heatsinks","BootSequence+1","FTL+1","Rainbow","Conserve Battery","Darkness","Normality","Steam+1"],"relics":["FrozenCore","Golden Idol","Pen Nib","Sundial","Pandora\u0027s Box","Darkstone Periapt","Kunai","Happy Flower","Runic Capacitor"],"potions_floor_usage":[11,11,11,16,21,21,21,28,28,33],"damage_taken":[{"damage":7,"enemies":"Small Slimes","floor":1,"turns":3},{"damage":1,"enemies":"Cultist","floor":2,"turns":3},{"damage":8,"enemies":"Jaw Worm","floor":4,"turns":5},{"damage":0,"enemies":"3 Louse","floor":10,"turns":3},{"damage":21,"enemies":"3 Sentries","floor":11,"turns":7},{"damage":0,"enemies":"Exordium Wildlife","floor":14,"turns":4},{"damage":29,"enemies":"The Guardian","floor":16,"turns":19},{"damage":32,"enemies":"3 Byrds","floor":18,"turns":3},{"damage":0,"enemies":"Spheric Guardian","floor":19,"turns":3},{"damage":11,"enemies":"Chosen and Byrds","floor":20,"turns":5},{"damage":0,"enemies":"Snecko","floor":21,"turns":5},{"damage":16,"enemies":"Snake Plant","floor":22,"turns":3},{"damage":0,"enemies":"Gremlin Leader","floor":24,"turns":4},{"damage":6,"enemies":"Colosseum Slavers","floor":28,"turns":4},{"damage":0,"enemies":"3 Cultists","floor":29,"turns":3},{"damage":0,"enemies":"Cultist and Chosen","floor":30,"turns":3},{"damage":26,"enemies":"Champ","floor":33,"turns":9},{"damage":4,"enemies":"3 Shapes","floor":35,"turns":4},{"damage":6,"enemies":"Orb Walker","floor":36,"turns":3},{"damage":25,"enemies":"3 Darklings","floor":38,"turns":5},{"damage":94,"enemies":"Giant Head","floor":41,"turns":8}],"seed_played":"999140347287347089","potions_obtained":[{"floor":1,"key":"PowerPotion"},{"floor":4,"key":"EssenceOfSteel"},{"floor":5,"key":"Poison Potion"},{"floor":11,"key":"SkillPotion"},{"floor":16,"key":"EntropicBrew"},{"floor":21,"key":"FairyPotion"},{"floor":24,"key":"Fire Potion"},{"floor":30,"key":"GamblersBrew"},{"floor":36,"key":"Poison Potion"}],"is_trial":false,"path_per_floor":["M","M","$","M","?","R","?","R","T","M","E","R","?","M","R","B",null,"M","M","M","M","M","R","E","?","T","$","?","M","M","$","R","B",null,"M","M","?","M","?","R"],"character_chosen":"DEFECT","items_purchased":["Loop","Fission","Heatsinks","Happy Flower","Runic Capacitor"],"campfire_rested":2,"item_purchase_floors":[3,3,27,27,31],"current_hp_per_floor":[47,46,46,38,38,38,38,38,38,38,17,37,37,37,37,8,69,37,37,26,40,24,24,24,24,24,24,18,18,18,18,38,12,69,65,59,71,46,46,46,0],"gold":1210,"neow_bonus":"TWO_FIFTY_GOLD","is_prod":false,"is_daily":false,"chose_seed":false,"campfire_upgraded":5,"win_rate":0,"timestamp":1537118342,"path_taken":["M","M","$","M","?","R","?","R","T","?","E","R","?","M","R","BOSS","M","M","M","M","?","R","E","?","T","$","?","M","M","$","R","BOSS","M","M","?","?","?","R","E"],"build_version":"2018-09-06","purchased_purges":2,"victory":false,"max_hp_per_floor":[75,75,75,75,75,75,69,69,69,69,69,69,69,69,69,69,69,69,69,69,69,69,69,69,69,69,69,69,69,69,69,69,69,69,69,69,81,81,81,81,81],"card_choices":[{"not_picked":["Blizzard","Undo"],"picked":"Redo","floor":1},{"not_picked":["Skim","Barrage"],"picked":"Steam","floor":2},{"not_picked":["Ball Lightning","Reprogram"],"picked":"Coolheaded","floor":4},{"not_picked":["Rebound","Compile Driver"],"picked":"Go for the Eyes","floor":10},{"not_picked":["Lockon","Rebound"],"picked":"Leap","floor":11},{"not_picked":["All For One","Rip and Tear"],"picked":"Steam","floor":14},{"not_picked":["Thunder Strike","Seek"],"picked":"Electrodynamics","floor":16},{"not_picked":["Sweeping Beam+1","Blizzard"],"picked":"Storm","floor":18},{"not_picked":["Go for the Eyes+1","Ball Lightning"],"picked":"Hello World","floor":19},{"not_picked":["Coolheaded","Rebound"],"picked":"Redo","floor":20},{"not_picked":["Fusion","Reprogram"],"picked":"Ball Lightning+1","floor":21},{"not_picked":["Stack+1","Auto Shields+1"],"picked":"Leap+1","floor":22},{"not_picked":["Rebound","Machine Learning"],"picked":"Loop","floor":24},{"not_picked":["Steam","Recycle"],"picked":"BootSequence+1","floor":29},{"not_picked":["Heatsinks","Compile Driver"],"picked":"FTL+1","floor":30},{"not_picked":["Thunder Strike","Electrodynamics"],"picked":"Rainbow","floor":33},{"not_picked":["Genetic Algorithm","Reinforced Body"],"picked":"Conserve Battery","floor":35},{"not_picked":["Ball Lightning","Sweeping Beam"],"picked":"Darkness","floor":36},{"not_picked":["Turbo","Scrape+1"],"picked":"Steam+1","floor":38}],"player_experience":460135,"relics_obtained":[{"floor":9,"key":"Pen Nib"},{"floor":11,"key":"Sundial"},{"floor":24,"key":"Darkstone Periapt"},{"floor":26,"key":"Kunai"}],"event_choices":[{"event_name":"The Woman in Blue","player_choice":"Bought 1 Potion","floor":5,"damage_taken":0},{"event_name":"Golden Idol","player_choice":"Lose Max HP","floor":7,"damage_taken":0},{"event_name":"Golden Shrine","player_choice":"Pray","floor":13,"damage_taken":0},{"event_name":"Back to Basics","player_choice":"Elegance","floor":25,"damage_taken":0},{"event_name":"Colosseum","player_choice":"Fight","floor":28,"damage_taken":0},{"event_name":"Colosseum","player_choice":"Fled From Nobs","floor":28,"damage_taken":0},{"event_name":"MindBloom","player_choice":"Gold","floor":37,"damage_taken":0},{"event_name":"Purifier","player_choice":"One Purge","floor":39,"damage_taken":0}],"is_beta":false,"boss_relics":[{"not_picked":["Runic Pyramid","Tiny House"],"picked":"Pandora\u0027s Box"},{"not_picked":["Lizard Tail","Coffee Dripper"],"picked":"FrozenCore"}],"items_purged_floors":[3,27],"is_endless":false,"potions_floor_spawned":[1,4,10,11,16,21,24,28,30,36],"killed_by":"Giant Head","ascension_level":4}