{"gold_per_floor":[118,118,135,135,28,28,45,71,117,134,134],"floor_reached":11,"playtime":527,"items_purged":[],"score":84,"play_id":"5ffd3e49-7608-405d-abdc-defdcb824ca4","local_time":"20190710155219","is_ascension_mode":true,"campfire_choices":[{"floor":6,"key":"RECALL"}],"neow_cost":"NONE","seed_source_timestamp":710274599856270,"circlet_count":0,"master_deck":["Strike_G","Strike_G","Strike_G","Strike_G","Strike_G","Defend_G","Defend_G","Defend_G","Defend_G+1","Defend_G","Survivor+1","Neutralize","Underhanded Strike+1","PiercingWail","Flying Knee","Leg Sweep","Underhanded Strike","Acrobatics","Prepared"],"relics":["Ring of the Snake","Lantern","War Paint","Regal Pillow"],"potions_floor_usage":[11,11],"damage_taken":[{"damage":0,"enemies":"2 Louse","floor":1,"turns":4},{"damage":0,"enemies":"Small Slimes","floor":3,"turns":3},{"damage":0,"enemies":"Cultist","floor":7,"turns":5},{"damage":58,"enemies":"Gremlin Nob","floor":8,"turns":7},{"damage":0,"enemies":"Red Slaver","floor":10,"turns":4},{"damage":20,"enemies":"Lagavulin","floor":11,"turns":6}],"seed_played":"5639013689250990478","potions_obtained":[{"floor":3,"key":"LiquidBronze"},{"floor":10,"key":"Explosive Potion"}],"is_trial":false,"path_per_floor":["M","?","M","?","$","R","M","E","T","M","E"],"character_chosen":"THE_SILENT","items_purchased":["Flying Knee","Leg Sweep"],"campfire_rested":0,"item_purchase_floors":[5,5],"current_hp_per_floor":[77,74,74,74,74,74,74,16,16,16,0],"gold":134,"neow_bonus":"TEN_PERCENT_HP_BONUS","is_prod":false,"is_daily":false,"chose_seed":false,"campfire_upgraded":0,"win_rate":0,"timestamp":1562799139,"path_taken":["M","?","M","?","$","R","M","E","T","M","E"],"build_version":"2019-07-05","purchased_purges":0,"victory":false,"max_hp_per_floor":[77,77,77,77,77,77,77,77,77,77,77],"card_choices":[{"not_picked":["PiercingWail","Flying Knee"],"picked":"Underhanded Strike","floor":1},{"not_picked":["Blade Dance","Dodge and Roll"],"picked":"PiercingWail","floor":3},{"not_picked":["Sucker Punch","Distraction"],"picked":"Underhanded Strike","floor":7},{"not_picked":["Sucker Punch","Footwork"],"picked":"Acrobatics","floor":8},{"not_picked":["Quick Slash","Wraith Form v2"],"picked":"Prepared","floor":10}],"player_experience":196877,"relics_obtained":[{"floor":8,"key":"War Paint"},{"floor":9,"key":"Regal Pillow"}],"event_choices":[{"damage_healed":0,"gold_gain":0,"player_choice":"Success","damage_taken":3,"relics_obtained":["Lantern"],"max_hp_gain":0,"max_hp_loss":0,"event_name":"Scrap Ooze","floor":2,"gold_loss":0},{"damage_healed":0,"gold_gain":0,"player_choice":"Grow","damage_taken":0,"max_hp_gain":0,"max_hp_loss":0,"event_name":"Living Wall","floor":4,"gold_loss":0,"cards_upgraded":["Underhanded Strike"]}],"is_beta":false,"boss_relics":[],"items_purged_floors":[],"is_endless":false,"potions_floor_spawned":[3,10],"killed_by":"Lagavulin","ascension_level":3}