{"gold_per_floor":[116,44,44,60,60,10,41,41,41,18,18,18,18,18,18,18],"floor_reached":16,"playtime":793,"items_purged":[],"score":146,"play_id":"d17638dc-7b51-4fc0-9ad5-d137c82c7b3c","local_time":"20190725151847","is_ascension_mode":true,"campfire_choices":[{"floor":8,"key":"REST"},{"floor":11,"key":"REST"},{"floor":15,"key":"REST"}],"neow_cost":"PERCENT_DAMAGE","seed_source_timestamp":111069981632261,"circlet_count":0,"master_deck":["AscendersBane","Strike_G","Strike_G","Strike_G","Strike_G+1","Defend_G","Defend_G","Defend_G","Defend_G","Defend_G","Survivor","Neutralize","Blade Dance+1","Infinite Blades+1","Outmaneuver+1","Terror","Quick Slash","PiercingWail","Predator","Blade Dance"],"relics":["Ring of the Snake","FossilizedHelix","Dream Catcher","Tingsha"],"potions_floor_usage":[16],"damage_taken":[{"damage":1,"enemies":"2 Louse","floor":1,"turns":4},{"damage":0,"enemies":"Cultist","floor":4,"turns":4},{"damage":43,"enemies":"Gremlin Nob","floor":7,"turns":6},{"damage":53,"enemies":"Hexaghost","floor":16,"turns":11}],"seed_played":"-6119619225497616787","potions_obtained":[{"floor":4,"key":"Ancient Potion"},{"floor":7,"key":"SteroidPotion"}],"is_trial":false,"path_per_floor":["M","$","?","M","?","?","E","R","T","$","R","$","?","$","R","B"],"character_chosen":"THE_SILENT","items_purchased":["Infinite Blades","PiercingWail"],"campfire_rested":3,"item_purchase_floors":[2,10],"current_hp_per_floor":[44,44,44,44,44,44,1,22,22,22,43,43,29,29,50,0],"gold":18,"neow_bonus":"ONE_RARE_RELIC","is_prod":false,"is_daily":false,"chose_seed":false,"campfire_upgraded":0,"win_rate":0,"timestamp":1564093127,"path_taken":["M","$","?","?","?","?","E","R","T","$","R","?","?","?","R","BOSS"],"build_version":"2019-07-17","purchased_purges":0,"victory":false,"max_hp_per_floor":[70,70,70,70,70,70,70,70,70,70,70,70,70,70,70,70],"card_choices":[{"not_picked":["Quick Slash","Deadly Poison"],"picked":"Blade Dance","floor":1},{"not_picked":["Sucker Punch","Heel Hook"],"picked":"Outmaneuver","floor":4},{"not_picked":["Masterful Stab","Flying Knee"],"picked":"Terror","floor":7},{"not_picked":["Crippling Poison","Backflip"],"picked":"Quick Slash","floor":8},{"not_picked":["Backflip","Quick Slash"],"picked":"Predator","floor":11},{"not_picked":["Reflex","Quick Slash"],"picked":"Blade Dance","floor":15}],"player_experience":489140,"relics_obtained":[{"floor":7,"key":"Dream Catcher"},{"floor":9,"key":"Tingsha"}],"event_choices":[{"damage_healed":0,"gold_gain":0,"player_choice":"Forge","damage_taken":0,"max_hp_gain":0,"max_hp_loss":0,"event_name":"Accursed Blacksmith","floor":3,"gold_loss":0,"cards_upgraded":["Infinite Blades"]},{"damage_healed":0,"gold_gain":0,"player_choice":"Grow","damage_taken":0,"max_hp_gain":0,"max_hp_loss":0,"event_name":"Living Wall","floor":5,"gold_loss":0,"cards_upgraded":["Outmaneuver"]},{"cards_removed":["Strike_G"],"damage_healed":0,"gold_gain":0,"player_choice":"Card Removal","damage_taken":0,"max_hp_gain":0,"max_hp_loss":0,"event_name":"The Cleric","floor":6,"gold_loss":50},{"damage_healed":0,"gold_gain":0,"player_choice":"Entered Light","damage_taken":14,"max_hp_gain":0,"max_hp_loss":0,"event_name":"Shining Light","floor":13,"gold_loss":0,"cards_upgraded":["Strike_G","Blade Dance"]}],"is_beta":false,"boss_relics":[],"items_purged_floors":[],"is_endless":false,"potions_floor_spawned":[4,7],"killed_by":"Hexaghost","ascension_level":11}