{"gold_per_floor":[109,123,123,48,323,339,339,367,367,367,383,383,408,426,426,554,554,577,591,11,11,30,30,45,45,69,83,104,135,135,150,150,278,278,292,310,32,51,51,94,462,478,502,502,521,545,49,83,95,107],"floor_reached":51,"playtime":7171,"items_purged":["Regret","Strike_G","Distraction+1","Distraction+1"],"score":884,"play_id":"951067e7-fee0-4b25-bb86-4fa150b125b8","local_time":"20180823014446","is_ascension_mode":true,"campfire_choices":[{"data":"Footwork","floor":7,"key":"SMITH"},{"floor":15,"key":"REST"},{"floor":30,"key":"REST"},{"data":"After Image","floor":32,"key":"SMITH"},{"floor":49,"key":"REST"}],"neow_cost":"","seed_source_timestamp":460763887314183,"circlet_count":0,"master_deck":["Defend_G","Defend_G","Defend_G","Defend_G","Defend_G","Strike_G+1","Strike_G+1","Strike_G","Survivor","Neutralize","Dagger Spray","Footwork+1","Dodge and Roll","Noxious Fumes","Prepared+1","Flying Knee","After Image+1","Backstab+1","Caltrops+1","Endless Agony","Slice","Deflect+1","Footwork","Outmaneuver+1","Prepared+1","Concentrate+1","Unload","Distraction+1","Die Die Die","Finisher+1","Blade Dance+1","Blind+1","Master of Strategy+1","Dramatic Entrance","Well Laid Plans"],"relics":["Ring of the Snake","Unceasing Top","Toxic Egg 2","Ice Cream","Golden Idol","White Beast Statue","Tiny Chest","Regal Pillow","Whetstone","Ancient Tea Set","Busted Crown","Boot","Turnip","Vajra","Old Coin","Pen Nib","Strawberry","Bag of Preparation","MawBank"],"potions_floor_usage":[8,16,19,24,28,33,38,38,40,48,50],"damage_taken":[{"damage":3,"enemies":"Jaw Worm","floor":1,"turns":7},{"damage":4,"enemies":"Small Slimes","floor":2,"turns":3},{"damage":0,"enemies":"Cultist","floor":6,"turns":5},{"damage":53,"enemies":"Lagavulin","floor":8,"turns":12},{"damage":2,"enemies":"Large Slime","floor":11,"turns":6},{"damage":0,"enemies":"3 Louse","floor":13,"turns":4},{"damage":0,"enemies":"Red Slaver","floor":14,"turns":4},{"damage":21,"enemies":"Slime Boss","floor":16,"turns":12},{"damage":0,"enemies":"Shell Parasite","floor":18,"turns":9},{"damage":3,"enemies":"Chosen","floor":19,"turns":8},{"damage":29,"enemies":"Snake Plant","floor":22,"turns":4},{"damage":16,"enemies":"Cultist and Chosen","floor":24,"turns":7},{"damage":0,"enemies":"Chosen and Byrds","floor":27,"turns":7},{"damage":0,"enemies":"Centurion and Healer","floor":28,"turns":7},{"damage":1,"enemies":"Gremlin Leader","floor":29,"turns":7},{"damage":16,"enemies":"Snecko","floor":31,"turns":7},{"damage":0,"enemies":"Champ","floor":33,"turns":13},{"damage":0,"enemies":"3 Shapes","floor":35,"turns":4},{"damage":0,"enemies":"Flame Bruiser 1 Orb","floor":36,"turns":6},{"damage":6,"enemies":"Maw","floor":38,"turns":7},{"damage":0,"floor":39,"turns":6},{"damage":3,"enemies":"Giant Head","floor":40,"turns":7},{"damage":0,"floor":41,"turns":3},{"damage":0,"enemies":"Flame Bruiser 2 Orb","floor":42,"turns":4},{"damage":0,"enemies":"Sphere and 2 Shapes","floor":45,"turns":3},{"damage":4,"enemies":"4 Shapes","floor":46,"turns":4},{"damage":8,"enemies":"Nemesis","floor":48,"turns":7},{"damage":31,"enemies":"Time Eater","floor":50,"turns":12}],"seed_played":"1636307576417180748","potions_obtained":[{"floor":1,"key":"SpeedPotion"},{"floor":2,"key":"Ancient Potion"},{"floor":8,"key":"FairyPotion"},{"floor":18,"key":"Swift Potion"},{"floor":19,"key":"Poison Potion"},{"floor":22,"key":"GamblersBrew"},{"floor":24,"key":"GhostInAJar"},{"floor":27,"key":"Ancient Potion"},{"floor":28,"key":"SteroidPotion"},{"floor":29,"key":"Block Potion"},{"floor":33,"key":"Strength Potion"},{"floor":36,"key":"Poison Potion"},{"floor":38,"key":"GhostInAJar"},{"floor":39,"key":"SkillPotion"},{"floor":40,"key":"Block Potion"},{"floor":48,"key":"SpeedPotion"}],"is_trial":false,"path_per_floor":["M","M","?","$","?","M","R","E","T","?","M","?","M","M","R","B",null,"M","M","$","?","M","?","M","$","T","M","M","E","R","M","R","B",null,"M","M","$","M","?","E","?","M","T","?","M","M","$","E","R","B"],"character_chosen":"THE_SILENT","items_purchased":["Tiny Chest","Regal Pillow","Endless Agony","Slice","Deflect+1","Footwork","Boot","Strawberry","Well Laid Plans","Bag of Preparation"],"campfire_rested":3,"item_purchase_floors":[20,20,20,20,20,20,37,47,47,47],"current_hp_per_floor":[67,63,63,63,63,63,63,10,10,10,8,8,8,8,27,6,65,65,62,62,62,33,33,17,17,17,17,17,16,50,34,34,34,65,65,65,65,59,59,56,56,56,56,46,46,42,49,41,72,41],"gold":119,"neow_bonus":"","is_prod":false,"is_daily":false,"chose_seed":false,"campfire_upgraded":2,"win_rate":0,"timestamp":1534981486,"path_taken":["M","M","?","$","?","M","R","E","T","?","M","?","M","M","R","BOSS","M","?","$","?","M","?","M","?","T","M","M","E","R","?","R","BOSS","M","M","$","M","?","E","?","M","T","?","M","?","$","E","R","BOSS"],"build_version":"2018-08-16","purchased_purges":4,"victory":true,"max_hp_per_floor":[70,70,70,70,70,70,70,70,70,70,70,65,65,65,65,65,65,65,65,65,65,65,65,65,65,65,65,65,65,65,65,65,65,65,65,65,65,65,65,65,65,65,65,65,65,65,72,72,72,72],"card_choices":[{"not_picked":["Flechettes","Bane"],"picked":"Dagger Spray","floor":1},{"not_picked":["Cloak And Dagger","Catalyst"],"picked":"Footwork","floor":2},{"not_picked":["Crippling Poison","Prepared"],"picked":"Dodge and Roll","floor":6},{"not_picked":["Wraith Form v2","Prepared"],"picked":"Noxious Fumes","floor":8},{"not_picked":["Tactician+1","PiercingWail+1"],"picked":"Prepared+1","floor":11},{"not_picked":["Tactician+1","Quick Slash"],"picked":"Flying Knee","floor":13},{"not_picked":["Predator","Deadly Poison+1"],"picked":"Distraction+1","floor":14},{"not_picked":["Burst+1","Phantasmal Killer+1"],"picked":"After Image","floor":16},{"not_picked":["Underhanded Strike","Reflex+1"],"picked":"Backstab+1","floor":18},{"not_picked":["Tactician+1","Heel Hook"],"picked":"Caltrops+1","floor":19},{"not_picked":["Dodge and Roll+1","Blade Dance+1"],"picked":"Outmaneuver+1","floor":22},{"not_picked":["Reflex+1","Skewer"],"picked":"Prepared+1","floor":24},{"not_picked":["Slice+1","Footwork"],"picked":"Concentrate+1","floor":27},{"not_picked":["PiercingWail+1","Underhanded Strike"],"picked":"Unload","floor":28},{"not_picked":["Dodge and Roll+1","Prepared+1"],"picked":"Distraction+1","floor":29},{"not_picked":["Dagger Throw+1","Poisoned Stab"],"picked":"Distraction+1","floor":31},{"not_picked":["Corpse Explosion+1","Venomology+1"],"picked":"Die Die Die","floor":33},{"not_picked":["Backflip+1"],"picked":"SKIP","floor":35},{"not_picked":["Dagger Throw"],"picked":"SKIP","floor":36},{"not_picked":["Backflip+1"],"picked":"SKIP","floor":38},{"not_picked":[],"picked":"Finisher+1","floor":39},{"not_picked":["Deadly Poison+1"],"picked":"SKIP","floor":40},{"not_picked":[],"picked":"Blade Dance+1","floor":41},{"not_picked":["Bane"],"picked":"SKIP","floor":42},{"not_picked":[],"picked":"Blind+1","floor":44},{"not_picked":[],"picked":"Master of Strategy+1","floor":44},{"not_picked":[],"picked":"Dramatic Entrance","floor":44},{"not_picked":["Underhanded Strike"],"picked":"SKIP","floor":45},{"not_picked":["Riddle With Holes"],"picked":"SKIP","floor":46},{"not_picked":["Crippling Poison+1"],"picked":"SKIP","floor":48}],"player_experience":361423,"relics_obtained":[{"floor":8,"key":"Toxic Egg 2"},{"floor":9,"key":"Ice Cream"},{"floor":26,"key":"Whetstone"},{"floor":29,"key":"Ancient Tea Set"},{"floor":39,"key":"Turnip"},{"floor":40,"key":"Vajra"},{"floor":41,"key":"Old Coin"},{"floor":43,"key":"Pen Nib"},{"floor":48,"key":"MawBank"}],"event_choices":[{"event_name":"Big Fish","player_choice":"Box","floor":3,"damage_taken":0},{"event_name":"Golden Shrine","player_choice":"Desecrate","floor":5,"damage_taken":0},{"event_name":"Purifier","player_choice":"One Purge","floor":10,"damage_taken":0},{"event_name":"Golden Idol","player_choice":"Lose Max HP","floor":12,"damage_taken":0},{"event_name":"Back to Basics","player_choice":"Elegance","floor":21,"damage_taken":0},{"event_name":"Addict","player_choice":"Ignored","floor":23,"damage_taken":0},{"event_name":"MindBloom","player_choice":"Fight","floor":39,"damage_taken":0},{"event_name":"Mysterious Sphere","player_choice":"Fight","floor":41,"damage_taken":0},{"event_name":"SensoryStone","player_choice":"Memory 3","floor":44,"damage_taken":0}],"is_beta":false,"boss_relics":[{"not_picked":["Philosopher\u0027s Stone","Pandora\u0027s Box"],"picked":"White Beast Statue"},{"not_picked":["Astrolabe","Cursed Key"],"picked":"Busted Crown"}],"items_purged_floors":[4,20,37,47],"is_endless":false,"potions_floor_spawned":[1,2,8,18,19,22,24,27,28,29,31,33,35,36,38,39,40,41,42,45,46,48],"ascension_level":2}