{"gold_per_floor":[210,210,229,73,73,73,99,99,99,111,148,160,205,235,247,390,402,430,442,168,168,77,112,112,112],"floor_reached":25,"playtime":2452,"items_purged":["Strike_G","Strike_G"],"score":360,"play_id":"8234e450-3165-4b34-8b89-d01080c51ae6","local_time":"20190726101657","is_ascension_mode":true,"campfire_choices":[{"data":"Caltrops","floor":6.0,"key":"SMITH"},{"floor":12.0,"key":"REST"},{"floor":15,"key":"REST"},{"data":"Terror","floor":24,"key":"SMITH"}],"neow_cost":"NONE","seed_source_timestamp":177589134254487,"circlet_count":0,"master_deck":["AscendersBane","Strike_G","Strike_G+1","Defend_G","Defend_G","Defend_G","Defend_G","Defend_G","Survivor+1","Neutralize","Underhanded Strike","Dagger Throw","Caltrops+1","Tactician","Calculated Gamble","Footwork","Well Laid Plans","Tools of the Trade","PiercingWail","Footwork","Terror+1","Outmaneuver","Flying Knee"],"special_seed":0,"relics":["Ring of the Snake","Matryoshka","Centennial Puzzle","MawBank","Golden Idol","Kunai","Runic Pyramid","Enchiridion","Vajra","MutagenicStrength","Ancient Tea Set"],"potions_floor_usage":[23],"damage_taken":[{"damage":0.0,"enemies":"2 Louse","floor":1.0,"turns":4.0},{"damage":0.0,"enemies":"Cultist","floor":3.0,"turns":5.0},{"damage":30.0,"enemies":"Lagavulin","floor":7.0,"turns":7.0},{"damage":0.0,"enemies":"Small Slimes","floor":11.0,"turns":4.0},{"damage":35.0,"enemies":"3 Sentries","floor":13.0,"turns":9.0},{"damage":0,"enemies":"2 Fungi Beasts","floor":14,"turns":3},{"damage":13,"enemies":"Hexaghost","floor":16,"turns":14},{"damage":0,"enemies":"Chosen","floor":18,"turns":7},{"damage":9,"enemies":"Slavers","floor":23,"turns":6},{"damage":40,"enemies":"Gremlin Leader","floor":25,"turns":2}],"seed_played":"-16767683647892004","potions_obtained":[{"floor":1.0,"key":"Block Potion"},{"floor":2.0,"key":"Fruit Juice"},{"floor":2.0,"key":"SpeedPotion"},{"floor":7.0,"key":"Energy Potion"},{"floor":13.0,"key":"FairyPotion"},{"floor":18,"key":"AttackPotion"}],"is_trial":false,"path_per_floor":["M","?","M","$","?","R","E","?","T","?","M","R","E","M","R","B",null,"M","?","$","?","$","E","R","E"],"character_chosen":"THE_SILENT","items_purchased":["Caltrops","Footwork","Vajra","Terror","Outmaneuver"],"campfire_rested":2,"item_purchase_floors":[4,20,20,22,22],"current_hp_per_floor":[63,68,68,68,61,61,31,16,16,16,16,36,1,1,21,8,54,54,38,38,38,38,29,29,0],"gold":112,"neow_bonus":"HUNDRED_GOLD","is_prod":false,"is_daily":false,"chose_seed":false,"campfire_upgraded":2,"win_rate":0,"timestamp":1564161417,"path_taken":["M","?","?","$","?","R","E","?","T","?","M","R","E","M","R","BOSS","M","?","$","?","$","E","R","E"],"build_version":"2019-07-17","purchased_purges":2,"victory":false,"max_hp_per_floor":[70,75,75,75,75,75,75,75,75,69,69,69,69,69,69,69,69,69,69,69,69,69,69,69,69],"card_choices":[{"not_picked":["Endless Agony","Poisoned Stab"],"picked":"Underhanded Strike","floor":1.0},{"not_picked":["Sucker Punch","Accuracy"],"picked":"Dagger Throw","floor":3.0},{"not_picked":["Bane","Choke"],"picked":"Tactician","floor":7.0},{"not_picked":["Endless Agony","Dodge and Roll"],"picked":"Calculated Gamble","floor":11.0},{"not_picked":["Deflect","Dodge and Roll"],"picked":"Footwork","floor":13.0},{"not_picked":["Backflip","Deadly Poison"],"picked":"Well Laid Plans","floor":14},{"not_picked":["Night Terror","Malaise"],"picked":"Tools of the Trade","floor":16},{"not_picked":["Flying Knee","Slice"],"picked":"PiercingWail","floor":18},{"not_picked":["Acrobatics","Quick Slash"],"picked":"Flying Knee","floor":23}],"player_experience":497607,"relics_obtained":[{"floor":7.0,"key":"Matryoshka"},{"floor":9.0,"key":"Centennial Puzzle"},{"floor":9.0,"key":"MawBank"},{"floor":13.0,"key":"Kunai"},{"floor":19,"key":"Enchiridion"},{"floor":23,"key":"Ancient Tea Set"}],"event_choices":[{"damage_healed":0.0,"max_hp_gain":0.0,"max_hp_loss":0.0,"gold_gain":0.0,"event_name":"Lab","player_choice":"Got Potions","floor":2.0,"gold_loss":0.0,"damage_taken":0.0},{"cards_removed":["Strike_G"],"damage_healed":0.0,"max_hp_gain":0.0,"max_hp_loss":0.0,"gold_gain":0.0,"event_name":"Golden Wing","player_choice":"Card Removal","floor":5.0,"gold_loss":0.0,"damage_taken":7.0},{"damage_healed":0.0,"max_hp_gain":0.0,"max_hp_loss":0.0,"gold_gain":0.0,"event_name":"Shining Light","player_choice":"Entered Light","floor":8.0,"gold_loss":0.0,"damage_taken":15.0,"cards_upgraded":["Strike_G","Survivor"]},{"damage_healed":0.0,"max_hp_gain":0.0,"max_hp_loss":6.0,"gold_gain":0.0,"event_name":"Golden Idol","player_choice":"Lose Max HP","floor":10.0,"gold_loss":0.0,"damage_taken":0.0,"relics_obtained":["Golden Idol"]},{"damage_healed":0,"gold_gain":0,"player_choice":"Obtained Book","damage_taken":16,"max_hp_gain":0,"max_hp_loss":0,"event_name":"Cursed Tome","floor":19,"gold_loss":0},{"damage_healed":0,"gold_gain":0,"player_choice":"Inject Mutagens","damage_taken":0,"relics_obtained":["MutagenicStrength"],"max_hp_gain":0,"max_hp_loss":0,"event_name":"Drug Dealer","floor":21,"gold_loss":0}],"is_beta":false,"boss_relics":[{"not_picked":["Philosopher\u0027s Stone","Eternal Feather"],"picked":"Runic Pyramid"}],"items_purged_floors":[4,20],"is_endless":false,"potions_floor_spawned":[1,7,13,16,18],"killed_by":"Gremlin Leader","ascension_level":12}