{"gold_per_floor":[111,36,111,111,124,134,152,152,152,6,32,32,50,63,63,168,168,168,168,168,123,123,123,123,123,123,123,123,123,123,123,123,123],"floor_reached":33,"playtime":2186,"items_purged":["Strike_R","Strike_R"],"score":332,"play_id":"57a474f9-8da5-496a-9eba-fc3f81da45c3","local_time":"20180902154439","is_ascension_mode":true,"campfire_choices":[{"data":"Whirlwind","floor":8,"key":"SMITH"},{"data":"Shockwave","floor":12,"key":"SMITH"},{"floor":15,"key":"REST"},{"data":"Disarm","floor":23,"key":"SMITH"},{"data":"Armaments","floor":27,"key":"SMITH"},{"data":"1","floor":32,"key":"LIFT"}],"neow_cost":"NONE","seed_source_timestamp":1380224074533304,"circlet_count":0,"master_deck":["Strike_R","Strike_R","Defend_R+1","Defend_R","Defend_R+1","Defend_R","Bash","Disarm","Whirlwind+1","Clash","Inflame","Heavy Blade+1","Shockwave+1","Infernal Blade","Blood for Blood+1","Fiend Fire+1","Armaments","Writhe","Heavy Blade+1","Disarm+1","Armaments+1","Sever Soul+1","Second Wind","Battle Trance","Second Wind"],"relics":["Burning Blood","Molten Egg 2","Odd Mushroom","Ectoplasm","Pen Nib","Mercury Hourglass","Paper Frog","Dead Branch","Frozen Egg 2","War Paint","Girya"],"potions_floor_usage":[7,16,21,24,28,30,30,31],"damage_taken":[{"damage":7,"enemies":"Small Slimes","floor":1,"turns":5},{"damage":4,"enemies":"2 Louse","floor":5,"turns":4},{"damage":14,"enemies":"Jaw Worm","floor":6,"turns":5},{"damage":8,"enemies":"Lots of Slimes","floor":7,"turns":3},{"damage":11,"enemies":"The Mushroom Lair","floor":11,"turns":2},{"damage":28,"enemies":"Exordium Thugs","floor":13,"turns":3},{"damage":15,"enemies":"Large Slime","floor":14,"turns":5},{"damage":47,"enemies":"Hexaghost","floor":16,"turns":8},{"damage":12,"enemies":"Chosen","floor":18,"turns":2},{"damage":28,"enemies":"2 Thieves","floor":21,"turns":3},{"damage":13,"enemies":"Gremlin Leader","floor":24,"turns":4},{"damage":20,"enemies":"Colosseum Slavers","floor":25,"turns":4},{"damage":15,"enemies":"Colosseum Nobs","floor":25,"turns":4},{"damage":5,"enemies":"Book of Stabbing","floor":28,"turns":3},{"damage":0,"enemies":"Snake Plant","floor":29,"turns":2},{"damage":0,"enemies":"Sentry and Sphere","floor":30,"turns":3},{"damage":18,"enemies":"Centurion and Healer","floor":31,"turns":3},{"damage":44,"enemies":"Automaton","floor":33,"turns":5}],"seed_played":"650024139133440490","potions_obtained":[{"floor":1,"key":"Poison Potion"},{"floor":11,"key":"BloodPotion"},{"floor":13,"key":"Regen Potion"},{"floor":14,"key":"Regen Potion"},{"floor":16,"key":"Explosive Potion"},{"floor":21,"key":"Regen Potion"},{"floor":25,"key":"Energy Potion"},{"floor":29,"key":"Energy Potion"},{"floor":30,"key":"Fire Potion"}],"is_trial":false,"path_per_floor":["M","$","?","$","M","M","M","R","T","$","?","R","M","M","R","B",null,"M","T","?","M","?","R","E","?","T","R","E","M","M","M","R"],"character_chosen":"IRONCLAD","items_purchased":["Heavy Blade+1"],"campfire_rested":1,"item_purchase_floors":[10],"current_hp_per_floor":[79,79,68,68,70,62,60,60,60,60,55,55,33,24,48,22,80,74,74,74,61,61,61,66,43,43,43,44,50,56,44,44,0],"gold":123,"neow_bonus":"REMOVE_CARD","is_prod":false,"is_daily":false,"chose_seed":false,"campfire_upgraded":4,"win_rate":0,"timestamp":1535895879,"path_taken":["M","$","?","$","M","?","M","R","T","?","?","R","?","M","R","BOSS","M","?","?","M","?","R","E","?","T","R","E","?","M","?","R","BOSS"],"build_version":"2018-08-30","purchased_purges":2,"victory":false,"max_hp_per_floor":[80,80,80,80,80,80,80,80,80,80,80,80,80,80,80,80,80,80,80,80,80,80,80,80,80,80,80,80,80,80,80,80,80],"card_choices":[{"not_picked":["Sword Boomerang","Anger"],"picked":"Disarm","floor":1},{"not_picked":["Metallicize","Clothesline"],"picked":"Whirlwind","floor":5},{"not_picked":["Havoc","Hemokinesis"],"picked":"Clash","floor":6},{"not_picked":["True Grit","Flex"],"picked":"Inflame","floor":7},{"not_picked":["Armaments","Hemokinesis+1"],"picked":"Shockwave","floor":11},{"not_picked":["Sword Boomerang+1","Reckless Charge+1"],"picked":"Infernal Blade","floor":13},{"not_picked":["Pummel+1","Anger+1"],"picked":"Blood for Blood+1","floor":14},{"not_picked":["Impervious","Juggernaut"],"picked":"Fiend Fire+1","floor":16},{"not_picked":["Warcry","Flex"],"picked":"Armaments","floor":18},{"not_picked":["Sword Boomerang+1","Hemokinesis+1"],"picked":"Heavy Blade+1","floor":21},{"not_picked":["Hemokinesis+1","Pommel Strike+1"],"picked":"Armaments","floor":24},{"not_picked":["Havoc","Body Slam+1"],"picked":"Sever Soul+1","floor":25},{"not_picked":["Dark Embrace+1","Perfected Strike+1","Clothesline+1"],"picked":"SKIP","floor":28},{"not_picked":["Headbutt+1","Power Through+1"],"picked":"Second Wind","floor":29},{"not_picked":["Clash+1","Rupture+1"],"picked":"Battle Trance","floor":30},{"not_picked":["Shrug It Off","Armaments"],"picked":"Second Wind","floor":31}],"player_experience":426581,"relics_obtained":[{"floor":9,"key":"Molten Egg 2"},{"floor":11,"key":"Odd Mushroom"},{"floor":19,"key":"Pen Nib"},{"floor":24,"key":"Paper Frog"},{"floor":25,"key":"Dead Branch"},{"floor":25,"key":"Frozen Egg 2"},{"floor":26,"key":"War Paint"},{"floor":28,"key":"Girya"}],"event_choices":[{"event_name":"World of Goop","player_choice":"Gather Gold","floor":3,"damage_taken":0},{"event_name":"Mushrooms","player_choice":"Fought Mushrooms","floor":11,"damage_taken":0},{"event_name":"The Mausoleum","player_choice":"Yes","floor":20,"damage_taken":0},{"event_name":"The Library","player_choice":"Read","floor":22,"damage_taken":0},{"event_name":"Colosseum","player_choice":"Fight","floor":25,"damage_taken":0},{"event_name":"Colosseum","player_choice":"Fought Nobs","floor":25,"damage_taken":0}],"is_beta":false,"boss_relics":[{"not_picked":["Philosopher\u0027s Stone","Lizard Tail"],"picked":"Ectoplasm"}],"items_purged_floors":[2,10],"is_endless":false,"potions_floor_spawned":[1,11,13,14,16,21,25,29,30],"killed_by":"Automaton","ascension_level":4}