{"gold_per_floor":[109,126,137,190,207,237,237,237,237,237,264,65,96,114,114,212,212,224,235,235,1,1,1],"floor_reached":23,"playtime":4229,"items_purged":[],"score":282,"play_id":"1f7c1d51-742e-421f-bb79-648cbb819447","local_time":"20190716125603","is_ascension_mode":true,"campfire_choices":[{"floor":7,"key":"REST"},{"data":"Terror","floor":10,"key":"SMITH"},{"floor":15,"key":"REST"}],"neow_cost":"NONE","seed_source_timestamp":338865996058215,"circlet_count":0,"master_deck":["Strike_G","Strike_G","Strike_G","Defend_G","Defend_G","Defend_G","Defend_G","Survivor","Neutralize","Footwork","Acrobatics","Underhanded Strike","Deflect","Terror+1","Tactician","Well Laid Plans","Flash of Steel","Crippling Poison","PiercingWail","PiercingWail","A Thousand Cuts","Concentrate+1","Dagger Throw","Chrysalis","Acrobatics"],"relics":["Ring of the Snake","Bag of Marbles","Ninja Scroll","Oddly Smooth Stone","Dodecahedron","Empty Cage"],"potions_floor_usage":[11,11,23,23],"damage_taken":[{"damage":4,"enemies":"Cultist","floor":1,"turns":6},{"damage":13,"enemies":"Jaw Worm","floor":2,"turns":8},{"damage":0,"enemies":"Small Slimes","floor":3,"turns":4},{"damage":3,"enemies":"3 Louse","floor":5,"turns":6},{"damage":48,"enemies":"Gremlin Nob","floor":6,"turns":6},{"damage":8,"enemies":"Lagavulin","floor":11,"turns":7},{"damage":20,"enemies":"Gremlin Nob","floor":13,"turns":5},{"damage":0,"enemies":"Exordium Thugs","floor":14,"turns":4},{"damage":15,"enemies":"The Guardian","floor":16,"turns":18},{"damage":7,"enemies":"Chosen","floor":18,"turns":9},{"damage":22,"enemies":"Spheric Guardian","floor":19,"turns":8},{"damage":38,"enemies":"Gremlin Leader","floor":23,"turns":7}],"seed_played":"1939865030509984060","potions_obtained":[{"floor":1,"key":"Dexterity Potion"},{"floor":3,"key":"SteroidPotion"},{"floor":13,"key":"Explosive Potion"},{"floor":18,"key":"GamblersBrew"}],"is_trial":false,"path_per_floor":["M","M","M","T","M","E","R","?","T","R","E","$","E","M","R","B",null,"M","M","?","$","?","E"],"character_chosen":"THE_SILENT","items_purchased":["Well Laid Plans","Flash of Steel","Crippling Poison","Chrysalis","Acrobatics"],"campfire_rested":2,"item_purchase_floors":[12,12,12,21,21],"current_hp_per_floor":[66,53,53,53,50,2,25,30,30,30,22,22,2,2,26,11,64,57,35,35,35,35,0],"gold":1,"neow_bonus":"TEN_PERCENT_HP_BONUS","is_prod":false,"is_daily":false,"chose_seed":false,"campfire_upgraded":1,"win_rate":0,"timestamp":1563306963,"path_taken":["M","M","M","?","M","E","R","?","T","R","E","?","E","M","R","BOSS","M","M","?","?","?","E"],"build_version":"2019-07-05","purchased_purges":0,"victory":false,"max_hp_per_floor":[77,77,77,77,77,77,77,82,82,82,82,82,82,82,82,82,82,82,82,82,82,82,82],"card_choices":[{"not_picked":["Underhanded Strike","Noxious Fumes"],"picked":"Footwork","floor":1},{"not_picked":["Setup","Calculated Gamble"],"picked":"Acrobatics","floor":2},{"not_picked":["Choke","Deflect"],"picked":"Underhanded Strike","floor":3},{"not_picked":["Dodge and Roll","Poisoned Stab"],"picked":"Deflect","floor":5},{"not_picked":["Cloak And Dagger","Slice"],"picked":"Terror","floor":6},{"not_picked":["Dagger Spray","Reflex"],"picked":"Tactician","floor":11},{"not_picked":["Accuracy","Backflip"],"picked":"PiercingWail","floor":13},{"not_picked":["Slice","Cloak And Dagger"],"picked":"PiercingWail","floor":14},{"not_picked":["Burst","Grand Finale"],"picked":"A Thousand Cuts","floor":16},{"not_picked":["Quick Slash","Dodge and Roll"],"picked":"Concentrate+1","floor":18},{"not_picked":["Eviscerate","PiercingWail"],"picked":"Dagger Throw","floor":19}],"player_experience":302696,"relics_obtained":[{"floor":6,"key":"Bag of Marbles"},{"floor":9,"key":"Ninja Scroll"},{"floor":11,"key":"Oddly Smooth Stone"},{"floor":13,"key":"Dodecahedron"}],"event_choices":[{"damage_healed":0,"gold_gain":0,"player_choice":"Donut","damage_taken":0,"max_hp_gain":5,"max_hp_loss":0,"event_name":"Big Fish","floor":8,"gold_loss":0},{"cards_removed":["Defend_G"],"damage_healed":0,"gold_gain":0,"player_choice":"Purged","damage_taken":0,"max_hp_gain":0,"max_hp_loss":0,"event_name":"Purifier","floor":20,"gold_loss":0},{"damage_healed":0,"gold_gain":0,"player_choice":"Ignored","damage_taken":0,"max_hp_gain":0,"max_hp_loss":0,"event_name":"Ghosts","floor":22,"gold_loss":0}],"is_beta":false,"boss_relics":[{"not_picked":["Busted Crown","Runic Dome"],"picked":"Empty Cage"}],"items_purged_floors":[],"is_endless":false,"potions_floor_spawned":[1,3,13,18],"killed_by":"Gremlin Leader","ascension_level":7}