{"gold_per_floor":[111,129,149,160,45,45,60,60,60,77,24,24,37,71,71,71],"floor_reached":16,"playtime":682,"items_purged":["Strike_G"],"score":208,"play_id":"c58ec132-5d32-439e-b4ed-60105fa49ab0","local_time":"20190816092946","is_ascension_mode":true,"campfire_choices":[{"data":"Die Die Die","floor":6.0,"key":"SMITH"},{"data":"Predator","floor":12.0,"key":"SMITH"},{"floor":15,"key":"REST"}],"neow_cost":"NONE","seed_source_timestamp":1990842607763892,"circlet_count":0,"master_deck":["AscendersBane","Strike_G","Strike_G","Strike_G","Defend_G","Defend_G","Defend_G","Defend_G","Defend_G","Survivor","Neutralize","Finesse","Catalyst","PiercingWail","Blur","Die Die Die+1","Predator+1","Sucker Punch","Deflect","Dagger Spray","Outmaneuver","Adrenaline"],"special_seed":0,"relics":["Ring of the Snake","Happy Flower","Orichalcum"],"potions_floor_usage":[14],"damage_taken":[{"damage":5.0,"enemies":"Jaw Worm","floor":1.0,"turns":6.0},{"damage":3.0,"enemies":"Cultist","floor":2.0,"turns":6.0},{"damage":0.0,"enemies":"2 Louse","floor":3.0,"turns":3.0},{"damage":15.0,"enemies":"Red Slaver","floor":4.0,"turns":7.0},{"damage":1.0,"enemies":"Looter","floor":7.0,"turns":4.0},{"damage":0.0,"enemies":"2 Fungi Beasts","floor":10.0,"turns":1.0},{"damage":0.0,"enemies":"Exordium Wildlife","floor":13.0,"turns":2.0},{"damage":3,"enemies":"Gremlin Nob","floor":14,"turns":3},{"damage":57,"enemies":"Slime Boss","floor":16,"turns":10}],"seed_played":"-7897234927896314418","potions_obtained":[{"floor":1.0,"key":"Ancient Potion"},{"floor":2.0,"key":"SteroidPotion"},{"floor":7.0,"key":"AttackPotion"},{"floor":14,"key":"LiquidBronze"}],"is_trial":false,"path_per_floor":["M","M","M","M","$","R","M","?","T","M","$","R","M","E","R","B"],"character_chosen":"THE_SILENT","items_purchased":["Predator","Dagger Spray"],"campfire_rested":1,"item_purchase_floors":[5,11],"current_hp_per_floor":[54,51,51,36,36,36,35,35,35,35,35,35,35,32,51,0],"gold":71,"neow_bonus":"RANDOM_COLORLESS","is_prod":false,"is_daily":false,"chose_seed":false,"campfire_upgraded":2,"win_rate":0,"timestamp":1565972986,"path_taken":["M","M","M","M","$","R","M","?","T","?","?","R","M","E","R","BOSS"],"build_version":"2019-07-17","purchased_purges":1,"victory":false,"max_hp_per_floor":[66,66,66,66,66,66,66,66,66,66,66,66,66,66,66,66],"card_choices":[{"not_picked":["Outmaneuver","Choke"],"picked":"Catalyst","floor":1.0},{"not_picked":["Backflip","Dagger Spray"],"picked":"PiercingWail","floor":2.0},{"not_picked":["Dagger Throw","Quick Slash"],"picked":"Blur","floor":3.0},{"not_picked":["Deflect","Flying Knee"],"picked":"Die Die Die","floor":4.0},{"not_picked":["Quick Slash","Dagger Spray"],"picked":"Sucker Punch","floor":7.0},{"not_picked":["Skewer","Blade Dance"],"picked":"Deflect","floor":10.0},{"not_picked":["Dagger Throw","Distraction"],"picked":"Outmaneuver","floor":13.0},{"not_picked":["Masterful Stab","Distraction"],"picked":"Adrenaline","floor":14}],"player_experience":757077,"relics_obtained":[{"floor":9.0,"key":"Happy Flower"},{"floor":14,"key":"Orichalcum"}],"event_choices":[{"cards_removed":["Strike_G"],"damage_healed":0.0,"max_hp_gain":0.0,"max_hp_loss":0.0,"gold_gain":0.0,"event_name":"Bonfire Elementals","player_choice":"Offered Basic","floor":8.0,"gold_loss":0.0,"damage_taken":0.0}],"is_beta":false,"boss_relics":[],"items_purged_floors":[5],"is_endless":false,"potions_floor_spawned":[1,2,4,7,14],"killed_by":"Slime Boss","ascension_level":20}