{"gold_per_floor":[114,128,47,47,59,59,78,78,78,109,122,122,139,157,157,234,234,252,267,267],"floor_reached":20,"playtime":1158,"items_purged":[],"score":338,"play_id":"bcb9e388-a6fd-401c-a825-943e0fcdf642","local_time":"20190801134853","is_ascension_mode":true,"campfire_choices":[{"data":"Well Laid Plans","floor":6.0,"key":"SMITH"},{"data":"Dagger Spray","floor":8.0,"key":"SMITH"},{"data":"Night Terror","floor":12.0,"key":"SMITH"},{"floor":15.0,"key":"REST"}],"neow_cost":"NONE","seed_source_timestamp":709623368296001,"circlet_count":0,"master_deck":["AscendersBane","Strike_G","Strike_G","Strike_G","Strike_G","Strike_G","Defend_G","Defend_G","Defend_G","Defend_G","Defend_G","Survivor","Neutralize","Night Terror+1","Flying Knee","Dagger Spray+1","Well Laid Plans+1","Deadly Poison","Outmaneuver","Blade Dance","Backstab","Distraction","Deflect","After Image","Cloak And Dagger","Bane"],"special_seed":0,"relics":["Ring of the Snake","Orichalcum","Bottled Tornado","WristBlade"],"potions_floor_usage":[16,16,19],"damage_taken":[{"damage":6.0,"enemies":"Cultist","floor":1.0,"turns":5.0},{"damage":7.0,"enemies":"Small Slimes","floor":2.0,"turns":3.0},{"damage":0.0,"enemies":"Jaw Worm","floor":5.0,"turns":4.0},{"damage":16.0,"enemies":"3 Louse","floor":7.0,"turns":3.0},{"damage":25.0,"enemies":"3 Sentries","floor":10.0,"turns":7.0},{"damage":0.0,"enemies":"Blue Slaver","floor":11.0,"turns":3.0},{"damage":2.0,"enemies":"Looter","floor":13.0,"turns":2.0},{"damage":0.0,"enemies":"Lots of Slimes","floor":14.0,"turns":2.0},{"damage":40,"enemies":"Slime Boss","floor":16,"turns":10},{"damage":32,"enemies":"Spheric Guardian","floor":18,"turns":7},{"damage":6,"enemies":"2 Thieves","floor":19,"turns":4},{"damage":20,"enemies":"Snecko","floor":20,"turns":4}],"seed_played":"-2255823504882268288","potions_obtained":[{"floor":1.0,"key":"Weak Potion"},{"floor":10.0,"key":"EssenceOfSteel"},{"floor":14.0,"key":"Regen Potion"},{"floor":16,"key":"Energy Potion"},{"floor":18,"key":"AttackPotion"}],"is_trial":false,"path_per_floor":["M","M","$","?","M","R","M","R","T","E","M","R","M","M","R","B",null,"M","M","M"],"character_chosen":"THE_SILENT","items_purchased":["Well Laid Plans"],"campfire_rested":1,"item_purchase_floors":[3],"current_hp_per_floor":[53,46,46,66,66,66,50,50,50,25,25,25,23,23,42,17,54,22,16,0],"gold":267,"neow_bonus":"ONE_RANDOM_RARE_CARD","is_prod":false,"is_daily":false,"chose_seed":false,"campfire_upgraded":3,"win_rate":0,"timestamp":1564692533,"path_taken":["M","?","$","?","M","R","M","R","T","E","M","R","M","M","R","BOSS","M","M","M"],"build_version":"2019-07-17","purchased_purges":0,"victory":false,"max_hp_per_floor":[66,66,66,66,66,66,66,66,66,66,66,66,66,66,66,66,66,66,66,66],"card_choices":[{"not_picked":["Flechettes","Masterful Stab"],"picked":"Flying Knee","floor":1.0},{"not_picked":["Deadly Poison","Outmaneuver"],"picked":"Dagger Spray","floor":2.0},{"not_picked":["Poisoned Stab","Slice"],"picked":"Deadly Poison","floor":5.0},{"not_picked":["Underhanded Strike","Distraction"],"picked":"Outmaneuver","floor":7.0},{"not_picked":["Quick Slash","Blade Dance","Endless Agony"],"picked":"SKIP","floor":10.0},{"not_picked":["Quick Slash","Endless Agony"],"picked":"Blade Dance","floor":10.0},{"not_picked":["All Out Attack","Dagger Throw"],"picked":"Backstab","floor":11.0},{"not_picked":["Dagger Throw","Underhanded Strike"],"picked":"Distraction","floor":13.0},{"not_picked":["Poisoned Stab","Blade Dance"],"picked":"Deflect","floor":14.0},{"not_picked":["Storm of Steel","Adrenaline"],"picked":"After Image","floor":16},{"not_picked":["Acrobatics+1","Deadly Poison"],"picked":"Cloak And Dagger","floor":18},{"not_picked":["Acrobatics","Outmaneuver"],"picked":"Bane","floor":19}],"player_experience":607729,"relics_obtained":[{"floor":9.0,"key":"Orichalcum"},{"floor":10.0,"key":"Bottled Tornado"}],"event_choices":[{"damage_healed":22.0,"max_hp_gain":0.0,"max_hp_loss":0.0,"gold_gain":0.0,"event_name":"Big Fish","player_choice":"Banana","floor":4.0,"gold_loss":0.0,"damage_taken":0.0}],"is_beta":false,"boss_relics":[{"not_picked":["Coffee Dripper","Lizard Tail"],"picked":"WristBlade"}],"items_purged_floors":[],"is_endless":false,"potions_floor_spawned":[1,10,14,16,18],"killed_by":"Snecko","ascension_level":18}