{"gold_per_floor":[111,126,138,47,63,63,97,97,97,97],"floor_reached":10,"playtime":417,"items_purged":[],"score":136,"play_id":"1d0f97f8-c055-4f61-ae3f-07dd53992337","local_time":"20190805125616","is_ascension_mode":true,"campfire_choices":[{"data":"Deadly Poison","floor":6.0,"key":"SMITH"},{"floor":8.0,"key":"REST"}],"neow_cost":"NONE","seed_source_timestamp":1053229160998769,"circlet_count":0,"master_deck":["AscendersBane","Strike_G","Strike_G","Strike_G","Strike_G","Strike_G","Defend_G","Defend_G","Defend_G","Defend_G","Defend_G","Survivor","Neutralize","Deadly Poison+1","Backflip","PiercingWail","Well Laid Plans","Deflect","Slice","Poisoned Stab"],"special_seed":0,"relics":["Ring of the Snake","NeowsBlessing","Dream Catcher","Boot"],"potions_floor_usage":[],"damage_taken":[{"damage":0.0,"enemies":"Cultist","floor":1.0,"turns":1.0},{"damage":0.0,"enemies":"Jaw Worm","floor":2.0,"turns":1.0},{"damage":0.0,"enemies":"Small Slimes","floor":3.0,"turns":1.0},{"damage":26.0,"enemies":"Exordium Wildlife","floor":5.0,"turns":6.0},{"damage":29.0,"enemies":"Gremlin Nob","floor":7.0,"turns":6.0},{"damage":34,"enemies":"Lagavulin","floor":10,"turns":8}],"seed_played":"2909185138363658816","potions_obtained":[{"floor":2.0,"key":"GhostInAJar"},{"floor":3.0,"key":"SpeedPotion"},{"floor":7.0,"key":"SteroidPotion"}],"is_trial":false,"path_per_floor":["M","M","M","$","M","R","E","R","T","E"],"character_chosen":"THE_SILENT","items_purchased":["Well Laid Plans","Deflect"],"campfire_rested":1,"item_purchase_floors":[4,4],"current_hp_per_floor":[59,59,59,59,33,33,4,23,23,0],"gold":97,"neow_bonus":"THREE_ENEMY_KILL","is_prod":false,"is_daily":false,"chose_seed":false,"campfire_upgraded":1,"win_rate":0,"timestamp":1565034976,"path_taken":["M","?","M","$","M","R","E","R","T","E"],"build_version":"2019-07-17","purchased_purges":0,"victory":false,"max_hp_per_floor":[66,66,66,66,66,66,66,66,66,66],"card_choices":[{"not_picked":["Flying Knee","Endless Agony"],"picked":"Deadly Poison","floor":1.0},{"not_picked":["Blade Dance","Setup"],"picked":"Backflip","floor":2.0},{"not_picked":["Eviscerate","Dagger Throw"],"picked":"PiercingWail","floor":3.0},{"not_picked":["Quick Slash","Finisher"],"picked":"Slice","floor":5.0},{"not_picked":["Prepared","Cloak And Dagger"],"picked":"Poisoned Stab","floor":7.0}],"player_experience":649081,"relics_obtained":[{"floor":7.0,"key":"Dream Catcher"},{"floor":9.0,"key":"Boot"}],"event_choices":[],"is_beta":false,"boss_relics":[],"items_purged_floors":[],"is_endless":false,"potions_floor_spawned":[2,3,7],"killed_by":"Lagavulin","ascension_level":20}