{"gold_per_floor":[115,40,55,55,1,30,30,59,59,84,96,96,116,129,129,207,207,222,234,234,249,249,279,279,279,279,303,135,135,50,50,50,129,129,147,147,147,247,247,273,286,312,312,328,344,32,0,26,26,26,26],"floor_reached":52,"playtime":3961,"items_purged":["Writhe"],"score":2048,"play_id":"cdcca6c5-27d1-4092-9b73-c8fc26a0a4f8","local_time":"20190721160827","is_ascension_mode":true,"campfire_choices":[{"data":"Dagger Throw","floor":7.0,"key":"SMITH"},{"data":"Backstab","floor":12.0,"key":"SMITH"},{"data":"Noxious Fumes","floor":15.0,"key":"SMITH"},{"data":"Well Laid Plans","floor":24.0,"key":"SMITH"},{"data":"Neutralize","floor":29.0,"key":"SMITH"},{"floor":32.0,"key":"REST"},{"floor":49.0,"key":"RECALL"}],"neow_cost":"NONE","seed_source_timestamp":1000001724286870,"circlet_count":0,"master_deck":["AscendersBane","Strike_G+1","Strike_G+1","Defend_G+1","Defend_G+1","Defend_G+1","Defend_G+1","Defend_G+1","Survivor","Neutralize+1","Underhanded Strike","Dagger Throw+1","PiercingWail","Backstab+1","Backflip","All Out Attack+1","Well Laid Plans+1","Noxious Fumes+1","Adrenaline+1","Underhanded Strike+1","PiercingWail","Dodge and Roll+1","Necronomicurse","Skewer+1","Deflect+1","Doppelganger+1","Deadly Poison+1","Skewer+1","Crippling Poison+1","Skewer+1","Noxious Fumes","Backflip+1","Dark Shackles+1","Dash+1"],"special_seed":0,"relics":["Ring of the Snake","NeowsBlessing","Mercury Hourglass","Happy Flower","Molten Egg 2","Blood Vial","Empty Cage","Toxic Egg 2","Meat on the Bone","Necronomicon","Thread and Needle","Juzu Bracelet","Pen Nib","Fusion Hammer","Turnip","Calipers","Ninja Scroll","PreservedInsect","Ornamental Fan","TwistedFunnel","Red Mask","Snake Skull"],"potions_floor_usage":[51],"damage_taken":[{"damage":0.0,"enemies":"2 Louse","floor":1.0,"turns":1.0},{"damage":0.0,"enemies":"Cultist","floor":3.0,"turns":1.0},{"damage":0.0,"enemies":"Gremlin Nob","floor":6.0,"turns":1.0},{"damage":13.0,"enemies":"Lagavulin","floor":8.0,"turns":7.0},{"damage":5.0,"enemies":"3 Sentries","floor":10.0,"turns":7.0},{"damage":0.0,"enemies":"Jaw Worm","floor":11.0,"turns":2.0},{"damage":0.0,"enemies":"Large Slime","floor":13.0,"turns":3.0},{"damage":3.0,"enemies":"Looter","floor":14.0,"turns":2.0},{"damage":17.0,"enemies":"Hexaghost","floor":16.0,"turns":10.0},{"damage":1.0,"enemies":"3 Byrds","floor":18.0,"turns":3.0},{"damage":7.0,"enemies":"Chosen","floor":19.0,"turns":5.0},{"damage":5.0,"enemies":"Shelled Parasite and Fungi","floor":21.0,"turns":3.0},{"damage":17.0,"enemies":"Book of Stabbing","floor":23.0,"turns":6.0},{"damage":15.0,"enemies":"Collector","floor":33.0,"turns":9.0},{"damage":0.0,"enemies":"Orb Walker","floor":35.0,"turns":3.0},{"damage":0.0,"enemies":"Mind Bloom Boss Battle","floor":38.0,"turns":5.0},{"damage":0.0,"enemies":"Nemesis","floor":40.0,"turns":3.0},{"damage":0.0,"enemies":"3 Shapes","floor":41.0,"turns":3.0},{"damage":0.0,"enemies":"Giant Head","floor":42.0,"turns":4.0},{"damage":4.0,"enemies":"Spire Growth","floor":44.0,"turns":2.0},{"damage":0.0,"enemies":"Transient","floor":45.0,"turns":6.0},{"damage":0.0,"enemies":"Nemesis","floor":48.0,"turns":3.0},{"damage":4.0,"enemies":"Donu and Deca","floor":50.0,"turns":9.0},{"damage":21,"enemies":"Awakened One","floor":51,"turns":10}],"seed_played":"8930337464349265439","potions_obtained":[{"floor":1.0,"key":"LiquidBronze"},{"floor":4.0,"key":"Fire Potion"},{"floor":4.0,"key":"EssenceOfSteel"},{"floor":8.0,"key":"Dexterity Potion"},{"floor":23.0,"key":"Dexterity Potion"},{"floor":38.0,"key":"Weak Potion"},{"floor":41.0,"key":"Energy Potion"},{"floor":48.0,"key":"Swift Potion"}],"is_trial":false,"path_per_floor":["M","?","M","?","$","E","R","E","T","E","M","R","M","M","R","B",null,"M","M","?","M","?","E","R","?","T","T","$","R","?","?","R","B",null,"M","?","T","?","?","E","M","E","T","M","M","$","?","E","R","B","B",null],"character_chosen":"THE_SILENT","items_purchased":["PiercingWail","Skewer+1","Deflect+1","TwistedFunnel","Dark Shackles+1"],"campfire_rested":1,"item_purchase_floors":[5,28,28,46,46],"current_hp_per_floor":[59,59,59,59,59,59,59,46,46,41,43,43,45,44,44,29,57,58,53,53,50,50,35,35,14,14,14,14,14,14,14,33,32,58,60,60,60,62,62,64,66,66,66,62,64,64,64,66,66,62,43],"gold":26,"neow_bonus":"THREE_ENEMY_KILL","is_prod":false,"is_daily":false,"chose_seed":false,"campfire_upgraded":5,"win_rate":0,"timestamp":1563718107,"path_taken":["M","?","M","?","$","E","R","E","T","E","M","R","M","M","R","BOSS","M","M","?","M","?","E","R","?","T","?","?","R","?","?","R","BOSS","M","?","?","?","?","E","M","E","T","M","M","$","?","E","R","BOSS","BOSS"],"build_version":"2019-07-17","purchased_purges":1,"victory":true,"max_hp_per_floor":[66,66,66,66,66,66,66,66,66,66,66,66,66,66,66,66,66,66,66,66,66,66,66,66,66,66,66,66,66,66,66,66,66,66,66,66,66,66,66,66,66,66,66,66,66,66,66,66,66,66,66],"card_choices":[{"not_picked":["Terror","Acrobatics"],"picked":"Underhanded Strike","floor":1.0},{"not_picked":["Deadly Poison","Flechettes"],"picked":"Dagger Throw","floor":3.0},{"not_picked":["Bane","Tools of the Trade"],"picked":"Backstab","floor":6.0},{"not_picked":["Blade Dance","Cloak And Dagger"],"picked":"Backflip","floor":8.0},{"not_picked":["A Thousand Cuts","Outmaneuver"],"picked":"All Out Attack+1","floor":10.0},{"not_picked":["Finisher+1","Outmaneuver","Blade Dance"],"picked":"SKIP","floor":11.0},{"not_picked":["Dagger Throw+1","Prepared"],"picked":"Well Laid Plans","floor":13.0},{"not_picked":["Dagger Spray+1","Setup"],"picked":"Noxious Fumes","floor":14.0},{"not_picked":["Phantasmal Killer","Grand Finale+1"],"picked":"Adrenaline","floor":16.0},{"not_picked":["Choke+1","Deadly Poison"],"picked":"Underhanded Strike+1","floor":18.0},{"not_picked":["Slice+1","Bane+1","Sucker Punch+1"],"picked":"SKIP","floor":19.0},{"not_picked":["Well Laid Plans","Blade Dance"],"picked":"PiercingWail","floor":21.0},{"not_picked":["Caltrops","A Thousand Cuts"],"picked":"Dodge and Roll+1","floor":23.0},{"not_picked":["Storm of Steel+1","Unload+1"],"picked":"Doppelganger+1","floor":33.0},{"not_picked":["Heel Hook+1","Deflect+1"],"picked":"Deadly Poison+1","floor":35.0},{"not_picked":["Masterful Stab+1","Finisher+1"],"picked":"Skewer+1","floor":38.0},{"not_picked":["Catalyst+1","Bane+1"],"picked":"Crippling Poison+1","floor":40.0},{"not_picked":["Poisoned Stab+1","Catalyst+1"],"picked":"Skewer+1","floor":41.0},{"not_picked":["Dagger Spray+1","Tools of the Trade"],"picked":"Noxious Fumes","floor":42.0},{"not_picked":["Dodge and Roll+1","Bouncing Flask+1","Sucker Punch+1"],"picked":"SKIP","floor":44.0},{"not_picked":["Masterful Stab+1","Underhanded Strike+1"],"picked":"Backflip+1","floor":45.0},{"not_picked":["Bane+1","Leg Sweep+1"],"picked":"Dash+1","floor":48.0}],"player_experience":1397563,"relics_obtained":[{"floor":6.0,"key":"Mercury Hourglass"},{"floor":8.0,"key":"Happy Flower"},{"floor":9.0,"key":"Molten Egg 2"},{"floor":10.0,"key":"Blood Vial"},{"floor":23.0,"key":"Meat on the Bone"},{"floor":25.0,"key":"Necronomicon"},{"floor":26.0,"key":"Thread and Needle"},{"floor":27.0,"key":"Juzu Bracelet"},{"floor":37.0,"key":"Turnip"},{"floor":38.0,"key":"Calipers"},{"floor":40.0,"key":"Ninja Scroll"},{"floor":42.0,"key":"PreservedInsect"},{"floor":43.0,"key":"Ornamental Fan"},{"floor":48.0,"key":"Snake Skull"}],"event_choices":[{"cards_removed":["Strike_G"],"damage_healed":0.0,"max_hp_gain":0.0,"max_hp_loss":0.0,"gold_gain":0.0,"event_name":"The Cleric","player_choice":"Card Removal","floor":2.0,"gold_loss":75.0,"damage_taken":0.0},{"damage_healed":0.0,"max_hp_gain":0.0,"max_hp_loss":0.0,"gold_gain":0.0,"event_name":"Lab","player_choice":"Got Potions","floor":4.0,"gold_loss":0.0,"damage_taken":0.0},{"damage_healed":0.0,"max_hp_gain":0.0,"max_hp_loss":0.0,"gold_gain":0.0,"event_name":"Back to Basics","player_choice":"Simplicity","floor":20.0,"gold_loss":0.0,"damage_taken":0.0,"cards_upgraded":["Strike_G","Strike_G","Defend_G","Defend_G","Defend_G","Defend_G","Defend_G"]},{"damage_healed":0.0,"max_hp_gain":0.0,"max_hp_loss":0.0,"gold_gain":0.0,"event_name":"The Mausoleum","player_choice":"Opened","floor":22.0,"gold_loss":0.0,"damage_taken":0.0,"relics_obtained":["Toxic Egg 2"],"cards_obtained":["Writhe"]},{"damage_healed":0.0,"max_hp_gain":0.0,"max_hp_loss":0.0,"gold_gain":0.0,"event_name":"Cursed Tome","player_choice":"Obtained Book","floor":25.0,"gold_loss":0.0,"damage_taken":21.0},{"damage_healed":0.0,"max_hp_gain":0.0,"max_hp_loss":0.0,"gold_gain":0.0,"event_name":"Addict","player_choice":"Obtained Relic","floor":30.0,"gold_loss":85.0,"damage_taken":0.0,"relics_obtained":["Pen Nib"]},{"damage_healed":0.0,"max_hp_gain":0.0,"max_hp_loss":0.0,"gold_gain":0.0,"event_name":"Upgrade Shrine","player_choice":"Upgraded","floor":31.0,"gold_loss":0.0,"damage_taken":0.0,"cards_upgraded":["Adrenaline"]},{"damage_healed":0.0,"max_hp_gain":0.0,"max_hp_loss":0.0,"gold_gain":0.0,"event_name":"SecretPortal","player_choice":"Ignored","floor":36.0,"gold_loss":0.0,"damage_taken":0.0},{"damage_healed":0.0,"max_hp_gain":0.0,"max_hp_loss":0.0,"gold_gain":0.0,"event_name":"MindBloom","player_choice":"Fight","floor":38.0,"gold_loss":0.0,"damage_taken":0.0},{"damage_healed":0.0,"max_hp_gain":0.0,"max_hp_loss":0.0,"gold_gain":0.0,"event_name":"Match and Keep!","player_choice":"0 cards matched","floor":39.0,"gold_loss":0.0,"damage_taken":0.0,"cards_obtained":[]},{"damage_healed":0.0,"max_hp_gain":0.0,"max_hp_loss":0.0,"gold_gain":0.0,"event_name":"Tomb of Lord Red Mask","player_choice":"Paid","floor":47.0,"gold_loss":32.0,"damage_taken":0.0,"relics_obtained":["Red Mask"]}],"is_beta":false,"boss_relics":[{"not_picked":["WristBlade","Astrolabe"],"picked":"Empty Cage"},{"not_picked":["Busted Crown","HoveringKite"],"picked":"Fusion Hammer"}],"items_purged_floors":[28],"is_endless":false,"potions_floor_spawned":[1,8,11,14,18,23,38,41,48],"ascension_level":20}