{"gold_per_floor":[117,41,53,53,53,53,81,97,97,117,142,142,171,183,183,285,285,295,22,22,39,55,82,82,112,163,0,38,63,75,102,114,230,242,269,35,47,47,47,47],"floor_reached":40,"playtime":4396,"items_purged":["Strike_G"],"score":784,"play_id":"0523d77f-78e3-4a79-96e4-fbd83a69dea7","local_time":"20190723103347","is_ascension_mode":true,"campfire_choices":[{"data":"Caltrops","floor":6.0,"key":"SMITH"},{"data":"Crippling Poison","floor":12.0,"key":"SMITH"},{"floor":15.0,"key":"REST"},{"floor":24.0,"key":"REST"},{"floor":32.0,"key":"REST"}],"neow_cost":"NONE","seed_source_timestamp":2003138498977,"circlet_count":0,"master_deck":["AscendersBane","Defend_G","Defend_G+1","Defend_G","Defend_G+1","Defend_G","Survivor","Neutralize","Deadly Poison","Caltrops+1","Bane","PiercingWail","Crippling Poison+1","Deadly Poison","Deflect","After Image","Crippling Poison","Catalyst","Deadly Poison","Adrenaline","PiercingWail","Bite","Bite","Bite","Bite","Bite","Flying Knee+1","Flying Knee","Heel Hook","Envenom","Concentrate+1","Concentrate","Deflect","Backflip+1","Panache","Caltrops"],"special_seed":0,"relics":["Ring of the Snake","NeowsBlessing","Gremlin Horn","War Paint","Omamori","Bottled Tornado","Orrery","Lantern","Happy Flower","Centennial Puzzle","MawBank","Dream Catcher","Busted Crown"],"potions_floor_usage":[40],"damage_taken":[{"damage":0.0,"enemies":"Small Slimes","floor":1.0,"turns":1.0},{"damage":0.0,"enemies":"2 Louse","floor":3.0,"turns":1.0},{"damage":0.0,"enemies":"Lagavulin","floor":7.0,"turns":1.0},{"damage":0.0,"enemies":"Jaw Worm","floor":8.0,"turns":5.0},{"damage":4.0,"enemies":"Large Slime","floor":10.0,"turns":10.0},{"damage":28.0,"enemies":"Gremlin Nob","floor":11.0,"turns":4.0},{"damage":16.0,"enemies":"3 Sentries","floor":13.0,"turns":5.0},{"damage":5.0,"enemies":"Looter","floor":14.0,"turns":4.0},{"damage":24.0,"enemies":"Hexaghost","floor":16.0,"turns":10.0},{"damage":9.0,"enemies":"Shell Parasite","floor":18.0,"turns":5.0},{"damage":17.0,"enemies":"2 Thieves","floor":21.0,"turns":4.0},{"damage":18.0,"enemies":"Centurion and Healer","floor":22.0,"turns":7.0},{"damage":22.0,"enemies":"Gremlin Leader","floor":23.0,"turns":5.0},{"damage":25.0,"enemies":"Book of Stabbing","floor":25.0,"turns":5.0},{"damage":12.0,"enemies":"Slavers","floor":28.0,"turns":5.0},{"damage":13.0,"enemies":"Sentry and Sphere","floor":29.0,"turns":5.0},{"damage":3.0,"enemies":"Cultist and Chosen","floor":31.0,"turns":6.0},{"damage":57.0,"enemies":"Automaton","floor":33.0,"turns":11.0},{"damage":18.0,"enemies":"Orb Walker","floor":35.0,"turns":4.0},{"damage":3.0,"enemies":"3 Shapes","floor":37.0,"turns":4.0},{"damage":70,"enemies":"Giant Head","floor":40,"turns":7}],"seed_played":"-1174492065497661044","potions_obtained":[{"floor":7.0,"key":"FairyPotion"},{"floor":10.0,"key":"GamblersBrew"},{"floor":13.0,"key":"PowerPotion"},{"floor":16.0,"key":"Ancient Potion"},{"floor":31.0,"key":"PowerPotion"},{"floor":35.0,"key":"AttackPotion"}],"is_trial":false,"path_per_floor":["M","$","M","?","?","R","E","M","T","M","E","R","E","M","R","B",null,"M","$","?","M","M","E","R","E","T","?","E","M","?","M","R","B",null,"M","$","M","$","?","E"],"character_chosen":"THE_SILENT","items_purchased":["Caltrops","Lantern","PiercingWail","Panache","Caltrops"],"campfire_rested":3,"item_purchase_floors":[2,19,19,36,36],"current_hp_per_floor":[63,63,63,68,61,61,61,61,61,57,29,29,13,8,30,6,58,49,49,49,36,28,16,31,16,16,16,8,5,5,10,25,3,40,32,32,33,33,33,0],"gold":47,"neow_bonus":"THREE_ENEMY_KILL","is_prod":false,"is_daily":false,"chose_seed":false,"campfire_upgraded":2,"win_rate":0,"timestamp":1563903227,"path_taken":["M","$","M","?","?","R","E","?","T","M","E","R","E","M","R","BOSS","M","$","?","M","M","E","R","E","T","?","E","M","?","M","R","BOSS","M","$","M","$","?","E"],"build_version":"2019-07-17","purchased_purges":1,"victory":false,"max_hp_per_floor":[70,70,70,75,75,75,75,75,75,75,75,75,75,75,75,75,75,75,75,52,52,52,52,52,52,52,52,52,52,52,52,52,52,52,52,52,52,52,52,52],"card_choices":[{"not_picked":["Slice","Riddle With Holes"],"picked":"Deadly Poison","floor":1.0},{"not_picked":["Underhanded Strike","Quick Slash"],"picked":"Bane","floor":3.0},{"not_picked":["Reflex","Accuracy"],"picked":"PiercingWail","floor":7.0},{"not_picked":["PiercingWail","Caltrops"],"picked":"Crippling Poison","floor":8.0},{"not_picked":["Slice","Prepared"],"picked":"Deadly Poison","floor":10.0},{"not_picked":["Quick Slash","Backstab"],"picked":"Deflect","floor":11.0},{"not_picked":["Infinite Blades","Slice","Grand Finale"],"picked":"SKIP","floor":13.0},{"not_picked":["Dagger Throw","Backstab","Slice"],"picked":"SKIP","floor":14.0},{"not_picked":["Burst","Grand Finale"],"picked":"After Image","floor":16.0},{"not_picked":["Slice","Deadly Poison"],"picked":"Crippling Poison","floor":17.0},{"not_picked":["Heel Hook","Poisoned Stab"],"picked":"Catalyst","floor":17.0},{"not_picked":["Accuracy","Deflect"],"picked":"Deadly Poison","floor":17.0},{"not_picked":["Reflex","Slice+1"],"picked":"Adrenaline","floor":18.0},{"not_picked":["Quick Slash","Backflip+1"],"picked":"Flying Knee+1","floor":21.0},{"not_picked":["Quick Slash","Poisoned Stab"],"picked":"Flying Knee","floor":22.0},{"not_picked":["Predator","Prepared"],"picked":"Heel Hook","floor":23.0},{"not_picked":["Tactician","Endless Agony+1"],"picked":"Envenom","floor":25.0},{"not_picked":["Bouncing Flask","Outmaneuver"],"picked":"Concentrate+1","floor":28.0},{"not_picked":["Blade Dance+1","Deadly Poison"],"picked":"Concentrate","floor":29.0},{"not_picked":["Quick Slash","Dagger Spray","Skewer"],"picked":"SKIP","floor":31.0},{"not_picked":["Concentrate","Finisher"],"picked":"Deflect","floor":32.0},{"not_picked":["Grand Finale","Glass Knife"],"picked":"Envenom","floor":33.0},{"not_picked":[],"picked":"Backflip+1","floor":35.0},{"not_picked":["Flechettes"],"picked":"SKIP","floor":37.0}],"player_experience":426433,"relics_obtained":[{"floor":7.0,"key":"Gremlin Horn"},{"floor":9.0,"key":"War Paint"},{"floor":11.0,"key":"Omamori"},{"floor":13.0,"key":"Bottled Tornado"},{"floor":23.0,"key":"Happy Flower"},{"floor":25.0,"key":"Centennial Puzzle"},{"floor":26.0,"key":"MawBank"},{"floor":28.0,"key":"Dream Catcher"}],"event_choices":[{"damage_healed":0.0,"max_hp_gain":5.0,"max_hp_loss":0.0,"gold_gain":0.0,"event_name":"Big Fish","player_choice":"Donut","floor":4.0,"gold_loss":0.0,"damage_taken":0.0},{"cards_removed":["Strike_G"],"damage_healed":0.0,"max_hp_gain":0.0,"max_hp_loss":0.0,"gold_gain":0.0,"event_name":"Golden Wing","player_choice":"Card Removal","floor":5.0,"gold_loss":0.0,"damage_taken":7.0},{"damage_healed":0.0,"max_hp_gain":0.0,"max_hp_loss":23.0,"gold_gain":0.0,"event_name":"Vampires","player_choice":"Became a vampire","floor":20.0,"gold_loss":0.0,"damage_taken":0.0,"cards_obtained":["Bite","Bite","Bite","Bite","Bite"]},{"damage_healed":0.0,"max_hp_gain":0.0,"max_hp_loss":0.0,"gold_gain":0.0,"event_name":"Masked Bandits","player_choice":"Paid Fearfully","floor":27.0,"gold_loss":175.0,"damage_taken":0.0},{"cards_removed":["Envenom"],"damage_healed":0.0,"max_hp_gain":0.0,"max_hp_loss":0.0,"gold_gain":0.0,"event_name":"Purifier","player_choice":"Purged","floor":39.0,"gold_loss":0.0,"damage_taken":0.0}],"is_beta":false,"boss_relics":[{"not_picked":["HoveringKite","Philosopher\u0027s Stone"],"picked":"Orrery"},{"not_picked":["Velvet Choker","Coffee Dripper"],"picked":"Busted Crown"}],"items_purged_floors":[19],"is_endless":false,"potions_floor_spawned":[7,10,13,16,18,22,29,31,35],"killed_by":"Giant Head","ascension_level":10}