{"gold_per_floor":[116,131,141,141,141,176,195,195,220,220,220,253,253,269,269,362,362,385,385,385,405,30,30,30,30,55,79,98,117,117,117],"floor_reached":31,"playtime":2083,"items_purged":["Writhe"],"score":470,"play_id":"084cf06b-a736-4d10-92f7-2cef4a399a98","local_time":"20190820140439","is_ascension_mode":true,"campfire_choices":[{"floor":8,"key":"REST"},{"data":"Deadly Poison","floor":13,"key":"SMITH"},{"data":"Footwork","floor":15,"key":"SMITH"},{"data":"Noxious Fumes","floor":23,"key":"SMITH"}],"neow_cost":"NONE","seed_source_timestamp":157692079580100,"circlet_count":0,"master_deck":["AscendersBane","Strike_G+1","Defend_G","Defend_G+1","Defend_G","Defend_G","Defend_G","Survivor","Neutralize","Poisoned Stab","Footwork+1","All Out Attack","Dodge and Roll","Deadly Poison+1","Blur","Poisoned Stab","A Thousand Cuts","All Out Attack+1","Setup+1","Well Laid Plans+1","Bouncing Flask","Noxious Fumes+1","Quick Slash","Deflect"],"relics":["Lizard Tail","Golden Idol","Whetstone","Centennial Puzzle","Odd Mushroom","Astrolabe","Anchor","TwistedFunnel","Regal Pillow","Nloth\u0027s Gift"],"potions_floor_usage":[7,7,12,14,29,31],"damage_taken":[{"damage":0,"enemies":"2 Louse","floor":1,"turns":4},{"damage":2,"enemies":"Jaw Worm","floor":2,"turns":5},{"damage":0,"enemies":"Small Slimes","floor":3,"turns":5},{"damage":33,"enemies":"3 Sentries","floor":6,"turns":10},{"damage":4,"enemies":"3 Louse","floor":7,"turns":4},{"damage":0,"enemies":"The Mushroom Lair","floor":12,"turns":2},{"damage":5,"enemies":"Exordium Wildlife","floor":14,"turns":4},{"damage":6,"enemies":"The Guardian","floor":16,"turns":11},{"damage":10,"enemies":"Spheric Guardian","floor":18,"turns":6},{"damage":4,"enemies":"Chosen","floor":21,"turns":5},{"damage":18,"enemies":"Shelled Parasite and Fungi","floor":27,"turns":6},{"damage":6,"enemies":"Centurion and Healer","floor":28,"turns":6},{"damage":15,"enemies":"Snake Plant","floor":29,"turns":4},{"damage":32,"enemies":"Snecko","floor":31,"turns":5}],"seed_played":"36774791198538631","potions_obtained":[{"floor":3,"key":"FearPotion"},{"floor":6,"key":"SkillPotion"},{"floor":7,"key":"SteroidPotion"},{"floor":12,"key":"SkillPotion"},{"floor":14,"key":"LiquidBronze"},{"floor":18,"key":"SkillPotion"},{"floor":29,"key":"AttackPotion"}],"is_trial":false,"path_per_floor":["M","M","M","?","?","E","M","R","T","T","?","?","R","M","R","B",null,"M","?","?","M","$","R","?","$","T","M","M","M","?","M"],"character_chosen":"THE_SILENT","items_purchased":["TwistedFunnel","Noxious Fumes"],"campfire_rested":1,"item_purchase_floors":[22,22],"current_hp_per_floor":[59,57,57,57,39,6,2,20,20,20,25,25,25,20,20,14,52,42,42,42,38,38,38,38,38,38,20,14,32,32,0],"gold":117,"neow_bonus":"BOSS_RELIC","is_prod":false,"is_daily":false,"chose_seed":false,"campfire_upgraded":3,"win_rate":0,"timestamp":1566302679,"path_taken":["M","M","M","?","?","E","M","R","T","?","?","?","R","?","R","BOSS","M","?","?","?","$","R","?","?","T","M","M","M","?","M"],"build_version":"2019-07-17","purchased_purges":1,"victory":false,"max_hp_per_floor":[66,66,66,60,60,60,60,60,60,60,65,65,65,65,65,65,65,65,65,65,65,65,65,65,65,65,65,65,65,65,65],"card_choices":[{"not_picked":["Deflect","Caltrops"],"picked":"Poisoned Stab","floor":1},{"not_picked":["Deflect","Outmaneuver"],"picked":"Footwork","floor":2},{"not_picked":["Dagger Throw","Choke"],"picked":"All Out Attack","floor":3},{"not_picked":["Flechettes","Terror"],"picked":"Dodge and Roll","floor":6},{"not_picked":["Dagger Throw","Deflect"],"picked":"Deadly Poison","floor":7},{"not_picked":["Sucker Punch","After Image"],"picked":"Blur","floor":12},{"not_picked":["Outmaneuver","Dagger Throw"],"picked":"Poisoned Stab","floor":14},{"not_picked":["Storm of Steel","Venomology"],"picked":"A Thousand Cuts","floor":16},{"not_picked":["Cloak And Dagger","Dash"],"picked":"Bouncing Flask","floor":18},{"not_picked":["Riddle With Holes","Blade Dance","Underhanded Strike+1"],"picked":"SKIP","floor":21},{"not_picked":["Sucker Punch+1","Slice"],"picked":"Quick Slash","floor":27},{"not_picked":["Bane","Deadly Poison","Skewer"],"picked":"SKIP","floor":28},{"not_picked":["Phantasmal Killer","PiercingWail"],"picked":"Deflect","floor":29}],"player_experience":1547691,"relics_obtained":[{"floor":6,"key":"Whetstone"},{"floor":9,"key":"Centennial Puzzle"},{"floor":10,"key":"Bottled Lightning"},{"floor":12,"key":"Odd Mushroom"},{"floor":26,"key":"Regal Pillow"}],"event_choices":[{"damage_healed":0,"gold_gain":0,"player_choice":"Lose Max HP","damage_taken":0,"relics_obtained":["Golden Idol"],"max_hp_gain":0,"max_hp_loss":6,"event_name":"Golden Idol","floor":4,"gold_loss":0},{"damage_healed":0,"gold_gain":0,"player_choice":"Entered Light","damage_taken":18,"max_hp_gain":0,"max_hp_loss":0,"event_name":"Shining Light","floor":5,"gold_loss":0,"cards_upgraded":["Defend_G","Strike_G"]},{"damage_healed":0,"gold_gain":0,"player_choice":"Donut","damage_taken":0,"max_hp_gain":5,"max_hp_loss":0,"event_name":"Big Fish","floor":11,"gold_loss":0},{"damage_healed":0,"gold_gain":0,"player_choice":"Fought Mushrooms","damage_taken":0,"max_hp_gain":0,"max_hp_loss":0,"event_name":"Mushrooms","floor":12,"gold_loss":0},{"damage_healed":0,"gold_gain":0,"player_choice":"Opened","damage_taken":0,"relics_obtained":["Anchor"],"max_hp_gain":0,"max_hp_loss":0,"event_name":"The Mausoleum","floor":19,"gold_loss":0,"cards_obtained":["Writhe"]},{"damage_healed":0,"gold_gain":0,"player_choice":"Got Potions","damage_taken":0,"max_hp_gain":0,"max_hp_loss":0,"event_name":"Lab","floor":20,"gold_loss":0},{"cards_removed":["Strike_G"],"damage_healed":0,"gold_gain":0,"player_choice":"Purged","damage_taken":0,"max_hp_gain":0,"max_hp_loss":0,"event_name":"Purifier","floor":24,"gold_loss":0},{"damage_healed":0,"gold_gain":0,"player_choice":"Traded Relic","damage_taken":0,"relics_obtained":["Nloth\u0027s Gift"],"max_hp_gain":0,"max_hp_loss":0,"event_name":"N\u0027loth","floor":30,"relics_lost":["Bottled Lightning"],"gold_loss":0}],"is_beta":false,"boss_relics":[{"not_picked":["Black Star","Fusion Hammer"],"picked":"Astrolabe"}],"items_purged_floors":[22],"is_endless":false,"potions_floor_spawned":[3,6,7,12,14,18,29],"killed_by":"Snecko","ascension_level":20}