{"gold_per_floor":[116,133,143,157,350,379,379,414,414,23,40,40,50,65,65,143,143,53,66,66,66,79,79,108,128,179,179,206,216,10,36,36,107,207,223,239,250,270,270,297,316,16,16,45,65,103,117,145,145,223,223,223,212,209,209,207,166,166,170,170,170,166,166,166,158,158,218,218,231,231,221,221,217,217,244,254,342,354,385,403,415,427,454,466,478,523,535,545,568,570,639,651,648,654,685,697,694,687,696,717,730,742,843,855,883,611,620,620,634,634,971,462,487,505,533,563,583,583,583,670,670,652,658,666,691,691,719,644,707,762,784,784,788,808,857,857,935,935,932,948,948,962,962,962,994,994,1017,1017,896,925,930,946,946,997,997,997,634,664,703],"floor_reached":160,"playtime":19757,"items_purged":["Amnesia","Armaments+1","conspire:Purge+1"],"score":7229,"play_id":"27431e07-6119-4732-bac3-b7a48ebb5b1a","local_time":"20190804003109","is_ascension_mode":true,"campfire_choices":[{"floor":7.0,"key":"REST"},{"data":"Armaments","floor":12.0,"key":"SMITH"},{"data":"ReplayTheSpireMod:Strike From Hell","floor":23.0,"key":"SMITH"},{"data":"Armaments","floor":49.0,"key":"SMITH"},{"data":"Body Slam","floor":63.0,"key":"SMITH"},{"data":"True Grit","floor":66.0,"key":"SMITH"},{"data":"Body Slam","floor":74.0,"key":"SMITH"},{"data":"Armaments","floor":78.0,"key":"SMITH"},{"data":"True Grit","floor":85.0,"key":"SMITH"},{"data":"Body Slam","floor":110,"key":"SMITH"},{"data":"infinitespire:NeuralNetwork","floor":119,"key":"SMITH"},{"data":"Body Slam","floor":132,"key":"SMITH"},{"data":"Dark Embrace","floor":136,"key":"SMITH"},{"data":"Barricade","floor":144,"key":"SMITH"},{"data":"Feel No Pain","floor":148,"key":"SMITH"},{"floor":153,"key":"DIG"},{"data":"conspire:Purge","floor":156,"key":"PURGE"}],"neow_cost":"NONE","seed_source_timestamp":0,"circlet_count":0,"master_deck":["AscendersBane","Armaments+1","True Grit+1","Armaments+1","infinitespire:OneForAll","Barricade+1","Havoc","True Grit+1","Entrench","Body Slam+1","Feel No Pain+1","Body Slam+1","infinitespire:NeuralNetwork+1","Dark Embrace+1","infinitespire:Fortify","infinitespire:FutureSight","infinitespire:Fortify","Body Slam+1","Ghostly","Ghostly+1","Havoc","True Grit+1","True Grit+1","Impervious+1","Body Slam","Havoc+1","Recycle+1","Ghostly+1","Ghostly+1","Ghostly+1","Defy Death+1","Shrug It Off+1","Havoc+1","Exhume+1","Body Slam+1","Havoc+1","Disarm+1","Exhume+1","Disarm+1","Body Slam","Panache+1","Dark Embrace+1"],"special_seed":0,"relics":["infinitespire:Lychee Nut","infinitespire:WardingShard","Darkstone Periapt","conspire:TreasureMap","PreservedInsect","Replay:Drink Me","Happy Flower","infinitespire:Satchel","Bag of Preparation","War Paint","Toolbox","Replay:Mystery Machine","Replay:Wanted Poster","ReplayFunnel","conspire:GlowingRock","Replay:Ringing Soul","Ancient Tea Set","Bottled Lightning","Lizard Tail","Bronze Scales","Odd Mushroom","Matryoshka","Golden Idol","Iron Core","Astrolabe","ReplayTheSpireMod:SealedPack","MawBank","Blue Candle","Toxic Egg 2","Paper Frog","Peace Pipe","Replay:PocketPolymizer","Strawberry","conspire:BottledYoYo","Pear","Replay:Bandana","Kintsugi","Oddly Smooth Stone","Old Coin","Membership Card","Dodecahedron","Lantern","infinitespire:Lucky Rock","infinitespire:CheckeredPen","conspire:TopHat","infinitespire:Midas Blood","Philosopher\u0027s Stone","Enchiridion","Orichalcum","Tiny House","Golden Egg","The Courier","ReplayTheSpireMod:TigerMarble","Pandora\u0027s Box","Regal Pillow","Mirror","Pen Nib","Replay:WaspNest","Black Star","ClockworkSouvenir","Snack Pack","Replay:Kaleidoscope","Mummified Hand","Iron Hammer"],"potions_floor_usage":[93],"damage_taken":[{"damage":5.0,"enemies":"infinitespire:Voidling","floor":1.0,"turns":5.0},{"damage":1.0,"enemies":"2 Louse","floor":2.0,"turns":3.0},{"damage":0.0,"enemies":"Cultist","floor":3.0,"turns":3.0},{"damage":21.0,"enemies":"Large Slime","floor":4.0,"turns":6.0},{"damage":25.0,"enemies":"3 Sentries","floor":6.0,"turns":9.0},{"damage":24.0,"enemies":"Gremlin Nob","floor":8.0,"turns":3.0},{"damage":3.0,"enemies":"3 Louse","floor":11.0,"turns":4.0},{"damage":3.0,"enemies":"2 Fungi Beasts","floor":13.0,"turns":4.0},{"damage":1.0,"enemies":"Blue Slaver","floor":14.0,"turns":3.0},{"damage":9.0,"enemies":"Slime Boss","floor":16.0,"turns":7.0},{"damage":12.0,"enemies":"2 Thieves","floor":18.0,"turns":5.0},{"damage":4.0,"enemies":"Shell Parasite","floor":19.0,"turns":6.0},{"damage":6.0,"enemies":"conspire:HollyBat","floor":22.0,"turns":8.0},{"damage":3.0,"enemies":"conspire:Head Lice","floor":24.0,"turns":8.0},{"damage":17.0,"enemies":"Cultist and Chosen","floor":25.0,"turns":6.0},{"damage":13.0,"enemies":"Slavers","floor":28.0,"turns":6.0},{"damage":14.0,"enemies":"Snecko","floor":29.0,"turns":5.0},{"damage":5.0,"enemies":"Nightmare","floor":31.0,"turns":7.0},{"damage":17.0,"enemies":"Automaton","floor":33.0,"turns":12.0},{"damage":23.0,"enemies":"Orb Walker","floor":35.0,"turns":7.0},{"damage":5.0,"enemies":"3 Shapes","floor":36.0,"turns":5.0},{"damage":5.0,"enemies":"Maw","floor":37.0,"turns":12.0},{"damage":38.0,"enemies":"Sphere and 2 Shapes","floor":38.0,"turns":7.0},{"damage":5.0,"enemies":"Reptomancer","floor":40.0,"turns":9.0},{"damage":0.0,"enemies":"3 Darklings","floor":41.0,"turns":5.0},{"damage":5.0,"enemies":"Giant Head","floor":44.0,"turns":8.0},{"damage":14.0,"enemies":"4 Shapes","floor":45.0,"turns":6.0},{"damage":73.0,"enemies":"Sphere and 2 Shapes","floor":46.0,"turns":11.0},{"damage":8.0,"enemies":"Writhing Mass","floor":47.0,"turns":8.0},{"damage":3.0,"enemies":"Nightmare","floor":48.0,"turns":8.0},{"damage":11.0,"enemies":"Replay:Hell Engine","floor":50.0,"turns":13.0},{"damage":8.0,"enemies":"Jaw Worm","floor":52.0,"turns":3.0},{"damage":5.0,"enemies":"Cultist","floor":53.0,"turns":4.0},{"damage":0.0,"enemies":"Small Slimes","floor":54.0,"turns":3.0},{"damage":10.0,"enemies":"Gremlin Gang","floor":55.0,"turns":4.0},{"damage":5.0,"enemies":"Large Slime","floor":56.0,"turns":5.0},{"damage":5.0,"enemies":"Nightmare","floor":57.0,"turns":11.0},{"damage":0.0,"enemies":"3 Louse","floor":58.0,"turns":3.0},{"damage":5.0,"enemies":"The Mushroom Lair","floor":59.0,"turns":4.0},{"damage":0.0,"enemies":"Blue Slaver","floor":62.0,"turns":4.0},{"damage":5.0,"enemies":"Gremlin Gang","floor":65.0,"turns":6.0},{"damage":10.0,"enemies":"The Guardian","floor":67.0,"turns":8.0},{"damage":0.0,"enemies":"Spheric Guardian","floor":69.0,"turns":3.0},{"damage":6.0,"enemies":"3 Byrds","floor":71.0,"turns":4.0},{"damage":0.0,"enemies":"Snake Plant","floor":73.0,"turns":4.0},{"damage":0.0,"enemies":"Book of Stabbing","floor":75.0,"turns":4.0},{"damage":0.0,"enemies":"Sentry and Sphere","floor":76.0,"turns":2.0},{"damage":1.0,"enemies":"conspire:SneckoGhost","floor":79.0,"turns":4.0},{"damage":5.0,"enemies":"Snecko","floor":80.0,"turns":3.0},{"damage":5.0,"enemies":"Slavers","floor":83.0,"turns":5.0},{"damage":5.0,"enemies":"Cultist and Chosen","floor":84.0,"turns":5.0},{"damage":5.0,"enemies":"Champ","floor":86.0,"turns":10.0},{"damage":11.0,"enemies":"3 Darklings","floor":88.0,"turns":6.0},{"damage":5.0,"enemies":"Orb Walker","floor":89.0,"turns":3.0},{"damage":22.0,"enemies":"Spire Growth","floor":90.0,"turns":5.0},{"damage":31.0,"enemies":"infinitespire:Three Voidlings","floor":91.0,"turns":4.0},{"damage":62.0,"enemies":"Nightmare_Alpha","floor":91.0,"turns":9.0},{"damage":5,"enemies":"Nemesis","floor":93,"turns":9},{"damage":29,"enemies":"4 Shapes","floor":94,"turns":5},{"damage":6,"enemies":"R_Hoarder","floor":95,"turns":5},{"damage":2,"enemies":"Maw","floor":97,"turns":6},{"damage":5,"enemies":"Transient","floor":98,"turns":5},{"damage":1,"enemies":"Nemesis","floor":99,"turns":7},{"damage":5,"enemies":"Sphere and 2 Shapes","floor":100,"turns":5},{"damage":5,"enemies":"3 Darklings","floor":101,"turns":5},{"damage":5,"enemies":"infinitespire:MassOfShapes","floor":103,"turns":4},{"damage":5,"enemies":"Jaw Worm","floor":105,"turns":1},{"damage":5,"enemies":"conspire:RoseBush","floor":107,"turns":1},{"damage":5,"enemies":"Cultist","floor":109,"turns":1},{"damage":0,"enemies":"Lagavulin","floor":111,"turns":2},{"damage":2,"enemies":"Gremlin Nob","floor":114,"turns":4},{"damage":0,"enemies":"Blue Slaver","floor":115,"turns":3},{"damage":0,"enemies":"Lagavulin","floor":116,"turns":2},{"damage":0,"enemies":"Exordium Wildlife","floor":117,"turns":1},{"damage":1,"enemies":"Hexaghost","floor":120,"turns":4},{"damage":0,"enemies":"conspire:FuzzyDice","floor":122,"turns":4},{"damage":5,"enemies":"3 Byrds","floor":123,"turns":3},{"damage":6,"enemies":"Nightmare","floor":127,"turns":2},{"damage":0,"enemies":"Centurion and Healer","floor":131,"turns":1},{"damage":0,"enemies":"Snecko","floor":133,"turns":2},{"damage":11,"enemies":"3 Cultists","floor":134,"turns":3},{"damage":5,"enemies":"conspire:MysteriousRune","floor":137,"turns":2},{"damage":0,"enemies":"3 Darklings","floor":139,"turns":2},{"damage":0,"enemies":"Orb Walker","floor":140,"turns":2},{"damage":0,"enemies":"Sphere and 2 Shapes","floor":142,"turns":2},{"damage":5,"enemies":"R_Hoarder","floor":145,"turns":2},{"damage":0,"enemies":"Nemesis","floor":150,"turns":1},{"damage":0,"enemies":"3 Darklings","floor":151,"turns":2},{"damage":5,"enemies":"Writhing Mass","floor":152,"turns":2},{"damage":1,"enemies":"conspire:OrnateMirror","floor":154,"turns":5},{"damage":0,"enemies":"Shield and Spear","floor":158,"turns":2},{"damage":0,"enemies":"infinitespire:LordOfFortification","floor":159,"turns":6}],"seed_played":"2056826954847905929","potions_obtained":[{"floor":2.0,"key":"Block Potion"},{"floor":6.0,"key":"SteroidPotion"},{"floor":8.0,"key":"AttackPotion"},{"floor":14.0,"key":"Dexterity Potion"},{"floor":22.0,"key":"SneckoOil"},{"floor":24.0,"key":"SpeedPotion"},{"floor":31.0,"key":"SteroidPotion"},{"floor":35.0,"key":"Languid Potion"},{"floor":37.0,"key":"PowerPotion"},{"floor":41.0,"key":"Fire Potion"},{"floor":50.0,"key":"Adrenaline Potion"},{"floor":52.0,"key":"Venom Potion"},{"floor":54.0,"key":"Dexterity Potion"},{"floor":56.0,"key":"Regen Potion"},{"floor":97,"key":"Dexterity Potion"},{"floor":101,"key":"Regen Potion"},{"floor":115,"key":"SpeedPotion"},{"floor":131,"key":"Fire Potion"},{"floor":134,"key":"LifebloodPotion"},{"floor":139,"key":"SteroidPotion"},{"floor":145,"key":"Swift Potion"}],"is_trial":false,"path_per_floor":["M","M","M","M","?","E","R","E","T","$","M","R","M","M","R","B",null,"M","M","?","?","M","R","E","M","T","?","E","M","$","NM","R","B",null,"M","M","M","M","?","E","M","$","T","E","M","M","M","NM","R","B",null,"M","M","M","M","M","NM","M","?","T","?","M","R","?","M","R","B",null,"M","AVR","M","?","M","R","E","M","T","R","E","M","PTL","PTL","E","M","R","B",null,"M","M","M","?","?","E","M","E","T","M","M","E","M","M","R","B",null,"M","$","M","?","M","R","E","$","T","E","M","E","M","?","R","B",null,"M","M","?","T","?","NM","?","AVR","T","M","R","M","M","T","R","B",null,"M","M","?","M","?","R","E","?","T","R","$","E","M","M","R","B",null,"R","$","E","B",null],"character_chosen":"IRONCLAD","items_purchased":["conspire:TreasureMap","Shrug It Off+1","PreservedInsect","Toolbox","conspire:GlowingRock","Oddly Smooth Stone","Havoc+1","Membership Card","Dodecahedron","Exhume+1","Lantern","Block Potion","Dexterity Potion","Panache","ClockworkSouvenir","Snack Pack","Replay:Kaleidoscope"],"campfire_rested":1,"item_purchase_floors":[10,10,10,30,42,106,106,112,112,112,112,112,112,149,157,157,157],"current_hp_per_floor":[69,74,75,60,30,11,27,14,14,14,23,23,32,42,42,45,42,37,42,42,48,48,48,48,40,40,46,45,43,43,50,50,48,56,48,59,70,48,48,59,75,75,75,82,83,28,45,57,57,61,99,109,119,127,129,137,144,151,157,157,166,173,173,176,182,182,189,192,195,204,202,106,109,109,115,118,118,118,117,117,117,117,123,129,129,134,134,129,132,120,42,66,91,68,71,81,88,89,97,98,99,102,106,131,129,132,127,127,122,122,125,128,128,135,143,149,149,149,149,156,156,156,153,132,132,135,132,132,137,137,140,140,143,137,137,137,138,162,168,174,174,176,176,176,174,174,174,174,177,177,179,174,174,182,182,182,182,182,182],"gold":703,"neow_bonus":"ONE_RANDOM_RARE_CARD","is_prod":false,"is_daily":false,"chose_seed":false,"campfire_upgraded":14,"win_rate":0,"timestamp":1564871469,"path_taken":["M","M","M","?","?","E","R","E","T","$","M","R","M","M","R","BOSS","M","?","?","?","M","R","E","M","T","?","E","M","$","NM","R","BOSS","M","M","?","M","?","E","M","?","T","E","M","M","M","NM","R","BOSS","M","M","M","M","?","NM","M","?","T","?","M","R","?","M","R","BOSS","M","AVR","M","?","M","R","E","M","T","R","E","M","PTL","PTL","E","M","R","BOSS","M","M","M","?","?","E","M","E","T","M","M","E","?","M","R","BOSS","M","$","M","?","M","R","E","?","T","E","M","E","M","?","R","BOSS","M","M","?","?","?","NM","?","AVR","T","M","R","M","M","?","R","BOSS","M","M","?","M","?","R","E","?","T","R","$","E","M","M","R","BOSS","R","$","E","BOSS"],"build_version":"2019-07-17","purchased_purges":3,"victory":true,"max_hp_per_floor":[75,75,75,75,75,56,56,56,56,56,56,56,56,56,56,56,42,42,42,42,48,48,48,48,48,48,54,54,54,54,54,54,58,58,62,66,70,74,74,78,82,82,82,82,88,95,108,111,111,111,111,118,121,127,133,137,144,151,157,157,166,173,173,176,182,182,189,192,195,204,207,106,109,109,115,118,118,118,118,118,118,118,125,131,131,134,134,137,140,144,75,84,91,94,97,107,110,110,113,113,113,116,119,134,137,140,140,140,140,140,140,143,143,146,149,152,152,152,152,156,156,156,156,156,156,159,159,159,164,164,167,167,167,167,167,167,170,170,173,176,176,176,176,176,176,176,176,176,179,179,179,179,179,182,182,182,182,182,182],"card_choices":[{"not_picked":["Armaments","Anger"],"picked":"Perfected Strike","floor":1.0},{"not_picked":["Burning Pact","Flex"],"picked":"Armaments","floor":2.0},{"not_picked":["Flex","Havoc"],"picked":"Run Through","floor":3.0},{"not_picked":["Iron Wave","Sword Boomerang"],"picked":"ReplayTheSpireMod:Stacked","floor":4.0},{"not_picked":["Defy Death","conspire:HitWhereItHurts"],"picked":"ReplayTheSpireMod:Strike From Hell","floor":5.0},{"not_picked":["Clash","Thunderclap"],"picked":"Anger","floor":6.0},{"not_picked":["Shockwave","Perfected Strike"],"picked":"True Grit","floor":8.0},{"not_picked":["Clothesline","Twin Strike"],"picked":"Hemokinesis","floor":11.0},{"not_picked":["Heavy Blade","Fiend Fire"],"picked":"Havoc","floor":13.0},{"not_picked":["Run Through","Replay:Undeath\u0027s Touch","Armaments"],"picked":"SKIP","floor":14.0},{"not_picked":["Berserk","conspire:HitWhereItHurts"],"picked":"Bludgeon","floor":16.0},{"not_picked":["Heavy Blade","Twin Strike"],"picked":"Headbutt","floor":18.0},{"not_picked":["Inflame","Pummel"],"picked":"Armaments","floor":19.0},{"not_picked":["Shrug It Off","ReplayTheSpireMod:Limb From Limb"],"picked":"Iron Wave","floor":22.0},{"not_picked":["Wild Strike","Hemokinesis"],"picked":"conspire:Charge","floor":24.0},{"not_picked":["Blood for Blood","Uppercut"],"picked":"infinitespire:OneForAll","floor":25.0},{"not_picked":["Cleave","Metallicize"],"picked":"Havoc","floor":28.0},{"not_picked":["Twin Strike","Warcry"],"picked":"conspire:Purge","floor":29.0},{"not_picked":["Clash+1","Whirlwind"],"picked":"Feed","floor":31.0},{"not_picked":["Berserk","Fiend Fire"],"picked":"Barricade","floor":33.0},{"not_picked":["Flex","Run Through+1"],"picked":"Havoc","floor":35.0},{"not_picked":["Thunderclap+1","Run Through","Wild Strike+1"],"picked":"SKIP","floor":36.0},{"not_picked":["Heavy Blade","Dropkick+1"],"picked":"Headbutt","floor":37.0},{"not_picked":["ReplayTheSpireMod:LeadingStrike","Massacre+1","Armaments"],"picked":"SKIP","floor":38.0},{"not_picked":["Clothesline","Massacre","Run Through"],"picked":"SKIP","floor":40.0},{"not_picked":["Sentinel","infinitespire:OneForAll"],"picked":"Fire Breathing","floor":41.0},{"not_picked":["Pummel+1","Combust","Sword Boomerang"],"picked":"SKIP","floor":44.0},{"not_picked":["Blood for Blood","Bloodletting"],"picked":"True Grit","floor":45.0},{"not_picked":["Corruption","Clash"],"picked":"True Grit","floor":46.0},{"not_picked":["Clothesline","Havoc"],"picked":"Shockwave","floor":47.0},{"not_picked":["Twin Strike+1","Impervious"],"picked":"Blood for Blood+1","floor":48.0},{"not_picked":["Brutality","conspire:HitWhereItHurts"],"picked":"Impervious","floor":50.0},{"not_picked":["Seeing Red","Sentinel"],"picked":"Entrench","floor":52.0},{"not_picked":["Shockwave","Heavy Blade"],"picked":"ReplayTheSpireMod:Strike From Hell","floor":53.0},{"not_picked":["Power Through","Shrug It Off"],"picked":"Body Slam","floor":54.0},{"not_picked":["Anger","Eclipse"],"picked":"Power Through","floor":55.0},{"not_picked":["Combust","Iron Wave","Cleave"],"picked":"SKIP","floor":56.0},{"not_picked":["ReplayTheSpireMod:Limb From Limb","ReplayTheSpireMod:Corrosion Curse"],"picked":"Feel No Pain","floor":57.0},{"not_picked":["infinitespire:Punishment","ReplayTheSpireMod:??????????????????????"],"picked":"infinitespire:Menacing","floor":57.0},{"not_picked":["ReplayTheSpireMod:Strike From Hell","Infernal Blade"],"picked":"Body Slam","floor":58.0},{"not_picked":["Shockwave","Thunderclap"],"picked":"Power Through","floor":59.0},{"not_picked":["Combust","Replay:Undeath\u0027s Touch"],"picked":"True Grit","floor":62.0},{"not_picked":["Force Field","Dual Wield"],"picked":"Headbutt","floor":65.0},{"not_picked":["ReplayTheSpireMod:Echoes of Time","infinitespire:Oblivion"],"picked":"infinitespire:NeuralNetwork","floor":67.0},{"not_picked":["Perfected Strike","Rage+1","Heavy Blade"],"picked":"SKIP","floor":69.0},{"not_picked":["Limit Break","conspire:HitWhereItHurts"],"picked":"Dark Embrace","floor":70.0},{"not_picked":["infinitespire:Execution","infinitespire:TheBestDefense"],"picked":"infinitespire:Fortify","floor":70.0},{"not_picked":["Bloodletting","Perfected Strike"],"picked":"Body Slam","floor":71.0},{"not_picked":["Perfected Strike+1","Rupture"],"picked":"Havoc","floor":73.0},{"not_picked":["Heavy Blade","Dropkick+1"],"picked":"Armaments","floor":75.0},{"not_picked":["Wild Strike","Infernal Blade+1"],"picked":"Blood for Blood","floor":76.0},{"not_picked":["Infernal Blade+1","Offering+1","Headbutt"],"picked":"SKIP","floor":79.0},{"not_picked":["Clothesline+1","Life Link","ReplayTheSpireMod:Limb From Limb"],"picked":"SKIP","floor":80.0},{"not_picked":["Seeing Red+1","Battle Trance+1"],"picked":"True Grit+1","floor":83.0},{"not_picked":["Rampage","Iron Wave+1"],"picked":"True Grit+1","floor":84.0},{"not_picked":["Feed","conspire:HitWhereItHurts"],"picked":"Impervious+1","floor":86.0},{"not_picked":["Clash","Flex+1"],"picked":"Body Slam","floor":88.0},{"not_picked":["Rampage+1","Wild Strike+1"],"picked":"Havoc+1","floor":89.0},{"not_picked":["conspire:Charge","Thunderclap","Sword Boomerang"],"picked":"SKIP","floor":90.0},{"not_picked":["ReplayTheSpireMod:Strike From Hell","Clothesline+1"],"picked":"Recycle+1","floor":91.0},{"not_picked":["Run Through","Demonic Infusion+1","Beam Cell"],"picked":"SKIP","floor":93},{"not_picked":["Carnage","Abandon+1","Gash"],"picked":"SKIP","floor":94},{"not_picked":["Rebound","WeaponsOverheat+1"],"picked":"Fiend Fire","floor":95},{"not_picked":["Sentinel+1","Turbo+1"],"picked":"Defy Death+1","floor":97},{"not_picked":["Wild Strike","Clothesline+1","Turbo+1"],"picked":"SKIP","floor":98},{"not_picked":["Armaments+1","Bloodletting+1","Sever Soul"],"picked":"SKIP","floor":99},{"not_picked":["Dual Wield+1","Twin Strike","Turbo+1"],"picked":"SKIP","floor":100},{"not_picked":["ReplayTheSpireMod:Strike From Hell","Wild Strike","Rupture+1"],"picked":"SKIP","floor":101},{"not_picked":["Demon Form","Hemogenesis"],"picked":"conspire:Purge+1","floor":103},{"not_picked":["Iron Wave","Twin Strike"],"picked":"Shrug It Off+1","floor":105},{"not_picked":["Replay:Undeath\u0027s Touch","Sword Boomerang","Bludgeon"],"picked":"SKIP","floor":107},{"not_picked":["Flex+1","Replay:Undeath\u0027s Touch","Anger"],"picked":"SKIP","floor":109},{"not_picked":["Flex+1","Replay:Undeath\u0027s Touch","Anger"],"picked":"SKIP","floor":109},{"not_picked":["Clash","Evolve","Rampage"],"picked":"SKIP","floor":111},{"not_picked":["ReplayReversal+1","Clash"],"picked":"Body Slam","floor":114},{"not_picked":["Replay:Undeath\u0027s Touch","Shrug It Off+1"],"picked":"Havoc+1","floor":115},{"not_picked":["Clothesline","Inflame"],"picked":"Impervious+1","floor":116},{"not_picked":["Armaments+1","Clash","Infernal Blade+1"],"picked":"SKIP","floor":117},{"not_picked":["Searing Blow","Sword Boomerang","ReplayTheSpireMod:Strike From Hell"],"picked":"SKIP","floor":122},{"not_picked":["Flex+1","Pommel Strike","Run Through+1"],"picked":"SKIP","floor":123},{"not_picked":["ReplayTheSpireMod:Corrosion Curse+1","Dual Wield+1","Iron Wave"],"picked":"SKIP","floor":127},{"not_picked":["Hemokinesis+1","Heavy Blade"],"picked":"Disarm+1","floor":131},{"not_picked":["Iron Wave","Sword Boomerang","Replay:Undeath\u0027s Touch"],"picked":"SKIP","floor":133},{"not_picked":["Wild Strike","Sentinel+1","Infernal Blade+1"],"picked":"SKIP","floor":134},{"not_picked":["Limit Break+1","Replay:Many Hands+1"],"picked":"Exhume+1","floor":137},{"not_picked":["Pummel","Headbutt"],"picked":"Disarm+1","floor":139},{"not_picked":["ReplayTheSpireMod:Corrosion Curse+1","Second Wind+1"],"picked":"Body Slam","floor":140},{"not_picked":["Run Through","Warcry+1","Rage+1"],"picked":"SKIP","floor":142},{"not_picked":["Run Through+1","Heavy Blade","Blood for Blood"],"picked":"SKIP","floor":145},{"not_picked":["Fire Breathing","Cleave","Flame Barrier+1"],"picked":"SKIP","floor":150},{"not_picked":["Shrug It Off+1","Clash","Pummel"],"picked":"SKIP","floor":151},{"not_picked":["Uppercut","Replay:Undeath\u0027s Touch","ReplayReversal+1"],"picked":"SKIP","floor":152},{"not_picked":["Berserk","Exhume+1"],"picked":"Dark Embrace","floor":154},{"not_picked":["Thunderclap","Headbutt+1","Pummel"],"picked":"SKIP","floor":158}],"player_experience":1450516,"relics_obtained":[{"floor":6.0,"key":"infinitespire:Lychee Nut"},{"floor":8.0,"key":"infinitespire:WardingShard"},{"floor":9.0,"key":"Darkstone Periapt"},{"floor":24.0,"key":"infinitespire:Satchel"},{"floor":26.0,"key":"Bag of Preparation"},{"floor":28.0,"key":"War Paint"},{"floor":31.0,"key":"Replay:Mystery Machine"},{"floor":40.0,"key":"ReplayFunnel"},{"floor":43.0,"key":"Replay:Ringing Soul"},{"floor":44.0,"key":"Ancient Tea Set"},{"floor":48.0,"key":"Bottled Lightning"},{"floor":57.0,"key":"Bronze Scales"},{"floor":59.0,"key":"Odd Mushroom"},{"floor":60.0,"key":"Matryoshka"},{"floor":75.0,"key":"MawBank"},{"floor":77.0,"key":"Blue Candle"},{"floor":77.0,"key":"Toxic Egg 2"},{"floor":79.0,"key":"Paper Frog"},{"floor":83.0,"key":"Peace Pipe"},{"floor":91.0,"key":"Replay:PocketPolymizer"},{"floor":93,"key":"Strawberry"},{"floor":95,"key":"conspire:BottledYoYo"},{"floor":96,"key":"Pear"},{"floor":99,"key":"Replay:Bandana"},{"floor":111,"key":"Old Coin"},{"floor":113,"key":"infinitespire:Lucky Rock"},{"floor":114,"key":"infinitespire:CheckeredPen"},{"floor":116,"key":"conspire:TopHat"},{"floor":118,"key":"infinitespire:Midas Blood"},{"floor":124,"key":"Enchiridion"},{"floor":125,"key":"Orichalcum"},{"floor":130,"key":"The Courier"},{"floor":135,"key":"ReplayTheSpireMod:TigerMarble"},{"floor":145,"key":"Regal Pillow"},{"floor":147,"key":"Mirror"},{"floor":150,"key":"Pen Nib"},{"floor":153,"key":"Replay:WaspNest"},{"floor":158,"key":"Mummified Hand"},{"floor":158,"key":"Iron Hammer"}],"event_choices":[{"damage_healed":0.0,"max_hp_gain":0.0,"max_hp_loss":0.0,"gold_gain":0.0,"event_name":"The Library","player_choice":"Read","floor":20.0,"gold_loss":0.0,"damage_taken":0.0,"cards_obtained":["True Grit"]},{"damage_healed":0.0,"max_hp_gain":0.0,"max_hp_loss":0.0,"gold_gain":0.0,"event_name":"Addict","player_choice":"Stole Relic","floor":21.0,"gold_loss":0.0,"damage_taken":0.0,"relics_obtained":["Happy Flower"],"cards_obtained":["Shame"]},{"damage_healed":0.0,"max_hp_gain":0.0,"max_hp_loss":0.0,"gold_gain":0.0,"event_name":"Forgotten Altar","player_choice":"Smashed Altar","floor":27.0,"gold_loss":0.0,"damage_taken":0.0,"cards_obtained":["Decay"]},{"damage_healed":0.0,"max_hp_gain":0.0,"max_hp_loss":0.0,"gold_gain":0.0,"event_name":"Ghosts","player_choice":"Ignored","floor":32.0,"gold_loss":0.0,"damage_taken":0.0},{"damage_healed":0.0,"max_hp_gain":0.0,"max_hp_loss":0.0,"gold_gain":0.0,"event_name":"SecretPortal","player_choice":"Ignored","floor":39.0,"gold_loss":0.0,"damage_taken":0.0},{"damage_healed":0.0,"max_hp_gain":0.0,"max_hp_loss":0.0,"gold_gain":0.0,"event_name":"Mushrooms","player_choice":"Fought Mushrooms","floor":59.0,"gold_loss":0.0,"damage_taken":0.0},{"damage_healed":0.0,"max_hp_gain":0.0,"max_hp_loss":0.0,"gold_gain":0.0,"event_name":"Golden Idol","player_choice":"Take Wound","floor":61.0,"gold_loss":0.0,"damage_taken":0.0,"relics_obtained":["Golden Idol"],"cards_obtained":["Injury"]},{"damage_healed":0.0,"max_hp_gain":0.0,"max_hp_loss":104.0,"gold_gain":0.0,"event_name":"Ghosts","player_choice":"Became a Ghost","floor":72.0,"gold_loss":0.0,"damage_taken":0.0,"cards_obtained":["Ghostly","Ghostly","Ghostly"]},{"damage_healed":0.0,"max_hp_gain":0.0,"max_hp_loss":72.0,"gold_gain":0.0,"event_name":"Ghosts","player_choice":"Became a Ghost","floor":91.0,"gold_loss":0.0,"damage_taken":0.0,"cards_obtained":["Ghostly","Ghostly","Ghostly"]},{"damage_healed":15.0,"max_hp_gain":0.0,"max_hp_loss":0.0,"gold_gain":0.0,"event_name":"Winding Halls","player_choice":"Writhe","floor":92.0,"gold_loss":0.0,"damage_taken":0.0,"cards_obtained":["Writhe"]},{"damage_healed":0,"gold_gain":0,"cards_transformed":["Power Through"],"player_choice":"Transformed","damage_taken":0,"max_hp_gain":0,"max_hp_loss":0,"event_name":"Transmorgrifier","floor":102,"gold_loss":0,"cards_obtained":["Anger"]},{"damage_healed":0,"gold_gain":0,"player_choice":"Obtained Book","damage_taken":21,"max_hp_gain":0,"max_hp_loss":0,"event_name":"Cursed Tome","floor":124,"gold_loss":0},{"damage_healed":0,"gold_gain":0,"cards_transformed":["Havoc","Shockwave"],"player_choice":"Became Test Subject","damage_taken":0,"max_hp_gain":0,"max_hp_loss":0,"event_name":"Drug Dealer","floor":126,"gold_loss":0,"cards_obtained":["Thunderclap","Limit Break"]},{"cards_removed":["Thunderclap"],"damage_healed":0,"gold_gain":0,"player_choice":"Gave Gold","damage_taken":0,"max_hp_gain":0,"max_hp_loss":0,"event_name":"Beggar","floor":128,"gold_loss":75},{"damage_healed":0,"gold_gain":0,"player_choice":"Memory 1","damage_taken":0,"max_hp_gain":0,"max_hp_loss":0,"event_name":"SensoryStone","floor":141,"gold_loss":0},{"damage_healed":0,"gold_gain":0,"player_choice":"Ignored","damage_taken":0,"max_hp_gain":0,"max_hp_loss":0,"event_name":"Tomb of Lord Red Mask","floor":143,"gold_loss":0},{"cards_removed":["Ghostly"],"damage_healed":0,"gold_gain":0,"player_choice":"Removed Skill","damage_taken":0,"max_hp_gain":0,"max_hp_loss":0,"event_name":"Falling","floor":146,"gold_loss":0}],"is_beta":false,"boss_relics":[{"not_picked":["Ooze Armor","Philosopher\u0027s Stone"],"picked":"Replay:Drink Me"},{"not_picked":["Busted Crown","ReplayTheSpireMod:DimensionalGlitch"],"picked":"Replay:Wanted Poster"},{"not_picked":["Empty Cage","Pandora\u0027s Box"],"picked":"Lizard Tail"},{"not_picked":["Ring of Chaos","conspire:SpecialSausage"],"picked":"Astrolabe"},{"not_picked":["Runic Cube","ReplayTheSpireMod:DimensionalGlitch","Runic Dome"]},{"not_picked":["Coffee Dripper","Sozu"],"picked":"Kintsugi"},{"not_picked":["ReplayTheSpireMod:DimensionalGlitch","conspire:RoyalGoblet"],"picked":"Philosopher\u0027s Stone"},{"not_picked":["Runic Dome","Fusion Hammer"],"picked":"Pandora\u0027s Box"},{"not_picked":["Honey Jar","conspire:SlowCooker"],"picked":"Black Star"}],"items_purged_floors":[106,149,157],"is_endless":true,"potions_floor_spawned":[2,6,8,14,22,24,31,35,37,41,44,45,50,52,54,56,58,75,79,80,83,84,88,90,91,91,97,101,109,111,115,122,131,134,139,145,150,151,152],"ascension_level":15}