{"gold_per_floor":[111,18,31,51,51,51,81,108,134,134,145,145,157,183,183,287,287,298,309,34,50,50],"floor_reached":22,"playtime":1919,"items_purged":["Strike_G"],"score":245,"play_id":"d08d45bf-90be-4066-8082-d1ade7b0fc11","local_time":"20190712144826","is_ascension_mode":true,"campfire_choices":[{"data":"Infinite Blades","floor":6,"key":"SMITH"},{"floor":10,"key":"REST"},{"floor":15,"key":"RECALL"}],"neow_cost":"PERCENT_DAMAGE","seed_source_timestamp":2327613092398,"circlet_count":0,"master_deck":["Strike_G","Strike_G","Strike_G","Defend_G","Defend_G","Defend_G","Defend_G","Defend_G","Survivor","Neutralize","Secret Weapon","Finesse","Tactician+1","Backflip","Infinite Blades+1","Sucker Punch","Choke","Prepared","Masterful Stab","Predator","Leg Sweep","Adrenaline","PiercingWail+1","Flying Knee","Calculated Gamble","Noxious Fumes","Enlightenment","Flechettes+1"],"relics":["Ring of the Snake","Ancient Tea Set","Regal Pillow","Bag of Marbles","Vajra","Eternal Feather"],"potions_floor_usage":[16,16],"damage_taken":[{"damage":0,"enemies":"Cultist","floor":1,"turns":4},{"damage":1,"enemies":"2 Louse","floor":3,"turns":4},{"damage":1,"enemies":"Jaw Worm","floor":4,"turns":5},{"damage":29,"enemies":"Gremlin Nob","floor":7,"turns":5},{"damage":1,"enemies":"Looter","floor":11,"turns":2},{"damage":5,"enemies":"Lots of Slimes","floor":13,"turns":4},{"damage":19,"enemies":"3 Sentries","floor":14,"turns":9},{"damage":24,"enemies":"The Guardian","floor":16,"turns":18},{"damage":26,"enemies":"3 Byrds","floor":18,"turns":9},{"damage":3,"enemies":"Chosen","floor":19,"turns":4},{"damage":20,"enemies":"Snecko","floor":21,"turns":6},{"damage":9,"enemies":"Snake Plant","floor":22,"turns":3}],"seed_played":"4330982255424044852","potions_obtained":[{"floor":7,"key":"PowerPotion"},{"floor":11,"key":"Dexterity Potion"},{"floor":16,"key":"EssenceOfSteel"}],"is_trial":false,"path_per_floor":["M","$","M","M","?","R","E","T","T","R","M","?","M","E","R","B",null,"M","M","$","M","M"],"character_chosen":"THE_SILENT","items_purchased":["Backflip","Infinite Blades","Calculated Gamble","Noxious Fumes","Enlightenment"],"campfire_rested":1,"item_purchase_floors":[2,2,20,20,20],"current_hp_per_floor":[49,49,48,47,47,47,18,18,18,54,53,53,48,29,29,5,54,28,25,25,5,0],"gold":50,"neow_bonus":"RANDOM_COLORLESS_2","is_prod":false,"is_daily":false,"chose_seed":false,"campfire_upgraded":1,"win_rate":0,"timestamp":1562968106,"path_taken":["M","$","?","M","?","R","E","?","T","R","M","?","M","E","R","BOSS","M","?","$","M","M"],"build_version":"2019-07-05","purchased_purges":1,"victory":false,"max_hp_per_floor":[70,70,70,70,70,70,70,70,70,70,70,70,70,70,70,70,70,70,70,70,70,70],"card_choices":[{"not_picked":["Expertise","Leg Sweep"],"picked":"Tactician","floor":1},{"not_picked":["Flying Knee","Dodge and Roll"],"picked":"Sucker Punch","floor":3},{"not_picked":["Setup","Slice"],"picked":"Choke","floor":4},{"not_picked":["Blade Dance","Flechettes"],"picked":"Prepared","floor":7},{"not_picked":["Outmaneuver","PiercingWail"],"picked":"Masterful Stab","floor":11},{"not_picked":["Backflip","Sucker Punch"],"picked":"Predator","floor":13},{"not_picked":["Skewer","Prepared"],"picked":"Leg Sweep","floor":14},{"not_picked":["Malaise","Storm of Steel"],"picked":"Adrenaline","floor":16},{"not_picked":["Backflip","Slice+1"],"picked":"PiercingWail+1","floor":18},{"not_picked":["Crippling Poison","Quick Slash"],"picked":"Flying Knee","floor":19},{"not_picked":["Blade Dance","Expertise"],"picked":"Flechettes+1","floor":21}],"player_experience":241120,"relics_obtained":[{"floor":7,"key":"Ancient Tea Set"},{"floor":8,"key":"Regal Pillow"},{"floor":9,"key":"Bag of Marbles"},{"floor":14,"key":"Vajra"}],"event_choices":[{"damage_healed":0,"gold_gain":0,"player_choice":"Grow","damage_taken":0,"max_hp_gain":0,"max_hp_loss":0,"event_name":"Living Wall","floor":5,"gold_loss":0,"cards_upgraded":["Tactician"]},{"cards_removed":["Strike_G"],"damage_healed":0,"gold_gain":0,"player_choice":"Purged","damage_taken":0,"max_hp_gain":0,"max_hp_loss":0,"event_name":"Purifier","floor":12,"gold_loss":0}],"is_beta":false,"boss_relics":[{"not_picked":["Runic Dome","Busted Crown"],"picked":"Eternal Feather"}],"items_purged_floors":[20],"is_endless":false,"potions_floor_spawned":[7,11,16],"killed_by":"Snake Plant","ascension_level":5}