{"gold_per_floor":[115,125,144,156,156,156,169,169,169,182,211,211,211],"floor_reached":13,"playtime":759,"items_purged":[],"score":131,"play_id":"ba0dc979-50e7-480c-bb5b-ca2fab22f88e","local_time":"20190719150121","is_ascension_mode":true,"campfire_choices":[{"data":"Bouncing Flask","floor":6,"key":"SMITH"},{"data":"Deadly Poison","floor":8,"key":"SMITH"},{"floor":12,"key":"REST"}],"neow_cost":"NONE","seed_source_timestamp":609058786452764,"circlet_count":0,"master_deck":["AscendersBane","Strike_G","Strike_G","Strike_G","Strike_G","Strike_G","Defend_G","Defend_G","Defend_G","Defend_G","Defend_G","Survivor","Neutralize","Bouncing Flask+1","Acrobatics+1","Deadly Poison+1","Backstab","PiercingWail","Outmaneuver","Deadly Poison"],"relics":["Ring of the Snake","Sundial","Meat on the Bone"],"potions_floor_usage":[4,13],"damage_taken":[{"damage":2,"enemies":"Cultist","floor":1,"turns":5},{"damage":1,"enemies":"Jaw Worm","floor":2,"turns":3},{"damage":8,"enemies":"Small Slimes","floor":3,"turns":4},{"damage":5,"enemies":"Red Slaver","floor":4,"turns":4},{"damage":13,"enemies":"Lots of Slimes","floor":7,"turns":4},{"damage":12,"enemies":"Gremlin Gang","floor":10,"turns":6},{"damage":19,"enemies":"Gremlin Nob","floor":11,"turns":4},{"damage":34,"enemies":"3 Sentries","floor":13,"turns":8}],"seed_played":"-8473824258858550880","potions_obtained":[{"floor":2,"key":"Weak Potion"},{"floor":10,"key":"FearPotion"},{"floor":11,"key":"Swift Potion"}],"is_trial":false,"path_per_floor":["M","M","M","M","?","R","M","R","T","M","E","R","E"],"character_chosen":"THE_SILENT","items_purchased":[],"campfire_rested":1,"item_purchase_floors":[],"current_hp_per_floor":[68,67,59,54,54,54,41,41,41,29,10,33,0],"gold":211,"neow_bonus":"TEN_PERCENT_HP_BONUS","is_prod":false,"is_daily":false,"chose_seed":false,"campfire_upgraded":2,"win_rate":0,"timestamp":1563573681,"path_taken":["M","M","M","?","?","R","M","R","T","M","E","R","E"],"build_version":"2019-07-17","purchased_purges":0,"victory":false,"max_hp_per_floor":[77,77,77,77,77,77,77,77,77,77,77,77,77],"card_choices":[{"not_picked":["Cloak And Dagger","Backstab"],"picked":"Bouncing Flask","floor":1},{"not_picked":["Slice","Dodge and Roll"],"picked":"Acrobatics","floor":2},{"not_picked":["Bane","Setup"],"picked":"Deadly Poison","floor":3},{"not_picked":["Blade Dance","Riddle With Holes"],"picked":"Backstab","floor":4},{"not_picked":["Predator","Dagger Throw"],"picked":"PiercingWail","floor":7},{"not_picked":["Cloak And Dagger","Bane"],"picked":"Outmaneuver","floor":10},{"not_picked":["Finisher","Eviscerate"],"picked":"Deadly Poison","floor":11}],"player_experience":385909,"relics_obtained":[{"floor":9,"key":"Sundial"},{"floor":11,"key":"Meat on the Bone"}],"event_choices":[{"damage_healed":0,"gold_gain":0,"player_choice":"Forge","damage_taken":0,"max_hp_gain":0,"max_hp_loss":0,"event_name":"Accursed Blacksmith","floor":5,"gold_loss":0,"cards_upgraded":["Acrobatics"]}],"is_beta":false,"boss_relics":[],"items_purged_floors":[],"is_endless":false,"potions_floor_spawned":[2,10,11],"killed_by":"3 Sentries","ascension_level":10}