{"gold_per_floor":[117,132,132,149,169,200,200,275,275,310,310,321,341,399,399,399],"floor_reached":16,"playtime":1468,"items_purged":[],"score":177,"play_id":"9c5b647f-8f7c-4df3-8ba6-3091501d5d5e","local_time":"20190718153132","is_ascension_mode":true,"campfire_choices":[{"floor":7,"key":"REST"},{"data":"Bullet Time","floor":11,"key":"SMITH"},{"data":"Tools of the Trade","floor":15,"key":"SMITH"}],"neow_cost":"NONE","seed_source_timestamp":523760109745377,"circlet_count":0,"master_deck":["Strike_G","Strike_G","Strike_G","Strike_G","Defend_G","Defend_G","Defend_G","Defend_G","Defend_G","Survivor","Neutralize","Tools of the Trade+1","Masterful Stab","Prepared","Footwork","PiercingWail","Underhanded Strike","Bullet Time+1","Flying Knee","Finisher","Sucker Punch"],"relics":["Ring of the Snake","Pantograph","Letter Opener","Meat on the Bone","Tiny Chest"],"potions_floor_usage":[13,14,14,16],"damage_taken":[{"damage":0,"enemies":"2 Louse","floor":1,"turns":3},{"damage":0,"enemies":"Jaw Worm","floor":2,"turns":4},{"damage":1,"enemies":"Small Slimes","floor":4,"turns":3},{"damage":17,"enemies":"Exordium Thugs","floor":5,"turns":10},{"damage":32,"enemies":"3 Sentries","floor":6,"turns":20},{"damage":2,"enemies":"Lagavulin","floor":10,"turns":10},{"damage":0,"enemies":"Large Slime","floor":12,"turns":7},{"damage":7,"enemies":"3 Louse","floor":13,"turns":3},{"damage":16,"enemies":"Gremlin Nob","floor":14,"turns":4},{"damage":59,"enemies":"Hexaghost","floor":16,"turns":16}],"seed_played":"-6922159459553948187","potions_obtained":[{"floor":1,"key":"SpeedPotion"},{"floor":4,"key":"Swift Potion"},{"floor":5,"key":"FearPotion"},{"floor":14,"key":"EssenceOfSteel"}],"is_trial":false,"path_per_floor":["M","M","?","M","M","E","R","?","T","E","R","M","M","E","R","B"],"character_chosen":"THE_SILENT","items_purchased":[],"campfire_rested":1,"item_purchase_floors":[],"current_hp_per_floor":[63,63,63,62,45,13,34,23,23,21,21,33,38,34,34,0],"gold":399,"neow_bonus":"TRANSFORM_CARD","is_prod":false,"is_daily":false,"chose_seed":false,"campfire_upgraded":2,"win_rate":0,"timestamp":1563489092,"path_taken":["M","M","?","M","M","E","R","?","T","E","R","M","M","E","R","BOSS"],"build_version":"2019-07-17","purchased_purges":0,"victory":false,"max_hp_per_floor":[70,70,70,70,70,70,70,70,70,70,70,70,70,70,70,70],"card_choices":[{"not_picked":["Terror","Eviscerate"],"picked":"Masterful Stab","floor":1},{"not_picked":["Catalyst","Setup"],"picked":"Prepared","floor":2},{"not_picked":["Concentrate","Flying Knee"],"picked":"Footwork","floor":4},{"not_picked":["Distraction","Bane"],"picked":"PiercingWail","floor":5},{"not_picked":["Deflect","Acrobatics"],"picked":"Underhanded Strike","floor":6},{"not_picked":["Dodge and Roll","Deflect"],"picked":"Bullet Time","floor":10},{"not_picked":["Sucker Punch","Slice"],"picked":"Flying Knee","floor":12},{"not_picked":["Slice","Deadly Poison"],"picked":"Finisher","floor":13},{"not_picked":["Setup","Slice"],"picked":"Sucker Punch","floor":14}],"player_experience":366591,"relics_obtained":[{"floor":6,"key":"Pantograph"},{"floor":9,"key":"Letter Opener"},{"floor":10,"key":"Meat on the Bone"},{"floor":14,"key":"Tiny Chest"}],"event_choices":[{"damage_healed":0,"gold_gain":0,"player_choice":"Ignored","damage_taken":0,"max_hp_gain":0,"max_hp_loss":0,"event_name":"Liars Game","floor":3,"gold_loss":0},{"damage_healed":0,"gold_gain":75,"player_choice":"Gather Gold","damage_taken":11,"max_hp_gain":0,"max_hp_loss":0,"event_name":"World of Goop","floor":8,"gold_loss":0}],"is_beta":false,"boss_relics":[],"items_purged_floors":[],"is_endless":false,"potions_floor_spawned":[1,4,5,10,14],"killed_by":"Hexaghost","ascension_level":9}