{"gold_per_floor":[116,116,41,216,242,43,62,87,112,132,132,166,181,193,193,295,295,311,311,326,326,342,342],"floor_reached":23,"playtime":2317,"items_purged":["Strike_R","Doubt"],"score":246,"play_id":"01a73c8e-5790-4521-943c-2e56ca527c92","local_time":"20180813210233","is_ascension_mode":true,"campfire_choices":[{"data":"Anger","floor":11,"key":"SMITH"},{"data":"Rage","floor":15,"key":"SMITH"}],"neow_cost":"","seed_source_timestamp":242353546346615,"circlet_count":0,"master_deck":["Strike_R","Strike_R","Strike_R","Defend_R","Defend_R","Defend_R","Defend_R","Bash","Anger+1","Havoc","Sentinel","Rage+1","Havoc","Clash","Fire Breathing","Anger","Anger","Dark Embrace","RitualDagger","Headbutt","Ghostly","Ghostly","Ghostly","Ghostly","Ghostly"],"relics":["Burning Blood","Vajra","Blue Candle","Pen Nib","Juzu Bracelet","White Beast Statue"],"potions_floor_usage":[12,16,16,22,22,23,23],"damage_taken":[{"damage":0,"enemies":"2 Louse","floor":1,"turns":3},{"damage":1,"enemies":"Cultist","floor":7,"turns":3},{"damage":30,"enemies":"Gremlin Nob","floor":8,"turns":5},{"damage":10,"enemies":"Small Slimes","floor":10,"turns":3},{"damage":21,"enemies":"3 Sentries","floor":12,"turns":8},{"damage":13,"enemies":"Blue Slaver","floor":13,"turns":2},{"damage":13,"enemies":"Gremlin Gang","floor":14,"turns":5},{"damage":22,"enemies":"The Guardian","floor":16,"turns":8},{"damage":31,"enemies":"Shell Parasite","floor":18,"turns":6},{"damage":18,"enemies":"Chosen","floor":20,"turns":5},{"damage":18,"enemies":"Snake Plant","floor":22,"turns":5},{"damage":43,"enemies":"Gremlin Leader","floor":23,"turns":6}],"seed_played":"5828291840904021454","potions_obtained":[{"floor":7,"key":"Swift Potion"},{"floor":8,"key":"Weak Potion"},{"floor":10,"key":"Energy Potion"},{"floor":14,"key":"FearPotion"},{"floor":18,"key":"EssenceOfSteel"},{"floor":20,"key":"LiquidBronze"},{"floor":22,"key":"BloodPotion"}],"is_trial":false,"path_per_floor":["M","?","$","?","T","$","M","E","T","M","R","E","M","M","R","B",null,"M","?","M","?","M"],"character_chosen":"IRONCLAD","items_purchased":["Havoc","Sentinel"],"campfire_rested":0,"item_purchase_floors":[6,6],"current_hp_per_floor":[80,80,80,80,80,80,80,56,56,52,52,37,30,23,23,7,80,55,49,37,37,25,0],"gold":342,"neow_bonus":"","is_prod":false,"is_daily":false,"chose_seed":false,"campfire_upgraded":2,"win_rate":0,"timestamp":1534186953,"path_taken":["M","?","$","?","?","$","?","E","T","M","R","E","M","M","R","BOSS","M","?","M","?","M","E"],"build_version":"2018-08-09","purchased_purges":2,"victory":false,"max_hp_per_floor":[80,80,80,80,80,80,80,80,80,80,80,80,80,80,80,80,80,80,80,80,40,40,40],"card_choices":[{"not_picked":["Metallicize","Sword Boomerang"],"picked":"Anger","floor":1},{"not_picked":["Rupture","Twin Strike"],"picked":"Rage","floor":7},{"not_picked":["Hemokinesis","Rupture"],"picked":"Havoc","floor":8},{"not_picked":["Flex","Thunderclap"],"picked":"Clash","floor":10},{"not_picked":["Sword Boomerang","Entrench"],"picked":"Fire Breathing","floor":12},{"not_picked":["Limit Break","Heavy Blade"],"picked":"Anger","floor":13},{"not_picked":["Body Slam","Thunderclap"],"picked":"Anger","floor":14},{"not_picked":["Juggernaut","Reaper"],"picked":"Dark Embrace","floor":16},{"not_picked":["Seeing Red","Body Slam","True Grit"],"picked":"SKIP","floor":18},{"not_picked":["Corruption","Combust"],"picked":"Headbutt","floor":20},{"not_picked":["Rupture","Entrench+1","Thunderclap"],"picked":"SKIP","floor":22}],"player_experience":305801,"relics_obtained":[{"floor":5,"key":"Vajra"},{"floor":8,"key":"Blue Candle"},{"floor":9,"key":"Pen Nib"},{"floor":12,"key":"Juzu Bracelet"}],"event_choices":[{"event_name":"Purifier","player_choice":"One Purge","floor":2,"damage_taken":0},{"event_name":"Liars Game","player_choice":"agreed","floor":4,"damage_taken":0},{"event_name":"Nest","player_choice":"Joined the Cult","floor":19,"damage_taken":0},{"event_name":"Ghosts","player_choice":"Became a Ghost","floor":21,"damage_taken":0}],"is_beta":false,"boss_relics":[{"not_picked":["Runic Dome","Mark of Pain"],"picked":"White Beast Statue"}],"items_purged_floors":[3,6],"is_endless":false,"potions_floor_spawned":[7,8,10,14,18,20,22],"killed_by":"Gremlin Leader","ascension_level":2}