{"gold_per_floor":[112,112,11,11,29,29,54,54,54,29,63,76,76,90,90,90],"floor_reached":16,"playtime":1224,"items_purged":["Strike_G"],"score":266,"play_id":"5b139f98-8ea2-4e5f-acd1-3a412c33823a","local_time":"20190805103626","is_ascension_mode":true,"campfire_choices":[{"data":"Leg Sweep","floor":6,"key":"SMITH"},{"data":"Dagger Spray","floor":8,"key":"SMITH"},{"floor":15,"key":"REST"}],"neow_cost":"NONE","seed_source_timestamp":1044083648157391,"circlet_count":0,"master_deck":["AscendersBane","Strike_G","Strike_G","Strike_G","Defend_G","Defend_G","Defend_G+1","Defend_G","Defend_G","Survivor+1","Neutralize+1","Deflect","Dagger Throw","Leg Sweep+1","Dagger Spray+1","Prepared","PiercingWail","Sucker Punch","Wraith Form v2"],"special_seed":0,"relics":["Ring of the Snake","NeowsBlessing","War Paint","Dodecahedron","The Courier","NlothsMask"],"potions_floor_usage":[11],"damage_taken":[{"damage":0.0,"enemies":"Small Slimes","floor":1.0,"turns":1.0},{"damage":0,"enemies":"Jaw Worm","floor":5,"turns":1},{"damage":0,"enemies":"Lagavulin","floor":7,"turns":1},{"damage":37,"enemies":"Gremlin Nob","floor":11,"turns":5},{"damage":0,"enemies":"Cultist","floor":12,"turns":5},{"damage":0,"enemies":"3 Louse","floor":14,"turns":2},{"damage":38,"enemies":"Hexaghost","floor":16,"turns":16}],"seed_played":"1775647738548231791","potions_obtained":[{"floor":7,"key":"SteroidPotion"},{"floor":14,"key":"SteroidPotion"}],"is_trial":false,"path_per_floor":["M","?","$","?","M","R","E","R","T","$","E","M","?","M","R","B"],"character_chosen":"THE_SILENT","items_purchased":["Dagger Throw","Prepared"],"campfire_rested":1,"item_purchase_floors":[3,10],"current_hp_per_floor":[59,52,52,52,52,52,52,52,52,52,15,15,15,15,34,0],"gold":90,"neow_bonus":"THREE_ENEMY_KILL","is_prod":false,"is_daily":false,"chose_seed":false,"campfire_upgraded":2,"win_rate":0,"timestamp":1565026586,"path_taken":["M","?","$","?","M","R","E","R","T","?","E","?","?","?","R","BOSS"],"build_version":"2019-07-17","purchased_purges":1,"victory":false,"max_hp_per_floor":[66,66,66,66,66,66,66,66,66,66,66,66,66,66,66,66],"card_choices":[{"not_picked":["Acrobatics","Quick Slash"],"picked":"Deflect","floor":1},{"not_picked":["Endless Agony","Crippling Poison"],"picked":"Leg Sweep","floor":5},{"not_picked":["All Out Attack","Dodge and Roll"],"picked":"Dagger Spray","floor":7},{"not_picked":["Blade Dance","Concentrate"],"picked":"PiercingWail","floor":11},{"not_picked":["Finisher","Blade Dance"],"picked":"Sucker Punch","floor":12},{"not_picked":["Poisoned Stab","Blade Dance"],"picked":"Wraith Form v2","floor":14}],"player_experience":641902,"relics_obtained":[{"floor":7,"key":"War Paint"},{"floor":9,"key":"Dodecahedron"},{"floor":11,"key":"The Courier"}],"event_choices":[{"cards_removed":["Strike_G"],"damage_healed":0,"gold_gain":0,"player_choice":"Card Removal","damage_taken":7,"max_hp_gain":0,"max_hp_loss":0,"event_name":"Golden Wing","floor":2,"gold_loss":0},{"damage_healed":0,"gold_gain":0,"player_choice":"Grow","damage_taken":0,"max_hp_gain":0,"max_hp_loss":0,"event_name":"Living Wall","floor":4,"gold_loss":0,"cards_upgraded":["Neutralize"]},{"damage_healed":0,"gold_gain":0,"player_choice":"Trade","damage_taken":0,"relics_obtained":["NlothsMask"],"max_hp_gain":0,"max_hp_loss":0,"event_name":"FaceTrader","floor":13,"gold_loss":0}],"is_beta":false,"boss_relics":[],"items_purged_floors":[3],"is_endless":false,"potions_floor_spawned":[7,14],"killed_by":"Hexaghost","ascension_level":20}