{"gold_per_floor":[109,127,127,127,146,173,173,173,221,240,2,2],"floor_reached":12,"playtime":669,"items_purged":["Defend_G"],"score":98,"play_id":"d220dd75-5000-407c-81ed-edb27a321209","local_time":"20190712160806","is_ascension_mode":true,"campfire_choices":[{"data":"A Thousand Cuts","floor":7,"key":"SMITH"}],"neow_cost":"NONE","seed_source_timestamp":8358896602190,"circlet_count":0,"master_deck":["Strike_G","Strike_G","Strike_G","Strike_G","Defend_G","Defend_G","Defend_G","Defend_G","Survivor","Neutralize","Purity","Well Laid Plans","Acrobatics","Deadly Poison","A Thousand Cuts+1","Tactician","Concentrate","Reflex","Noxious Fumes","Acrobatics"],"relics":["Ring of the Snake","Ancient Tea Set","Golden Idol"],"potions_floor_usage":[12,12,12],"damage_taken":[{"damage":3,"enemies":"Cultist","floor":1,"turns":5},{"damage":3,"enemies":"2 Louse","floor":2,"turns":3},{"damage":7,"enemies":"Small Slimes","floor":5,"turns":4},{"damage":33,"enemies":"Lagavulin","floor":6,"turns":9},{"damage":6,"enemies":"Looter","floor":10,"turns":4},{"damage":16,"enemies":"Gremlin Nob","floor":12,"turns":3}],"seed_played":"-7863538156206902223","potions_obtained":[{"floor":2,"key":"Strength Potion"},{"floor":5,"key":"Block Potion"},{"floor":10,"key":"SkillPotion"}],"is_trial":false,"path_per_floor":["M","M","?","?","M","E","R","?","T","M","$","E"],"character_chosen":"THE_SILENT","items_purchased":["Reflex","Noxious Fumes","Acrobatics"],"campfire_rested":0,"item_purchase_floors":[11,11,11],"current_hp_per_floor":[67,64,69,69,62,29,29,11,11,5,5,0],"gold":2,"neow_bonus":"RANDOM_COLORLESS","is_prod":false,"is_daily":false,"chose_seed":false,"campfire_upgraded":1,"win_rate":0,"timestamp":1562972886,"path_taken":["M","?","?","?","?","E","R","?","T","M","?","E"],"build_version":"2019-07-05","purchased_purges":1,"victory":false,"max_hp_per_floor":[70,70,75,75,75,75,75,75,75,75,75,75],"card_choices":[{"not_picked":["Endless Agony","Slice"],"picked":"Well Laid Plans","floor":1},{"not_picked":["Flechettes","Prepared"],"picked":"Acrobatics","floor":2},{"not_picked":["Quick Slash","Infinite Blades"],"picked":"A Thousand Cuts","floor":5},{"not_picked":["Leg Sweep","Footwork"],"picked":"Tactician","floor":6},{"not_picked":["Caltrops","Underhanded Strike"],"picked":"Concentrate","floor":10}],"player_experience":247126,"relics_obtained":[{"floor":6,"key":"Ancient Tea Set"}],"event_choices":[{"damage_healed":0,"gold_gain":0,"player_choice":"Donut","damage_taken":0,"max_hp_gain":5,"max_hp_loss":0,"event_name":"Big Fish","floor":3,"gold_loss":0},{"damage_healed":0,"gold_gain":0,"cards_transformed":["Strike_G"],"player_choice":"Transformed","damage_taken":0,"max_hp_gain":0,"max_hp_loss":0,"event_name":"Transmorgrifier","floor":4,"gold_loss":0,"cards_obtained":["Deadly Poison"]},{"damage_healed":0,"gold_gain":0,"player_choice":"Take Damage","damage_taken":18,"relics_obtained":["Golden Idol"],"max_hp_gain":0,"max_hp_loss":0,"event_name":"Golden Idol","floor":8,"gold_loss":0}],"is_beta":false,"boss_relics":[],"items_purged_floors":[11],"is_endless":false,"potions_floor_spawned":[2,5,10],"killed_by":"Gremlin Nob","ascension_level":5}