{"gold_per_floor":[110,110,124,144,39,39,50,50,76,104,104,118,128,159,159,256,256,271,186,27,0,10,10],"floor_reached":23,"playtime":3316,"items_purged":["Strike_G"],"score":231,"play_id":"bcc594cb-4156-4ac1-8f77-0fde1e300fbd","local_time":"20190711093237","is_ascension_mode":true,"campfire_choices":[{"data":"Calculated Gamble","floor":6,"key":"SMITH"},{"data":"Concentrate","floor":8,"key":"SMITH"},{"data":"Terror","floor":11,"key":"SMITH"},{"data":"Blade Dance","floor":15,"key":"SMITH"}],"neow_cost":"NONE","seed_source_timestamp":1753929652524,"circlet_count":0,"master_deck":["Strike_G","Strike_G","Strike_G","Defend_G","Defend_G","Defend_G","Defend_G","Defend_G","Survivor","Neutralize","Cloak And Dagger","Leg Sweep","Quick Slash","Heel Hook","Cloak And Dagger","Calculated Gamble+1","Terror+1","Concentrate+1","Blade Dance+1","Endless Agony","Underhanded Strike","Backflip","Dagger Throw","Tools of the Trade","Underhanded Strike","Well Laid Plans+1","Underhanded Strike","PiercingWail+1"],"relics":["Ring of the Snake","Vajra","Art of War","Question Card","HoveringKite","Frozen Egg 2"],"potions_floor_usage":[10,10,16,16],"damage_taken":[{"damage":8,"enemies":"Small Slimes","floor":1,"turns":5},{"damage":5,"enemies":"Cultist","floor":3,"turns":5},{"damage":0,"enemies":"Jaw Worm","floor":4,"turns":6},{"damage":0,"enemies":"Looter","floor":7,"turns":4},{"damage":1,"enemies":"Gremlin Nob","floor":10,"turns":4},{"damage":0,"enemies":"Blue Slaver","floor":12,"turns":3},{"damage":0,"enemies":"Large Slime","floor":13,"turns":7},{"damage":20,"enemies":"3 Sentries","floor":14,"turns":10},{"damage":23,"enemies":"The Guardian","floor":16,"turns":14},{"damage":2,"enemies":"Shell Parasite","floor":18,"turns":5},{"damage":1,"enemies":"Chosen","floor":22,"turns":5},{"damage":70,"enemies":"Gremlin Leader","floor":23,"turns":7}],"seed_played":"-2325071434874301247","potions_obtained":[{"floor":4,"key":"SpeedPotion"},{"floor":7,"key":"Strength Potion"},{"floor":13,"key":"Poison Potion"},{"floor":14,"key":"LiquidBronze"},{"floor":16,"key":"Energy Potion"}],"is_trial":false,"path_per_floor":["M","?","M","M","$","R","M","R","T","E","R","M","M","E","R","B",null,"M","?","$","?","M","E"],"character_chosen":"THE_SILENT","items_purchased":["Terror","Concentrate","Well Laid Plans+1","Underhanded Strike"],"campfire_rested":0,"item_purchase_floors":[5,5,20,20],"current_hp_per_floor":[62,62,57,57,57,57,57,57,57,56,56,56,56,36,36,13,70,68,68,68,68,67,0],"gold":10,"neow_bonus":"TRANSFORM_CARD","is_prod":false,"is_daily":false,"chose_seed":false,"campfire_upgraded":4,"win_rate":0,"timestamp":1562862757,"path_taken":["M","?","M","M","$","R","?","R","T","E","R","M","?","E","R","BOSS","M","?","$","?","M","E"],"build_version":"2019-07-05","purchased_purges":1,"victory":false,"max_hp_per_floor":[70,70,70,70,70,70,70,70,70,70,70,70,70,70,70,70,70,70,70,70,70,70,70],"card_choices":[{"not_picked":["Dagger Spray","Distraction"],"picked":"Leg Sweep","floor":1},{"not_picked":["Calculated Gamble","Reflex"],"picked":"Cloak And Dagger","floor":3},{"not_picked":["Riddle With Holes","Sucker Punch"],"picked":"Calculated Gamble","floor":4},{"not_picked":["Deflect","Setup"],"picked":"Blade Dance","floor":7},{"not_picked":["Deflect","Blade Dance"],"picked":"Endless Agony","floor":10},{"not_picked":["Sucker Punch","Burst"],"picked":"Underhanded Strike","floor":12},{"not_picked":["Prepared","Cloak And Dagger"],"picked":"Backflip","floor":13},{"not_picked":["Night Terror","Cloak And Dagger"],"picked":"Dagger Throw","floor":14},{"not_picked":["Corpse Explosion","Storm of Steel","Unload"],"picked":"Tools of the Trade","floor":16},{"not_picked":["Setup","Cloak And Dagger","Dodge and Roll+1"],"picked":"Underhanded Strike","floor":18},{"not_picked":["Sucker Punch+1","Slice","Concentrate"],"picked":"PiercingWail+1","floor":22}],"player_experience":199750,"relics_obtained":[{"floor":9,"key":"Vajra"},{"floor":10,"key":"Art of War"},{"floor":14,"key":"Question Card"}],"event_choices":[{"damage_healed":0,"gold_gain":0,"player_choice":"2 cards matched","damage_taken":0,"max_hp_gain":0,"max_hp_loss":0,"event_name":"Match and Keep!","floor":2,"gold_loss":0,"cards_obtained":["Quick Slash","Heel Hook"]},{"damage_healed":0,"gold_gain":0,"player_choice":"Obtained Relic","damage_taken":0,"relics_obtained":["Frozen Egg 2"],"max_hp_gain":0,"max_hp_loss":0,"event_name":"Addict","floor":19,"gold_loss":85},{"damage_healed":0,"gold_gain":0,"player_choice":"Paid Fearfully","damage_taken":0,"max_hp_gain":0,"max_hp_loss":0,"event_name":"Masked Bandits","floor":21,"gold_loss":27}],"is_beta":false,"boss_relics":[{"not_picked":["Lizard Tail","Sozu"],"picked":"HoveringKite"}],"items_purged_floors":[20],"is_endless":false,"potions_floor_spawned":[4,7,13,14,16],"killed_by":"Gremlin Leader","ascension_level":3}