{"gold_per_floor":[115,128,128,31,48,83,83,95,95,125,125,35,35,48,48,146,146,165,165,50,0],"floor_reached":21,"playtime":1775,"items_purged":[],"score":221,"play_id":"31e45c9a-5a6e-4d51-ad0b-3bbd8964b94f","local_time":"20190712141616","is_ascension_mode":true,"campfire_choices":[{"data":"Terror","floor":7,"key":"SMITH"},{"data":"Calculated Gamble","floor":13,"key":"SMITH"},{"data":"Footwork","floor":15,"key":"SMITH"}],"neow_cost":"NONE","seed_source_timestamp":0,"circlet_count":0,"master_deck":["Strike_G","Strike_G","Strike_G","Strike_G","Strike_G","Defend_G","Defend_G","Defend_G","Defend_G","Defend_G","Survivor","Neutralize","Backflip","Terror+1","Sucker Punch","Well Laid Plans","Flying Knee","Cloak And Dagger","Footwork+1","Calculated Gamble+1","Underhanded Strike","Leg Sweep","Envenom","Caltrops","Jack Of All Trades","Dramatic Entrance","Forethought","Good Instincts","Caltrops","Distraction"],"special_seed":0,"relics":["Ring of the Snake","Tingsha","Mercury Hourglass","FossilizedHelix","Runic Pyramid"],"potions_floor_usage":[21],"damage_taken":[{"damage":5,"enemies":"2 Louse","floor":1,"turns":6},{"damage":4,"enemies":"Small Slimes","floor":2,"turns":4},{"damage":1,"enemies":"Jaw Worm","floor":5,"turns":5},{"damage":34,"enemies":"3 Sentries","floor":6,"turns":10},{"damage":1,"enemies":"Exordium Thugs","floor":8,"turns":6},{"damage":0,"enemies":"Blue Slaver","floor":14,"turns":3},{"damage":2,"enemies":"Hexaghost","floor":16,"turns":14},{"damage":3,"enemies":"3 Byrds","floor":18,"turns":4},{"damage":30,"enemies":"2 Thieves","floor":21,"turns":2}],"seed_played":"-4578514101009891300","potions_obtained":[{"floor":2,"key":"SteroidPotion"},{"floor":6,"key":"Dexterity Potion"},{"floor":14,"key":"Weak Potion"}],"is_trial":false,"path_per_floor":["M","M","?","$","M","E","R","M","T","?","?","$","R","M","R","B",null,"M","?","$","M"],"character_chosen":"THE_SILENT","items_purchased":["Sucker Punch","Well Laid Plans","Calculated Gamble","Underhanded Strike","Caltrops","Distraction"],"campfire_rested":0,"item_purchase_floors":[4,4,12,12,20,20],"current_hp_per_floor":[72,68,68,68,67,33,33,32,32,32,29,29,29,29,29,27,65,62,27,27,0],"gold":0,"neow_bonus":"TEN_PERCENT_HP_BONUS","is_prod":false,"is_daily":false,"chose_seed":false,"campfire_upgraded":3,"win_rate":0,"timestamp":1562966176,"path_taken":["M","M","?","$","M","E","R","M","T","?","?","$","R","M","R","BOSS","M","?","$","M"],"build_version":"2019-07-05","purchased_purges":0,"victory":false,"max_hp_per_floor":[77,77,77,77,77,77,77,77,77,77,77,77,77,77,77,77,77,77,77,77,77],"card_choices":[{"not_picked":["Poisoned Stab","Bane"],"picked":"Backflip","floor":1},{"not_picked":["Backstab","Dagger Throw"],"picked":"Terror","floor":2},{"not_picked":["Dash","Cloak And Dagger"],"picked":"Flying Knee","floor":5},{"not_picked":["Well Laid Plans","Doppelganger"],"picked":"Cloak And Dagger","floor":6},{"not_picked":["Crippling Poison","Expertise"],"picked":"Footwork","floor":8},{"not_picked":["PiercingWail","Dodge and Roll"],"picked":"Leg Sweep","floor":14},{"not_picked":["Grand Finale","Glass Knife"],"picked":"Envenom","floor":16},{"not_picked":["Flying Knee","Deflect"],"picked":"Caltrops","floor":18}],"player_experience":239345,"relics_obtained":[{"floor":6,"key":"Tingsha"}],"event_choices":[{"damage_healed":0,"gold_gain":0,"player_choice":"Ignored","damage_taken":0,"max_hp_gain":0,"max_hp_loss":0,"event_name":"Liars Game","floor":3,"gold_loss":0},{"damage_healed":0,"gold_gain":30,"player_choice":"Searched \u00273\u0027 times","damage_taken":0,"relics_obtained":["Mercury Hourglass"],"max_hp_gain":0,"max_hp_loss":0,"event_name":"Dead Adventurer","floor":10,"gold_loss":0},{"damage_healed":0,"gold_gain":0,"player_choice":"Success","damage_taken":3,"relics_obtained":["FossilizedHelix"],"max_hp_gain":0,"max_hp_loss":0,"event_name":"Scrap Ooze","floor":11,"gold_loss":0},{"damage_healed":0,"gold_gain":0,"player_choice":"CARD CARD CARD CARD ","damage_taken":35,"max_hp_gain":0,"max_hp_loss":0,"event_name":"Knowing Skull","floor":19,"potions_obtained":[],"gold_loss":0,"cards_obtained":["Jack Of All Trades","Dramatic Entrance","Forethought","Good Instincts"]}],"is_beta":false,"boss_relics":[{"not_picked":["Busted Crown","Lizard Tail"],"picked":"Runic Pyramid"}],"items_purged_floors":[],"is_endless":false,"potions_floor_spawned":[2,6,14],"killed_by":"2 Thieves","ascension_level":5}