{"gold_per_floor":[111,91,13,27,2,2,32,32,32,46,11,36,36,48,48,48],"floor_reached":16,"playtime":933,"items_purged":[],"score":216,"play_id":"aee9f120-34a0-44d3-87bc-2556a0bd39c9","local_time":"20190814145323","is_ascension_mode":true,"campfire_choices":[{"data":"Bane","floor":6.0,"key":"SMITH"},{"floor":8.0,"key":"REST"},{"data":"Footwork","floor":13.0,"key":"SMITH"},{"data":"Bane","floor":15.0,"key":"SMITH"}],"neow_cost":"PERCENT_DAMAGE","seed_source_timestamp":1837240024712218,"circlet_count":0,"master_deck":["AscendersBane","Strike_G","Strike_G","Strike_G","Defend_G","Defend_G","Defend_G","Defend_G","Defend_G","Survivor","Neutralize","Blade Dance","Flying Knee","PiercingWail","Footwork+1","Deadly Poison","Bane+1","Bane+1","Leg Sweep","Adrenaline"],"special_seed":0,"relics":["Ring of the Snake","Bag of Marbles","Calipers","Lantern"],"potions_floor_usage":[16],"damage_taken":[{"damage":0.0,"enemies":"Cultist","floor":1.0,"turns":4.0},{"damage":0.0,"enemies":"2 Louse","floor":4.0,"turns":4.0},{"damage":26.0,"enemies":"3 Sentries","floor":7.0,"turns":11.0},{"damage":2.0,"enemies":"Small Slimes","floor":10.0,"turns":3.0},{"damage":19.0,"enemies":"Lagavulin","floor":12.0,"turns":7.0},{"damage":0.0,"enemies":"Exordium Wildlife","floor":14.0,"turns":2.0},{"damage":39,"enemies":"Slime Boss","floor":16,"turns":9}],"seed_played":"211912469299253715","potions_obtained":[{"floor":2.0,"key":"SmokeBomb"},{"floor":4.0,"key":"GhostInAJar"}],"is_trial":false,"path_per_floor":["M","?","$","M","$","R","E","R","T","M","?","E","R","M","R","B"],"character_chosen":"THE_SILENT","items_purchased":["Footwork","Bane"],"campfire_rested":1,"item_purchase_floors":[3,5],"current_hp_per_floor":[44,44,44,44,44,44,18,37,37,35,51,32,32,32,32,0],"gold":48,"neow_bonus":"TRANSFORM_TWO_CARDS","is_prod":false,"is_daily":false,"chose_seed":false,"campfire_upgraded":3,"win_rate":0,"timestamp":1565819603,"path_taken":["M","?","$","?","$","R","E","R","T","M","?","E","R","M","R","BOSS"],"build_version":"2019-07-17","purchased_purges":0,"victory":false,"max_hp_per_floor":[66,66,66,66,66,66,66,66,66,66,66,66,66,66,66,66],"card_choices":[{"not_picked":["Slice","Dodge and Roll"],"picked":"PiercingWail","floor":1.0},{"not_picked":["Prepared","Bane"],"picked":"Deadly Poison","floor":4.0},{"not_picked":["Flying Knee","Expertise"],"picked":"Bane","floor":7.0},{"not_picked":["Underhanded Strike","Flechettes"],"picked":"Leg Sweep","floor":10.0},{"not_picked":["Dagger Throw","Acrobatics","Expertise"],"picked":"SKIP","floor":12.0},{"not_picked":["Poisoned Stab","Backflip"],"picked":"Adrenaline","floor":14.0}],"player_experience":729416,"relics_obtained":[{"floor":7.0,"key":"Bag of Marbles"},{"floor":9.0,"key":"Calipers"},{"floor":12.0,"key":"Lantern"}],"event_choices":[{"damage_healed":0.0,"max_hp_gain":0.0,"max_hp_loss":0.0,"gold_gain":0.0,"event_name":"The Woman in Blue","player_choice":"Bought 1 Potion","floor":2.0,"gold_loss":0.0,"damage_taken":0.0},{"damage_healed":16.0,"max_hp_gain":0.0,"max_hp_loss":0.0,"gold_gain":0.0,"event_name":"The Cleric","player_choice":"Healed","floor":11.0,"gold_loss":35.0,"damage_taken":0.0}],"is_beta":false,"boss_relics":[],"items_purged_floors":[],"is_endless":false,"potions_floor_spawned":[4,10],"killed_by":"Slime Boss","ascension_level":20}