{"gold_per_floor":[110,110,385,395,470,470,489,489,489,19,19,19,32,32,32,127,127,145,165,185,185,185,185,200,200,200,200,210,210,14,28,28,130,130,148,148,3,17,0,0],"floor_reached":40,"playtime":2377,"items_purged":["Regret","Defend_B"],"score":524,"play_id":"56283c53-ea65-4527-9e6b-66bb4f2d2c0c","local_time":"20180924205058","is_ascension_mode":true,"campfire_choices":[{"data":"Zap","floor":6,"key":"SMITH"},{"data":"Dualcast","floor":8,"key":"SMITH"},{"data":"Loop","floor":11,"key":"SMITH"},{"floor":15,"key":"REST"},{"floor":23,"key":"REST"},{"floor":29,"key":"REST"},{"data":"Redo","floor":32,"key":"SMITH"}],"neow_cost":"PERCENT_DAMAGE","seed_source_timestamp":297278188633603,"circlet_count":0,"master_deck":["Defend_B","Zap+1","Dualcast+1","Heatsinks","Cold Snap","Leap","Sweeping Beam","Loop+1","Conserve Battery","Defragment+1","Amplify","Gash","Echo Form+1","Go for the Eyes+1","Loop+1","Reprogram","Redo+1","Doom and Gloom","Fission","Beam Cell","Streamline","Coolheaded+1"],"relics":["Cracked Core","Unceasing Top","Frozen Egg 2","Busted Crown","Question Card","Lee\u0027s Waffle","Lizard Tail","Red Mask"],"potions_floor_usage":[20,31,33,40,40],"damage_taken":[{"damage":0,"enemies":"2 Louse","floor":1,"turns":2},{"damage":8,"enemies":"Cultist","floor":4,"turns":4},{"damage":1,"enemies":"Jaw Worm","floor":7,"turns":3},{"damage":13,"enemies":"Exordium Thugs","floor":13,"turns":5},{"damage":24,"enemies":"The Guardian","floor":16,"turns":10},{"damage":17,"enemies":"3 Byrds","floor":18,"turns":4},{"damage":5,"enemies":"Shell Parasite","floor":19,"turns":5},{"damage":23,"enemies":"3 Cultists","floor":20,"turns":6},{"damage":13,"enemies":"Centurion and Healer","floor":24,"turns":5},{"damage":16,"enemies":"Snake Plant","floor":28,"turns":4},{"damage":6,"enemies":"Chosen and Byrds","floor":31,"turns":5},{"damage":24,"enemies":"Collector","floor":33,"turns":6},{"damage":13,"enemies":"Orb Walker","floor":35,"turns":5},{"damage":31,"enemies":"3 Shapes","floor":38,"turns":5},{"damage":113,"enemies":"2 Orb Walkers","floor":40,"turns":7}],"seed_played":"4959018176982048513","potions_obtained":[{"floor":4,"key":"FocusPotion"},{"floor":13,"key":"Ancient Potion"},{"floor":16,"key":"Weak Potion"},{"floor":31,"key":"FairyPotion"},{"floor":33,"key":"Ancient Potion"},{"floor":38,"key":"GamblersBrew"}],"is_trial":false,"path_per_floor":["M","?","?","M","?","R","M","R","T","$","R","$","M","?","R","B",null,"M","M","M","?","?","R","M","?","T","?","M","R","$","M","R","B",null,"M","?","$","M","?"],"character_chosen":"DEFECT","items_purchased":["Frozen Egg 2","Defragment+1","Amplify","Lee\u0027s Waffle","Streamline"],"campfire_rested":3,"item_purchase_floors":[10,10,10,30,37],"current_hp_per_floor":[54,54,54,46,35,35,34,34,34,34,34,34,21,14,36,12,59,42,37,14,14,14,36,23,23,23,23,7,29,82,76,76,52,75,62,62,62,31,31,0],"gold":0,"neow_bonus":"TRANSFORM_TWO_CARDS","is_prod":false,"is_daily":false,"chose_seed":false,"campfire_upgraded":4,"win_rate":0,"timestamp":1537815058,"path_taken":["M","?","?","M","?","R","M","R","T","?","R","?","?","?","R","BOSS","M","?","M","?","?","R","M","?","T","?","M","R","$","M","R","BOSS","M","?","$","?","?","E"],"build_version":"2018-09-20","purchased_purges":2,"victory":false,"max_hp_per_floor":[75,75,75,75,75,75,75,75,75,75,75,75,75,75,75,75,75,75,75,75,75,75,75,75,75,75,75,75,75,82,82,82,82,82,82,82,82,82,82,82],"card_choices":[{"not_picked":["Cold Snap","Rebound"],"picked":"Leap","floor":1},{"not_picked":["Reprogram","Sweeping Beam"],"picked":"Loop","floor":4},{"not_picked":["Go for the Eyes","Leap"],"picked":"Conserve Battery","floor":7},{"not_picked":["Stack","Hologram"],"picked":"Gash","floor":13},{"not_picked":["Multi-Cast","Thunder Strike"],"picked":"Echo Form+1","floor":16},{"not_picked":[],"picked":"Go for the Eyes+1","floor":18},{"not_picked":[],"picked":"Loop+1","floor":19},{"not_picked":["Coolheaded"],"picked":"SKIP","floor":20},{"not_picked":[],"picked":"Reprogram","floor":24},{"not_picked":["Aggregate"],"picked":"Redo","floor":28},{"not_picked":["Barrage"],"picked":"Doom and Gloom","floor":31},{"not_picked":["Echo Form+1"],"picked":"Fission","floor":33},{"not_picked":["Sweeping Beam+1"],"picked":"Beam Cell","floor":35},{"not_picked":["Chill"],"picked":"Coolheaded+1","floor":38}],"player_experience":534111,"relics_obtained":[{"floor":9,"key":"Unceasing Top"},{"floor":26,"key":"Question Card"}],"event_choices":[{"event_name":"Living Wall","player_choice":"Change","floor":2,"damage_taken":0},{"event_name":"Golden Shrine","player_choice":"Desecrate","floor":3,"damage_taken":0},{"event_name":"World of Goop","player_choice":"Gather Gold","floor":5,"damage_taken":0},{"event_name":"Golden Wing","player_choice":"Card Removal","floor":14,"damage_taken":0},{"event_name":"Back to Basics","player_choice":"Elegance","floor":21,"damage_taken":0},{"event_name":"Vampires","player_choice":"Ignored","floor":22,"damage_taken":0},{"event_name":"N\u0027loth","player_choice":"Ignored","floor":25,"damage_taken":0},{"event_name":"Ghosts","player_choice":"Ignored","floor":27,"damage_taken":0},{"event_name":"Falling","player_choice":"Removed Skill","floor":36,"damage_taken":0},{"event_name":"Tomb of Lord Red Mask","player_choice":"Paid","floor":39,"damage_taken":0}],"is_beta":false,"boss_relics":[{"not_picked":["Inserter","Cursed Key"],"picked":"Busted Crown"},{"not_picked":["Pandora\u0027s Box","Snecko Eye"],"picked":"Lizard Tail"}],"items_purged_floors":[10,37],"is_endless":false,"potions_floor_spawned":[4,13,16,31,33,38],"killed_by":"2 Orb Walkers","ascension_level":5}