{"gold_per_floor":[109,109,122,136,148,148,181,181,260,24,41,21,46,46,46,46],"floor_reached":16,"playtime":1015,"items_purged":["Strike_G"],"score":225,"play_id":"60ba276c-1651-464c-ba96-22a702a85cb9","local_time":"20190612113748","is_ascension_mode":true,"campfire_choices":[{"floor":6,"key":"REST"},{"data":"Blade Dance","floor":8,"key":"SMITH"},{"floor":15,"key":"REST"}],"neow_cost":"NONE","seed_source_timestamp":1423658642758576,"circlet_count":0,"master_deck":["AscendersBane","Defend_G","Defend_G","Defend_G","Defend_G","Defend_G","Strike_G","Strike_G","Strike_G","Strike_G","Survivor","Neutralize","Blade Dance+1","Sucker Punch","Dagger Spray","Blade Dance","Escape Plan","Caltrops","Blade Dance","Poisoned Stab","Flash of Steel","Mind Blast","Accuracy","Glass Knife","Blade Dance","Slice","Leg Sweep"],"relics":["Ring of the Snake","Pen Nib","Prayer Wheel","Juzu Bracelet","The Courier","Odd Mushroom","Golden Idol"],"potions_floor_usage":[7],"damage_taken":[{"damage":0,"enemies":"2 Louse","floor":1,"turns":4},{"damage":3,"enemies":"Jaw Worm","floor":3,"turns":6},{"damage":0,"enemies":"Cultist","floor":4,"turns":5},{"damage":17,"enemies":"Large Slime","floor":5,"turns":8},{"damage":6,"enemies":"3 Sentries","floor":7,"turns":6},{"damage":4,"enemies":"2 Fungi Beasts","floor":11,"turns":3},{"damage":16,"enemies":"The Mushroom Lair","floor":13,"turns":3},{"damage":26,"enemies":"Hexaghost","floor":16,"turns":9}],"seed_played":"5162752654846536797","potions_obtained":[{"floor":1,"key":"Dexterity Potion"},{"floor":7,"key":"SmokeBomb"},{"floor":13,"key":"SmokeBomb"}],"is_trial":false,"path_per_floor":["M","?","M","M","M","R","E","R","T","$","M","$","?","?","R","B"],"character_chosen":"THE_SILENT","items_purchased":["Flash of Steel","Mind Blast","Accuracy","Slice"],"campfire_rested":2,"item_purchase_floors":[10,10,10,12],"current_hp_per_floor":[59,33,30,30,13,32,26,26,26,26,22,22,6,6,24,0],"gold":46,"neow_bonus":"RANDOM_COMMON_RELIC","is_prod":false,"is_daily":false,"chose_seed":false,"campfire_upgraded":1,"win_rate":0,"timestamp":1560332268,"path_taken":["M","?","M","M","M","R","E","R","T","$","M","?","?","?","R","BOSS"],"build_version":"2019-01-23","purchased_purges":1,"victory":false,"max_hp_per_floor":[66,66,66,66,66,66,66,66,66,66,66,66,66,60,60,60],"card_choices":[{"not_picked":["Concentrate","Prepared"],"picked":"Blade Dance","floor":1},{"not_picked":["Acrobatics","Concentrate"],"picked":"Sucker Punch","floor":3},{"not_picked":["Poisoned Stab","Deadly Poison"],"picked":"Dagger Spray","floor":3},{"not_picked":["Dagger Spray","Flying Knee"],"picked":"Blade Dance","floor":4},{"not_picked":["Bullet Time","Dagger Throw"],"picked":"Escape Plan","floor":4},{"not_picked":["Prepared","Slice"],"picked":"Caltrops","floor":5},{"not_picked":["Setup","Poisoned Stab"],"picked":"Blade Dance","floor":5},{"not_picked":["Underhanded Strike","Bane"],"picked":"Poisoned Stab","floor":7},{"not_picked":["Deadly Poison","Bouncing Flask"],"picked":"Glass Knife","floor":11},{"not_picked":["Riddle With Holes","Dagger Spray"],"picked":"Blade Dance","floor":11},{"not_picked":["Bane","Underhanded Strike"],"picked":"Leg Sweep","floor":13}],"player_experience":1347845,"relics_obtained":[{"floor":7,"key":"Juzu Bracelet"},{"floor":9,"key":"The Courier"},{"floor":13,"key":"Odd Mushroom"}],"event_choices":[{"damage_healed":0,"gold_gain":0,"player_choice":"Success","damage_taken":26,"relics_obtained":["Prayer Wheel"],"max_hp_gain":0,"max_hp_loss":0,"event_name":"Scrap Ooze","floor":2,"gold_loss":0},{"damage_healed":0,"gold_gain":0,"player_choice":"Fought Mushrooms","damage_taken":0,"max_hp_gain":0,"max_hp_loss":0,"event_name":"Mushrooms","floor":13,"gold_loss":0},{"damage_healed":0,"gold_gain":0,"player_choice":"Lose Max HP","damage_taken":0,"relics_obtained":["Golden Idol"],"max_hp_gain":0,"max_hp_loss":6,"event_name":"Golden Idol","floor":14,"gold_loss":0}],"is_beta":false,"boss_relics":[],"items_purged_floors":[10],"is_endless":false,"potions_floor_spawned":[1,7,13],"killed_by":"Hexaghost","ascension_level":20}