{"gold_per_floor":[360,360,4,14,29,29,56,70,124,124,124,136,146,207,207,281,281,291,52,65,78,25,25,84,84,84,96,96,129,129,129,129,129],"floor_reached":33,"playtime":2824,"items_purged":["Strike_G"],"score":567,"play_id":"7c2a6a45-aeae-467b-9982-d2e0b5ac8156","local_time":"20190801121321","is_ascension_mode":true,"campfire_choices":[{"floor":6.0,"key":"REST"},{"floor":11.0,"key":"REST"},{"floor":15.0,"key":"REST"},{"floor":23.0,"key":"REST"},{"data":"Bullet Time","floor":25.0,"key":"SMITH"},{"floor":28.0,"key":"REST"},{"floor":30.0,"key":"REST"},{"floor":32.0,"key":"REST"}],"neow_cost":"PERCENT_DAMAGE","seed_source_timestamp":701494488624709,"circlet_count":0,"master_deck":["AscendersBane","Strike_G+1","Strike_G","Strike_G+1","Strike_G","Defend_G+1","Defend_G+1","Defend_G","Defend_G","Defend_G","Survivor","Neutralize","Dagger Throw","Apotheosis","Bullet Time+1","Dagger Throw","Backflip","Tactician","Prepared","Die Die Die","Underhanded Strike","Cloak And Dagger","A Thousand Cuts","Acrobatics","Blur","Caltrops","Flying Knee","Prepared","Outmaneuver","Deflect","Outmaneuver","Corpse Explosion","Underhanded Strike+1","Underhanded Strike+1","Deflect","Necronomicurse","Backstab"],"special_seed":0,"relics":["Ring of the Snake","War Paint","Bottled Lightning","Dream Catcher","Art of War","Sozu","Tiny Chest","Gambling Chip","Kunai","Necronomicon"],"potions_floor_usage":[],"damage_taken":[{"damage":1.0,"enemies":"Cultist","floor":1.0,"turns":5.0},{"damage":10.0,"enemies":"2 Louse","floor":4.0,"turns":3.0},{"damage":4.0,"enemies":"Jaw Worm","floor":5.0,"turns":5.0},{"damage":19.0,"enemies":"Lagavulin","floor":7.0,"turns":9.0},{"damage":0.0,"enemies":"2 Fungi Beasts","floor":8.0,"turns":5.0},{"damage":0.0,"enemies":"Exordium Thugs","floor":12.0,"turns":4.0},{"damage":3.0,"enemies":"Looter","floor":13.0,"turns":3.0},{"damage":7.0,"enemies":"Gremlin Nob","floor":14.0,"turns":4.0},{"damage":5.0,"enemies":"Slime Boss","floor":16.0,"turns":9.0},{"damage":3.0,"enemies":"2 Thieves","floor":18.0,"turns":3.0},{"damage":0.0,"enemies":"3 Byrds","floor":20.0,"turns":3.0},{"damage":29.0,"enemies":"Shelled Parasite and Fungi","floor":21.0,"turns":5.0},{"damage":9.0,"enemies":"Book of Stabbing","floor":24.0,"turns":6.0},{"damage":15.0,"enemies":"Cultist and Chosen","floor":27.0,"turns":7.0},{"damage":26.0,"enemies":"Slavers","floor":29.0,"turns":4.0},{"damage":32,"enemies":"Champ","floor":33,"turns":8}],"seed_played":"-1785039465665230280","potions_obtained":[{"floor":4.0,"key":"GhostInAJar"},{"floor":5.0,"key":"Ancient Potion"},{"floor":7.0,"key":"Fire Potion"},{"floor":14.0,"key":"Strength Potion"},{"floor":16.0,"key":"Fire Potion"}],"is_trial":false,"path_per_floor":["M","?","$","M","M","R","E","M","T","?","R","M","M","?","R","B",null,"M","$","M","M","$","R","E","R","T","M","R","E","R","?","R","B"],"character_chosen":"THE_SILENT","items_purchased":["Apotheosis","War Paint","Blur","Caltrops","Outmaneuver"],"campfire_rested":7,"item_purchase_floors":[3,3,19,19,22],"current_hp_per_floor":[43,23,23,13,9,28,9,9,9,4,23,23,20,13,32,27,56,53,53,53,24,24,43,34,34,34,19,38,12,31,10,29,0],"gold":129,"neow_bonus":"TWO_FIFTY_GOLD","is_prod":false,"is_daily":false,"chose_seed":false,"campfire_upgraded":1,"win_rate":0,"timestamp":1564686801,"path_taken":["M","?","$","M","M","R","E","M","T","?","R","M","M","?","R","BOSS","M","$","M","M","$","R","E","R","T","M","R","E","R","?","R","BOSS"],"build_version":"2019-07-17","purchased_purges":1,"victory":false,"max_hp_per_floor":[66,66,66,66,66,66,66,66,66,66,66,66,66,66,66,66,66,66,66,66,66,66,66,66,66,66,66,66,66,66,66,66,66],"card_choices":[{"not_picked":["Underhanded Strike","Bane"],"picked":"Dagger Throw","floor":1.0},{"not_picked":["PiercingWail","Poisoned Stab"],"picked":"Bullet Time","floor":4.0},{"not_picked":["Deadly Poison","Bane"],"picked":"Dagger Throw","floor":5.0},{"not_picked":["Poisoned Stab","Bouncing Flask"],"picked":"Backflip","floor":7.0},{"not_picked":["Expertise","Riddle With Holes"],"picked":"Tactician","floor":8.0},{"not_picked":["Masterful Stab","Endless Agony"],"picked":"Prepared","floor":11.0},{"not_picked":["Dagger Throw","Deflect"],"picked":"Die Die Die","floor":12.0},{"not_picked":["Flying Knee","Escape Plan"],"picked":"Underhanded Strike","floor":13.0},{"not_picked":["Accuracy","Poisoned Stab"],"picked":"Cloak And Dagger","floor":14.0},{"not_picked":["Night Terror","Doppelganger"],"picked":"A Thousand Cuts","floor":16.0},{"not_picked":["Backflip","Poisoned Stab"],"picked":"Acrobatics","floor":18.0},{"not_picked":["Bouncing Flask","Quick Slash"],"picked":"Flying Knee","floor":20.0},{"not_picked":["Endless Agony","Slice"],"picked":"Prepared","floor":21.0},{"not_picked":["Backstab+1","Bane"],"picked":"Deflect","floor":23.0},{"not_picked":["Eviscerate","Backstab"],"picked":"Outmaneuver","floor":24.0},{"not_picked":["Concentrate","Underhanded Strike+1"],"picked":"Corpse Explosion","floor":27.0},{"not_picked":["Dagger Throw+1","Prepared"],"picked":"Underhanded Strike+1","floor":28.0},{"not_picked":["Blade Dance","Escape Plan"],"picked":"Underhanded Strike+1","floor":29.0},{"not_picked":["Blade Dance","Flying Knee"],"picked":"Deflect","floor":30.0},{"not_picked":["Blade Dance","Escape Plan"],"picked":"Backstab","floor":32.0}],"player_experience":601455,"relics_obtained":[{"floor":7.0,"key":"Bottled Lightning"},{"floor":9.0,"key":"Dream Catcher"},{"floor":14.0,"key":"Art of War"},{"floor":24.0,"key":"Tiny Chest"},{"floor":26.0,"key":"Gambling Chip"},{"floor":29.0,"key":"Kunai"},{"floor":31.0,"key":"Necronomicon"}],"event_choices":[{"damage_healed":0.0,"max_hp_gain":0.0,"max_hp_loss":0.0,"gold_gain":0.0,"event_name":"Shining Light","player_choice":"Entered Light","floor":2.0,"gold_loss":0.0,"damage_taken":20.0,"cards_upgraded":["Strike_G","Strike_G"]},{"damage_healed":0.0,"max_hp_gain":0.0,"max_hp_loss":0.0,"gold_gain":0.0,"event_name":"Scrap Ooze","player_choice":"Fled","floor":10.0,"gold_loss":0.0,"damage_taken":5.0},{"damage_healed":0.0,"max_hp_gain":0.0,"max_hp_loss":0.0,"gold_gain":0.0,"event_name":"Dead Adventurer","player_choice":"Searched \u00271\u0027 times","floor":14.0,"gold_loss":0.0,"damage_taken":0.0},{"damage_healed":0.0,"max_hp_gain":0.0,"max_hp_loss":0.0,"gold_gain":0.0,"event_name":"Cursed Tome","player_choice":"Obtained Book","floor":31.0,"gold_loss":0.0,"damage_taken":21.0}],"is_beta":false,"boss_relics":[{"not_picked":["Cursed Key","Velvet Choker"],"picked":"Sozu"}],"items_purged_floors":[19],"is_endless":false,"potions_floor_spawned":[4,5,7,14,16,21,27],"killed_by":"Champ","ascension_level":18}