{"gold_per_floor":[109,119,130,205,225,258,258,276,301,311,340,356,390,408,408,503,503,523,504,522,522,37,37,37],"floor_reached":24,"playtime":2597,"items_purged":[],"score":255,"play_id":"0ee9a710-8edb-4d74-a7bd-c38c58cd3d98","local_time":"20190711131829","is_ascension_mode":true,"campfire_choices":[{"data":"Terror","floor":7,"key":"SMITH"},{"data":"Noxious Fumes","floor":15,"key":"SMITH"}],"neow_cost":"NONE","seed_source_timestamp":16020075723468,"circlet_count":0,"master_deck":["Strike_G","Strike_G","Strike_G","Strike_G","Strike_G","Defend_G","Defend_G","Defend_G","Defend_G","Defend_G","Survivor","Neutralize","Infinite Blades","Flying Knee","Terror+1","Blur","Dagger Throw","Tactician","Dagger Spray","Leg Sweep","Backflip","After Image","Noxious Fumes+1","Wraith Form v2","Cloak And Dagger+1","Acrobatics","Accuracy+1","Caltrops+1"],"relics":["Ring of the Snake","Bag of Preparation","Meat on the Bone","Dream Catcher","Regal Pillow","Pen Nib","Eternal Feather","Frozen Egg 2","Centennial Puzzle"],"potions_floor_usage":[5,6,11,11,19,24,24,24],"damage_taken":[{"damage":0,"enemies":"2 Louse","floor":1,"turns":3},{"damage":5,"enemies":"Cultist","floor":2,"turns":4},{"damage":0,"enemies":"Small Slimes","floor":3,"turns":3},{"damage":0,"enemies":"Looter","floor":5,"turns":4},{"damage":10,"enemies":"Lagavulin","floor":6,"turns":6},{"damage":2,"enemies":"Gremlin Gang","floor":8,"turns":5},{"damage":3,"enemies":"Large Slime","floor":10,"turns":7},{"damage":21,"enemies":"Gremlin Nob","floor":11,"turns":4},{"damage":3,"enemies":"Looter","floor":12,"turns":3},{"damage":17,"enemies":"3 Sentries","floor":13,"turns":7},{"damage":6,"enemies":"Blue Slaver","floor":14,"turns":4},{"damage":5,"enemies":"Slime Boss","floor":16,"turns":8},{"damage":14,"enemies":"Spheric Guardian","floor":18,"turns":6},{"damage":8,"enemies":"2 Thieves","floor":19,"turns":4},{"damage":34,"enemies":"Snake Plant","floor":20,"turns":5},{"damage":14,"enemies":"Gremlin Leader","floor":24,"turns":4}],"seed_played":"-1919807077158386003","potions_obtained":[{"floor":2,"key":"SteroidPotion"},{"floor":5,"key":"Poison Potion"},{"floor":6,"key":"EssenceOfSteel"},{"floor":10,"key":"Fire Potion"},{"floor":11,"key":"Energy Potion"},{"floor":14,"key":"GhostInAJar"},{"floor":16,"key":"Energy Potion"},{"floor":19,"key":"Weak Potion"},{"floor":20,"key":"Fire Potion"}],"is_trial":false,"path_per_floor":["M","M","M","?","M","E","R","M","T","M","E","M","E","M","R","B",null,"M","M","M","?","$","?","E"],"character_chosen":"THE_SILENT","items_purchased":["Frozen Egg 2","Caltrops+1","Centennial Puzzle"],"campfire_rested":0,"item_purchase_floors":[22,22,22],"current_hp_per_floor":[70,65,65,58,58,48,48,46,46,43,34,43,38,44,44,39,70,56,48,26,26,26,13,0],"gold":37,"neow_bonus":"RANDOM_COMMON_RELIC","is_prod":false,"is_daily":false,"chose_seed":false,"campfire_upgraded":2,"win_rate":0,"timestamp":1562876309,"path_taken":["M","M","M","?","?","E","R","M","T","M","E","M","E","M","R","BOSS","M","M","M","?","$","?","E"],"build_version":"2019-07-05","purchased_purges":0,"victory":false,"max_hp_per_floor":[70,70,70,70,70,70,70,70,70,70,70,70,70,70,70,70,70,70,70,70,70,70,75,75],"card_choices":[{"not_picked":["Poisoned Stab","Predator"],"picked":"Infinite Blades","floor":1},{"not_picked":["Expertise","Prepared"],"picked":"Flying Knee","floor":2},{"not_picked":["Catalyst","Poisoned Stab"],"picked":"Terror","floor":3},{"not_picked":["Expertise","Dodge and Roll"],"picked":"Blur","floor":5},{"not_picked":["Deflect","Endless Agony"],"picked":"Dagger Throw","floor":6},{"not_picked":["Choke","Slice"],"picked":"Tactician","floor":8},{"not_picked":["Terror","Bane"],"picked":"Dagger Spray","floor":10},{"not_picked":["Bane","Crippling Poison"],"picked":"Leg Sweep","floor":11},{"not_picked":["Dagger Throw","Skewer"],"picked":"Backflip","floor":12},{"not_picked":["Dash","Deadly Poison"],"picked":"After Image","floor":13},{"not_picked":["Bane","Heel Hook"],"picked":"Noxious Fumes","floor":14},{"not_picked":["Venomology","Bullet Time"],"picked":"Wraith Form v2","floor":16},{"not_picked":["Deflect+1","Dodge and Roll+1"],"picked":"Cloak And Dagger+1","floor":18},{"not_picked":["PiercingWail","Escape Plan"],"picked":"Acrobatics","floor":19},{"not_picked":["Blade Dance+1","Dagger Throw"],"picked":"Accuracy+1","floor":20}],"player_experience":213830,"relics_obtained":[{"floor":6,"key":"Meat on the Bone"},{"floor":9,"key":"Dream Catcher"},{"floor":11,"key":"Regal Pillow"},{"floor":13,"key":"Pen Nib"}],"event_choices":[{"damage_healed":0,"gold_gain":75,"player_choice":"Touch","damage_taken":7,"max_hp_gain":0,"max_hp_loss":0,"event_name":"FaceTrader","floor":4,"gold_loss":0},{"damage_healed":0,"gold_gain":0,"player_choice":"Ignored","damage_taken":0,"max_hp_gain":0,"max_hp_loss":0,"event_name":"Ghosts","floor":21,"gold_loss":0},{"damage_healed":0,"gold_gain":0,"player_choice":"Shed Blood","damage_taken":18,"max_hp_gain":5,"max_hp_loss":0,"event_name":"Forgotten Altar","floor":23,"gold_loss":0}],"is_beta":false,"boss_relics":[{"not_picked":["Calling Bell","Tiny House"],"picked":"Eternal Feather"}],"items_purged_floors":[],"is_endless":false,"potions_floor_spawned":[2,5,6,10,11,14,16,19,20],"killed_by":"Gremlin Leader","ascension_level":3}