{"gold_per_floor":[113,113,113,125,25,58,58,77,157,170,170,170,197,217,217,290,290,300,47,47,38,54,54,79,79],"floor_reached":25,"playtime":1762,"items_purged":["Strike_G"],"score":474,"play_id":"f39fa05e-34b8-4598-bccd-0ec66234d7f4","local_time":"20190731140215","is_ascension_mode":true,"campfire_choices":[{"data":"Setup","floor":7.0,"key":"SMITH"},{"data":"Acrobatics","floor":11.0,"key":"SMITH"},{"floor":15.0,"key":"REST"},{"floor":23.0,"key":"REST"}],"neow_cost":"NONE","seed_source_timestamp":623841854153033,"circlet_count":0,"master_deck":["AscendersBane","Strike_G","Strike_G","Strike_G","Strike_G+1","Defend_G","Defend_G","Defend_G","Defend_G","Defend_G","Survivor+1","Neutralize","Acrobatics+1","Setup+1","Well Laid Plans","Dagger Spray","Underhanded Strike","Dagger Throw","Prepared","Blur","Dagger Throw","A Thousand Cuts","Blur","Caltrops","Dagger Spray","Neutralize","Cloak And Dagger+1","Outmaneuver","Tactician"],"special_seed":0,"relics":["Ring of the Snake","NeowsBlessing","Bronze Scales","Darkstone Periapt","Paper Crane","Kunai","Lizard Tail","Ornamental Fan"],"potions_floor_usage":[24],"damage_taken":[{"damage":0.0,"enemies":"Cultist","floor":1.0,"turns":1.0},{"damage":0.0,"enemies":"Jaw Worm","floor":4.0,"turns":1.0},{"damage":0.0,"enemies":"3 Sentries","floor":6.0,"turns":1.0},{"damage":0.0,"enemies":"2 Louse","floor":8.0,"turns":2.0},{"damage":3.0,"enemies":"Blue Slaver","floor":10.0,"turns":5.0},{"damage":14.0,"enemies":"Gremlin Nob","floor":13.0,"turns":4.0},{"damage":0.0,"enemies":"Lots of Slimes","floor":14.0,"turns":2.0},{"damage":14.0,"enemies":"Hexaghost","floor":16.0,"turns":13.0},{"damage":27.0,"enemies":"Spheric Guardian","floor":18.0,"turns":7.0},{"damage":9.0,"enemies":"2 Thieves","floor":21.0,"turns":4.0},{"damage":12.0,"enemies":"3 Cultists","floor":22.0,"turns":4.0},{"damage":64,"enemies":"Gremlin Leader","floor":24,"turns":13},{"damage":7,"enemies":"Snake Plant","floor":25,"turns":2}],"seed_played":"-5518071249669208955","potions_obtained":[{"floor":4.0,"key":"SpeedPotion"},{"floor":13.0,"key":"EntropicBrew"},{"floor":21.0,"key":"Fire Potion"}],"is_trial":false,"path_per_floor":["M","?","?","M","$","E","R","M","T","M","R","?","E","M","R","B",null,"M","$","?","M","M","R","E","M"],"character_chosen":"THE_SILENT","items_purchased":["Well Laid Plans","Dagger Spray","Blur","Caltrops","Dagger Spray"],"campfire_rested":2,"item_purchase_floors":[5,5,19,19,19],"current_hp_per_floor":[59,59,39,39,39,39,39,39,39,36,36,18,4,4,23,9,52,25,25,25,16,4,23,1,0],"gold":79,"neow_bonus":"THREE_ENEMY_KILL","is_prod":false,"is_daily":false,"chose_seed":false,"campfire_upgraded":2,"win_rate":0,"timestamp":1564606935,"path_taken":["M","?","?","M","$","E","R","M","T","M","R","?","E","M","R","BOSS","M","$","?","M","M","R","E","M"],"build_version":"2019-07-17","purchased_purges":1,"victory":false,"max_hp_per_floor":[66,66,66,66,66,66,66,66,66,66,66,66,66,66,66,66,66,66,66,66,66,66,66,66,66],"card_choices":[{"not_picked":["All Out Attack","Blade Dance"],"picked":"Acrobatics","floor":1.0},{"not_picked":["Acrobatics","Slice"],"picked":"Setup","floor":4.0},{"not_picked":["Envenom","Sucker Punch"],"picked":"Underhanded Strike","floor":6.0},{"not_picked":["Blade Dance","Expertise"],"picked":"Dagger Throw","floor":8.0},{"not_picked":["Slice","Deflect"],"picked":"Prepared","floor":10.0},{"not_picked":["Prepared","PiercingWail"],"picked":"Blur","floor":13.0},{"not_picked":["Distraction","Crippling Poison"],"picked":"Dagger Throw","floor":14.0},{"not_picked":["Unload","Die Die Die"],"picked":"A Thousand Cuts","floor":16.0},{"not_picked":["Poisoned Stab","Skewer","Deadly Poison"],"picked":"SKIP","floor":18.0},{"not_picked":["Bouncing Flask","Noxious Fumes"],"picked":"Cloak And Dagger+1","floor":21.0},{"not_picked":["Underhanded Strike","Heel Hook+1"],"picked":"Outmaneuver","floor":22.0},{"not_picked":["Slice","Prepared"],"picked":"Tactician","floor":24}],"player_experience":586719,"relics_obtained":[{"floor":6.0,"key":"Bronze Scales"},{"floor":9.0,"key":"Darkstone Periapt"},{"floor":13.0,"key":"Kunai"},{"floor":24,"key":"Ornamental Fan"}],"event_choices":[{"damage_healed":0.0,"max_hp_gain":0.0,"max_hp_loss":0.0,"gold_gain":0.0,"event_name":"Liars Game","player_choice":"Ignored","floor":2.0,"gold_loss":0.0,"damage_taken":0.0},{"damage_healed":0.0,"max_hp_gain":0.0,"max_hp_loss":0.0,"gold_gain":0.0,"event_name":"Shining Light","player_choice":"Entered Light","floor":3.0,"gold_loss":0.0,"damage_taken":20.0,"cards_upgraded":["Survivor","Strike_G"]},{"damage_healed":0.0,"max_hp_gain":0.0,"max_hp_loss":0.0,"gold_gain":0.0,"event_name":"Scrap Ooze","player_choice":"Success","floor":12.0,"gold_loss":0.0,"damage_taken":18.0,"relics_obtained":["Paper Crane"]},{"damage_healed":0.0,"max_hp_gain":0.0,"max_hp_loss":0.0,"gold_gain":0.0,"event_name":"Match and Keep!","player_choice":"1 cards matched","floor":20.0,"gold_loss":0.0,"damage_taken":0.0,"cards_obtained":["Neutralize"]}],"is_beta":false,"boss_relics":[{"not_picked":["Philosopher\u0027s Stone","Snecko Eye"],"picked":"Lizard Tail"}],"items_purged_floors":[19],"is_endless":false,"potions_floor_spawned":[4,13,14,21],"killed_by":"Snake Plant","ascension_level":17}