{"gold_per_floor":[10,10,22,34,50,50,83,83,108,108,142,142],"floor_reached":12,"playtime":583,"items_purged":[],"score":132,"play_id":"49627329-27ae-43f1-96d3-278eef3543e3","local_time":"20190724113419","is_ascension_mode":true,"campfire_choices":[{"data":"Bouncing Flask","floor":6,"key":"SMITH"},{"floor":10,"key":"REST"}],"neow_cost":"NO_GOLD","seed_source_timestamp":11416258252013,"circlet_count":0,"master_deck":["AscendersBane","Strike_G","Strike_G","Strike_G","Strike_G","Strike_G","Defend_G+1","Defend_G+1","Defend_G","Defend_G","Defend_G","Survivor","Neutralize","Outmaneuver+1","Blur","Deadly Poison","Bouncing Flask+1","PiercingWail","Backflip"],"relics":["Ring of the Snake","Ice Cream","Bag of Marbles","Golden Idol","Vajra","War Paint"],"potions_floor_usage":[11],"damage_taken":[{"damage":1,"enemies":"Jaw Worm","floor":1,"turns":5},{"damage":7,"enemies":"Small Slimes","floor":3,"turns":4},{"damage":0,"enemies":"2 Louse","floor":4,"turns":4},{"damage":3,"enemies":"2 Fungi Beasts","floor":5,"turns":5},{"damage":49,"enemies":"3 Sentries","floor":7,"turns":11},{"damage":20,"enemies":"Lagavulin","floor":11,"turns":4},{"damage":2,"enemies":"Blue Slaver","floor":12,"turns":2}],"seed_played":"-2090950343369600100","potions_obtained":[{"floor":4,"key":"Poison Potion"},{"floor":5,"key":"Ancient Potion"},{"floor":7,"key":"FearPotion"}],"is_trial":false,"path_per_floor":["M","?","M","M","M","R","E","?","T","R","E","M"],"character_chosen":"THE_SILENT","items_purchased":[],"campfire_rested":1,"item_purchase_floors":[],"current_hp_per_floor":[62,62,55,55,52,52,3,3,3,22,2,0],"gold":142,"neow_bonus":"ONE_RARE_RELIC","is_prod":false,"is_daily":false,"chose_seed":false,"campfire_upgraded":1,"win_rate":0,"timestamp":1563993259,"path_taken":["M","?","M","M","M","R","E","?","T","R","E","M"],"build_version":"2019-07-17","purchased_purges":0,"victory":false,"max_hp_per_floor":[70,70,70,70,70,70,70,65,65,65,65,65],"card_choices":[{"not_picked":["Deadly Poison","Poisoned Stab"],"picked":"Outmaneuver","floor":1},{"not_picked":["Flying Knee","Heel Hook"],"picked":"Blur","floor":3},{"not_picked":["Bane","Cloak And Dagger"],"picked":"Deadly Poison","floor":4},{"not_picked":["Deadly Poison","Flechettes"],"picked":"Bouncing Flask","floor":5},{"not_picked":["Phantasmal Killer","Prepared"],"picked":"PiercingWail","floor":7},{"not_picked":["Escape Plan","Sucker Punch"],"picked":"Backflip","floor":11}],"player_experience":454664,"relics_obtained":[{"floor":7,"key":"Bag of Marbles"},{"floor":9,"key":"Vajra"},{"floor":11,"key":"War Paint"}],"event_choices":[{"damage_healed":0,"gold_gain":0,"player_choice":"Grow","damage_taken":0,"max_hp_gain":0,"max_hp_loss":0,"event_name":"Living Wall","floor":2,"gold_loss":0,"cards_upgraded":["Outmaneuver"]},{"damage_healed":0,"gold_gain":0,"player_choice":"Lose Max HP","damage_taken":0,"relics_obtained":["Golden Idol"],"max_hp_gain":0,"max_hp_loss":5,"event_name":"Golden Idol","floor":8,"gold_loss":0}],"is_beta":false,"boss_relics":[],"items_purged_floors":[],"is_endless":false,"potions_floor_spawned":[4,5,7],"killed_by":"Blue Slaver","ascension_level":10}