{"gold_per_floor":[115,165,175,19,69,99,117,145,145,155,2,2,30,0,0,0],"floor_reached":16,"playtime":825,"items_purged":["Strike_R"],"score":311,"play_id":"b7a50a49-0795-49e6-9660-0899aa1a10e0","local_time":"20190818200620","is_ascension_mode":true,"campfire_choices":[{"floor":12,"key":"REST"},{"data":"Feed","floor":15,"key":"SMITH"}],"neow_cost":"NONE","seed_source_timestamp":7844650855700,"circlet_count":0,"master_deck":["AscendersBane","Strike_R","Strike_R","Strike_R","Strike_R","Defend_R","Defend_R","Defend_R","Defend_R","Bash","Perfected Strike","Feed+1","Exhume","Battle Trance","Ghostly Armor","Sword Boomerang","Metallicize","Cleave","True Grit","Metallicize","Shrug It Off"],"relics":["Burning Blood","NeowsBlessing","Letter Opener","Dream Catcher","Paper Frog","Mercury Hourglass"],"potions_floor_usage":[13,16],"damage_taken":[{"damage":0,"enemies":"Jaw Worm","floor":1,"turns":1},{"damage":0,"enemies":"Cultist","floor":3,"turns":1},{"damage":0,"enemies":"Lagavulin","floor":6,"turns":2},{"damage":3,"enemies":"2 Louse","floor":7,"turns":5},{"damage":65,"enemies":"3 Sentries","floor":8,"turns":16},{"damage":7,"enemies":"Looter","floor":10,"turns":4},{"damage":17,"enemies":"Lagavulin","floor":13,"turns":10},{"damage":58,"enemies":"Slime Boss","floor":16,"turns":8}],"seed_played":"-6977455485560793978","potions_obtained":[{"floor":10,"key":"Block Potion"},{"floor":13,"key":"PowerPotion"}],"is_trial":false,"path_per_floor":["M","?","M","$","?","E","M","E","T","M","$","R","E","?","R","B"],"character_chosen":"IRONCLAD","items_purchased":["Exhume","Cleave","True Grit"],"campfire_rested":1,"item_purchase_floors":[4,11,11],"current_hp_per_floor":[74,67,73,73,73,78,84,31,31,33,33,60,52,52,52,0],"gold":0,"neow_bonus":"THREE_ENEMY_KILL","is_prod":false,"is_daily":false,"chose_seed":false,"campfire_upgraded":1,"win_rate":0,"timestamp":1566151580,"path_taken":["M","?","?","$","?","E","M","E","T","M","?","R","E","?","R","BOSS"],"build_version":"2019-07-17","purchased_purges":1,"victory":false,"max_hp_per_floor":[75,75,75,75,75,78,84,90,90,93,93,93,96,96,96,96],"card_choices":[{"not_picked":["Cleave","Iron Wave"],"picked":"Perfected Strike","floor":1},{"not_picked":["Flex","Body Slam"],"picked":"Feed","floor":3},{"not_picked":["Exhume","Pommel Strike"],"picked":"Battle Trance","floor":6},{"not_picked":["Anger","Intimidate"],"picked":"Ghostly Armor","floor":7},{"not_picked":["Heavy Blade","Clash"],"picked":"Sword Boomerang","floor":8},{"not_picked":["Body Slam","Searing Blow"],"picked":"Metallicize","floor":10},{"not_picked":["Immolate","Body Slam"],"picked":"Metallicize","floor":12},{"not_picked":["Infernal Blade","Body Slam"],"picked":"Shrug It Off","floor":13}],"player_experience":1514897,"relics_obtained":[{"floor":6,"key":"Letter Opener"},{"floor":8,"key":"Dream Catcher"},{"floor":9,"key":"Paper Frog"},{"floor":13,"key":"Mercury Hourglass"}],"event_choices":[{"damage_healed":0,"gold_gain":50,"player_choice":"Touch","damage_taken":7,"max_hp_gain":0,"max_hp_loss":0,"event_name":"FaceTrader","floor":2,"gold_loss":0},{"damage_healed":0,"gold_gain":50,"player_choice":"Pray","damage_taken":0,"max_hp_gain":0,"max_hp_loss":0,"event_name":"Golden Shrine","floor":5,"gold_loss":0},{"damage_healed":0,"gold_gain":0,"player_choice":"Left Gold","damage_taken":0,"max_hp_gain":0,"max_hp_loss":0,"event_name":"World of Goop","floor":14,"gold_loss":30}],"is_beta":false,"boss_relics":[],"items_purged_floors":[11],"is_endless":false,"potions_floor_spawned":[10,13],"killed_by":"Slime Boss","ascension_level":20}