{"gold_per_floor":[118,24,34,34,52,82,82,12,12,0,0,0,32,45,45,45],"floor_reached":16,"playtime":819,"items_purged":[],"score":162,"play_id":"2f6e78ff-3598-406a-a095-76ee0a1b9f46","local_time":"20190724161248","is_ascension_mode":true,"campfire_choices":[{"data":"Accuracy","floor":7.0,"key":"SMITH"},{"data":"Infinite Blades","floor":11.0,"key":"SMITH"},{"floor":15.0,"key":"REST"}],"neow_cost":"NONE","seed_source_timestamp":27860717540570,"circlet_count":0,"master_deck":["AscendersBane","Strike_G","Strike_G","Strike_G","Strike_G","Strike_G","Defend_G","Defend_G","Defend_G","Defend_G","Defend_G","Survivor","Neutralize+1","Skewer","Footwork","Sucker Punch","Blur","Underhanded Strike+1","Accuracy+1","Infinite Blades+1","Quick Slash","PiercingWail"],"special_seed":0,"relics":["Ring of the Snake","NeowsBlessing","Gambling Chip","Nunchaku","Calipers","Omamori"],"potions_floor_usage":[],"damage_taken":[{"damage":0.0,"enemies":"Small Slimes","floor":1.0,"turns":1.0},{"damage":0.0,"enemies":"2 Louse","floor":3.0,"turns":1.0},{"damage":0.0,"enemies":"Jaw Worm","floor":5.0,"turns":1.0},{"damage":14.0,"enemies":"Lagavulin","floor":6.0,"turns":8.0},{"damage":15.0,"enemies":"Gremlin Nob","floor":13.0,"turns":5.0},{"damage":7.0,"enemies":"Gremlin Gang","floor":14.0,"turns":6.0},{"damage":22,"enemies":"Hexaghost","floor":16,"turns":11}],"seed_played":"-5170909155991442364","potions_obtained":[{"floor":1.0,"key":"Explosive Potion"},{"floor":3.0,"key":"AttackPotion"},{"floor":6.0,"key":"SneckoOil"},{"floor":14.0,"key":"SmokeBomb"}],"is_trial":false,"path_per_floor":["M","$","M","?","M","E","R","$","T","?","R","?","E","M","R","B"],"character_chosen":"THE_SILENT","items_purchased":["Footwork","Sucker Punch","Infinite Blades"],"campfire_rested":1,"item_purchase_floors":[2,2,8],"current_hp_per_floor":[63,63,63,51,51,37,37,37,37,37,37,23,8,1,22,0],"gold":45,"neow_bonus":"THREE_ENEMY_KILL","is_prod":false,"is_daily":false,"chose_seed":false,"campfire_upgraded":2,"win_rate":0,"timestamp":1564009968,"path_taken":["M","$","M","?","M","E","R","$","T","?","R","?","E","M","R","BOSS"],"build_version":"2019-07-17","purchased_purges":0,"victory":false,"max_hp_per_floor":[70,70,70,70,70,70,70,70,70,70,70,70,70,70,70,70],"card_choices":[{"not_picked":["Bane","Cloak And Dagger"],"picked":"Skewer","floor":1.0},{"not_picked":["Flying Knee","Setup"],"picked":"Blur","floor":3.0},{"not_picked":["Poisoned Stab","Setup"],"picked":"Underhanded Strike","floor":5.0},{"not_picked":["Blade Dance","Slice"],"picked":"Accuracy","floor":6.0},{"not_picked":["Deadly Poison","Dagger Spray"],"picked":"Quick Slash","floor":13.0},{"not_picked":["Backflip","Doppelganger"],"picked":"PiercingWail","floor":14.0}],"player_experience":468894,"relics_obtained":[{"floor":6.0,"key":"Nunchaku"},{"floor":9.0,"key":"Calipers"},{"floor":13.0,"key":"Omamori"}],"event_choices":[{"damage_healed":0.0,"max_hp_gain":0.0,"max_hp_loss":0.0,"gold_gain":0.0,"event_name":"Scrap Ooze","player_choice":"Success","floor":4.0,"gold_loss":0.0,"damage_taken":12.0,"relics_obtained":["Gambling Chip"]},{"damage_healed":0.0,"max_hp_gain":0.0,"max_hp_loss":0.0,"gold_gain":0.0,"event_name":"World of Goop","player_choice":"Left Gold","floor":10.0,"gold_loss":12.0,"damage_taken":0.0},{"damage_healed":0.0,"max_hp_gain":0.0,"max_hp_loss":0.0,"gold_gain":0.0,"event_name":"Shining Light","player_choice":"Entered Light","floor":12.0,"gold_loss":0.0,"damage_taken":14.0,"cards_upgraded":["Underhanded Strike","Neutralize"]}],"is_beta":false,"boss_relics":[],"items_purged_floors":[],"is_endless":false,"potions_floor_spawned":[1,3,6,14],"killed_by":"Hexaghost","ascension_level":10}