{"gold_per_floor":[119,136,0,75,87,121,134,146,146,173,188,203,203,237,237,335,335,349,360,377,292,15,15,49,49,123,73,103,103,130,143,143,248,248,268,193,193,21,121,148,148,182,236,236,248,248,260,274,274,274],"floor_reached":50,"playtime":5349,"items_purged":[],"score":1012,"play_id":"d07efb41-dced-4219-bd9f-6026c979e0e2","local_time":"20190717094346","is_ascension_mode":true,"campfire_choices":[{"floor":13,"key":"REST"},{"data":"Outmaneuver","floor":15,"key":"SMITH"},{"data":"Wraith Form v2","floor":23,"key":"SMITH"},{"data":"Catalyst","floor":25,"key":"SMITH"},{"data":"A Thousand Cuts","floor":29,"key":"SMITH"},{"data":"Adrenaline","floor":32,"key":"SMITH"},{"data":"Apotheosis","floor":41,"key":"SMITH"},{"data":"Adrenaline","floor":44,"key":"SMITH"},{"data":"Footwork","floor":46,"key":"SMITH"},{"floor":49,"key":"REST"}],"neow_cost":"NONE","seed_source_timestamp":412606832768214,"circlet_count":0,"master_deck":["Survivor+1","Neutralize","Poisoned Stab","Dagger Throw","Corpse Explosion","Flying Knee","Flying Knee","Reflex","Dash","Deadly Poison","Outmaneuver+1","Bane","Wraith Form v2+1","Bouncing Flask","Adrenaline+1","Catalyst+1","Caltrops","Die Die Die","All Out Attack","Crippling Poison","Phantasmal Killer","Distraction","PiercingWail","Backflip","Acrobatics","Well Laid Plans","Catalyst+1","A Thousand Cuts+1","Skewer+1","Outmaneuver+1","Adrenaline","Dagger Spray+1","Phantasmal Killer+1","Eviscerate+1","Setup","Noxious Fumes","Finesse","Apotheosis+1","Transmutation","PanicButton","Catalyst","Footwork+1","A Thousand Cuts","Adrenaline+1","Distraction+1","Backflip+1","PiercingWail+1"],"relics":["Ring of the Snake","Snake Skull","Pocketwatch","Gremlin Horn","Pandora\u0027s Box","War Paint","Bag of Preparation","Ornamental Fan","Bottled Tornado","PreservedInsect","Girya","Astrolabe","Calipers","Regal Pillow","Boot","Vajra"],"potions_floor_usage":[10,10,14,14,28,30,33,42,50,50],"damage_taken":[{"damage":0,"enemies":"2 Louse","floor":1,"turns":4},{"damage":4,"enemies":"Small Slimes","floor":2,"turns":4},{"damage":0,"enemies":"Cultist","floor":5,"turns":3},{"damage":38,"enemies":"Lagavulin","floor":6,"turns":6},{"damage":5,"enemies":"2 Fungi Beasts","floor":7,"turns":3},{"damage":0,"enemies":"3 Louse","floor":8,"turns":2},{"damage":3,"enemies":"3 Sentries","floor":10,"turns":6},{"damage":0,"enemies":"Exordium Wildlife","floor":11,"turns":2},{"damage":1,"enemies":"Red Slaver","floor":12,"turns":3},{"damage":10,"enemies":"Gremlin Nob","floor":14,"turns":3},{"damage":19,"enemies":"Hexaghost","floor":16,"turns":8},{"damage":7,"enemies":"Shell Parasite","floor":18,"turns":3},{"damage":22,"enemies":"3 Byrds","floor":19,"turns":3},{"damage":2,"enemies":"3 Cultists","floor":20,"turns":3},{"damage":0,"enemies":"Gremlin Leader","floor":24,"turns":5},{"damage":2,"enemies":"Book of Stabbing","floor":28,"turns":3},{"damage":0,"enemies":"Gremlin Leader","floor":30,"turns":3},{"damage":3,"enemies":"Snake Plant","floor":31,"turns":3},{"damage":0,"enemies":"Champ","floor":33,"turns":5},{"damage":0,"enemies":"3 Shapes","floor":35,"turns":3},{"damage":0,"enemies":"Mind Bloom Boss Battle","floor":39,"turns":5},{"damage":6,"enemies":"Giant Head","floor":40,"turns":4},{"damage":25,"enemies":"Nemesis","floor":42,"turns":3},{"damage":4,"enemies":"3 Darklings","floor":45,"turns":2},{"damage":0,"enemies":"Transient","floor":47,"turns":5},{"damage":0,"enemies":"Spire Growth","floor":48,"turns":3},{"damage":58,"enemies":"Awakened One","floor":50,"turns":10}],"seed_played":"-2374947259421227448","potions_obtained":[{"floor":1,"key":"SkillPotion"},{"floor":7,"key":"Dexterity Potion"},{"floor":8,"key":"LiquidBronze"},{"floor":12,"key":"PowerPotion"},{"floor":16,"key":"Block Potion"},{"floor":28,"key":"SkillPotion"},{"floor":30,"key":"AttackPotion"},{"floor":31,"key":"Poison Potion"},{"floor":33,"key":"GamblersBrew"},{"floor":35,"key":"SpeedPotion"},{"floor":42,"key":"Fire Potion"},{"floor":45,"key":"Block Potion"}],"is_trial":false,"path_per_floor":["M","M","$","?","M","E","M","M","T","E","M","M","R","E","R","B",null,"M","M","M","?","$","R","E","R","T","?","E","R","E","M","R","B",null,"M","$","?","$","?","E","R","E","T","R","M","R","M","M","R","B"],"character_chosen":"THE_SILENT","items_purchased":["Corpse Explosion","Acrobatics","Bag of Preparation","Well Laid Plans","Noxious Fumes","PanicButton","Catalyst"],"campfire_rested":2,"item_purchase_floors":[3,22,22,22,36,38,38],"current_hp_per_floor":[70,66,66,55,55,17,12,12,12,9,9,8,31,21,21,2,58,51,29,27,27,27,27,27,27,27,27,25,25,25,22,22,22,63,63,63,53,53,53,47,47,22,22,22,18,18,18,18,56,0],"gold":274,"neow_bonus":"TEN_PERCENT_HP_BONUS","is_prod":false,"is_daily":false,"chose_seed":false,"campfire_upgraded":8,"win_rate":0,"timestamp":1563381826,"path_taken":["M","M","$","?","M","E","M","M","T","E","M","M","R","E","R","BOSS","M","M","M","?","$","R","E","R","T","?","E","R","E","?","R","BOSS","M","$","?","$","?","E","R","E","T","R","M","R","M","M","R","BOSS"],"build_version":"2019-07-05","purchased_purges":0,"victory":false,"max_hp_per_floor":[77,77,77,77,77,77,77,77,77,77,77,77,77,77,77,77,77,77,77,77,77,77,77,77,77,77,77,77,77,77,77,77,77,77,77,77,77,77,77,77,77,77,77,77,77,77,77,77,77,77],"card_choices":[{"not_picked":["Blur","Escape Plan"],"picked":"Poisoned Stab","floor":1},{"not_picked":["Sucker Punch","Blur"],"picked":"Dagger Throw","floor":2},{"not_picked":["Quick Slash","Prepared"],"picked":"Flying Knee","floor":5},{"not_picked":["Blade Dance","Venomology"],"picked":"Flying Knee","floor":6},{"not_picked":["Quick Slash","Finisher"],"picked":"Dagger Throw","floor":7},{"not_picked":["Dagger Throw","Bane"],"picked":"Reflex","floor":8},{"not_picked":["Quick Slash","Deflect"],"picked":"Dash","floor":10},{"not_picked":["Blade Dance","Dagger Spray"],"picked":"Deadly Poison","floor":11},{"not_picked":["Prepared","Underhanded Strike"],"picked":"Outmaneuver","floor":12},{"not_picked":["Flechettes","All Out Attack"],"picked":"Bane","floor":14},{"not_picked":["Die Die Die","Corpse Explosion"],"picked":"Wraith Form v2","floor":16},{"not_picked":["Accuracy","Cloak And Dagger"],"picked":"Distraction","floor":18},{"not_picked":["Quick Slash","Deflect"],"picked":"PiercingWail","floor":19},{"not_picked":["Endless Agony","Quick Slash"],"picked":"Backflip","floor":20},{"not_picked":["Dash+1","Cloak And Dagger+1"],"picked":"Catalyst","floor":24},{"not_picked":["Quick Slash","Dagger Spray+1"],"picked":"A Thousand Cuts","floor":28},{"not_picked":["Escape Plan+1","Flying Knee"],"picked":"Skewer+1","floor":30},{"not_picked":["Bane","Backflip"],"picked":"Outmaneuver+1","floor":31},{"not_picked":["Night Terror","Glass Knife"],"picked":"Adrenaline","floor":33},{"not_picked":["Riddle With Holes+1","Poisoned Stab+1"],"picked":"Setup","floor":35},{"not_picked":["Thinking Ahead","Mind Blast"],"picked":"Finesse","floor":37},{"not_picked":["Discovery","Dramatic Entrance"],"picked":"Apotheosis","floor":37},{"not_picked":["Deep Breath","Enlightenment"],"picked":"Transmutation","floor":37},{"not_picked":["Backflip+1","Dodge and Roll"],"picked":"Footwork","floor":39},{"not_picked":["Masterful Stab+1","Dagger Throw+1"],"picked":"A Thousand Cuts","floor":40},{"not_picked":["Well Laid Plans","Dagger Spray"],"picked":"Adrenaline","floor":42},{"not_picked":["Backstab+1","Underhanded Strike"],"picked":"Distraction+1","floor":45},{"not_picked":["Dash","Caltrops"],"picked":"Backflip+1","floor":47},{"not_picked":["Skewer+1","Deflect"],"picked":"PiercingWail+1","floor":48}],"player_experience":320242,"relics_obtained":[{"floor":6,"key":"Snake Skull"},{"floor":10,"key":"Pocketwatch"},{"floor":14,"key":"Gremlin Horn"},{"floor":24,"key":"Ornamental Fan"},{"floor":26,"key":"Bottled Tornado"},{"floor":28,"key":"PreservedInsect"},{"floor":30,"key":"Girya"},{"floor":39,"key":"Calipers"},{"floor":40,"key":"Regal Pillow"},{"floor":42,"key":"Boot"},{"floor":43,"key":"Vajra"}],"event_choices":[{"damage_healed":0,"gold_gain":75,"player_choice":"Gather Gold","damage_taken":11,"max_hp_gain":0,"max_hp_loss":0,"event_name":"World of Goop","floor":4,"gold_loss":0},{"damage_healed":0,"gold_gain":0,"player_choice":"Obtained Relic","damage_taken":0,"relics_obtained":["War Paint"],"max_hp_gain":0,"max_hp_loss":0,"event_name":"Addict","floor":21,"gold_loss":85},{"damage_healed":0,"gold_gain":0,"player_choice":"Bet on Murderer","damage_taken":0,"max_hp_gain":0,"max_hp_loss":0,"event_name":"The Joust","floor":27,"gold_loss":50},{"damage_healed":0,"gold_gain":0,"player_choice":"Memory 3","damage_taken":10,"max_hp_gain":0,"max_hp_loss":0,"event_name":"SensoryStone","floor":37,"gold_loss":0},{"damage_healed":0,"gold_gain":0,"player_choice":"Fight","damage_taken":0,"max_hp_gain":0,"max_hp_loss":0,"event_name":"MindBloom","floor":39,"gold_loss":0}],"is_beta":false,"boss_relics":[{"not_picked":["Calling Bell","Runic Dome"],"picked":"Pandora\u0027s Box"},{"not_picked":["Fusion Hammer","Tiny House"],"picked":"Astrolabe"}],"items_purged_floors":[],"is_endless":false,"potions_floor_spawned":[1,7,8,12,16,28,30,31,33,35,42,45],"killed_by":"Awakened One","ascension_level":8}