{"gold_per_floor":[117,130,130,150,164,164,23,23,23,23,38,73,0,16,16,88,88,103,28,44,64,76,76,111,111,111,22,22,22,37,37],"floor_reached":31,"playtime":2313,"items_purged":[],"score":514,"play_id":"33494f77-36ac-4b83-9c9a-de698be488b0","local_time":"20190806122213","is_ascension_mode":true,"campfire_choices":[{"data":"Reflex","floor":6.0,"key":"SMITH"},{"data":"Footwork","floor":8.0,"key":"SMITH"},{"floor":15.0,"key":"REST"},{"floor":23.0,"key":"REST"},{"floor":25.0,"key":"REST"},{"data":"Terror","floor":29.0,"key":"SMITH"}],"neow_cost":"NONE","seed_source_timestamp":1135293978388567,"circlet_count":0,"master_deck":["AscendersBane","Defend_G","Defend_G","Defend_G","Defend_G","Defend_G","Survivor","Neutralize+1","Dagger Throw","Backflip","Dagger Throw","Reflex+1","Acrobatics","Footwork+1","PiercingWail","Flying Knee","Leg Sweep","Underhanded Strike","Dodge and Roll","Corpse Explosion","Eviscerate","Acrobatics","Night Terror","Sucker Punch","Dagger Spray+1","Noxious Fumes","Concentrate","Terror+1","Footwork+1","Distraction"],"special_seed":0,"relics":["Ring of the Snake","Mercury Hourglass","Pear","Lantern","Empty Cage","Vajra","Whetstone"],"potions_floor_usage":[],"damage_taken":[{"damage":11.0,"enemies":"Small Slimes","floor":1.0,"turns":4.0},{"damage":1.0,"enemies":"Cultist","floor":2.0,"turns":4.0},{"damage":1.0,"enemies":"2 Louse","floor":4.0,"turns":4.0},{"damage":18.0,"enemies":"Lots of Slimes","floor":5.0,"turns":6.0},{"damage":1.0,"enemies":"Blue Slaver","floor":11.0,"turns":5.0},{"damage":29.0,"enemies":"Gremlin Nob","floor":12.0,"turns":5.0},{"damage":0.0,"enemies":"Looter","floor":14.0,"turns":3.0},{"damage":18.0,"enemies":"The Guardian","floor":16.0,"turns":17.0},{"damage":0.0,"enemies":"3 Byrds","floor":18.0,"turns":3.0},{"damage":9.0,"enemies":"Shell Parasite","floor":20.0,"turns":12.0},{"damage":2.0,"enemies":"Snake Plant","floor":21.0,"turns":8.0},{"damage":26.0,"enemies":"Snecko","floor":22.0,"turns":6.0},{"damage":40.0,"enemies":"Slavers","floor":24.0,"turns":4.0},{"damage":9.0,"enemies":"Centurion and Healer","floor":30.0,"turns":7.0},{"damage":18,"enemies":"Cultist and Chosen","floor":31,"turns":4}],"seed_played":"880614440857189916","potions_obtained":[{"floor":4.0,"key":"Weak Potion"},{"floor":12.0,"key":"Block Potion"},{"floor":14.0,"key":"Fire Potion"},{"floor":18.0,"key":"Fire Potion"},{"floor":24.0,"key":"Ancient Potion"}],"is_trial":false,"path_per_floor":["M","M","?","M","M","R","$","R","T","?","M","E","?","M","R","B",null,"M","?","M","M","M","R","E","R","T","$","?","R","M","M"],"character_chosen":"THE_SILENT","items_purchased":["Footwork","PiercingWail","Flying Knee","Terror"],"campfire_rested":3,"item_purchase_floors":[7,7,7,27],"current_hp_per_floor":[48,47,47,46,28,28,28,28,28,38,37,8,8,8,30,12,60,60,60,51,49,23,45,5,27,27,27,27,27,18,0],"gold":37,"neow_bonus":"THREE_CARDS","is_prod":false,"is_daily":false,"chose_seed":false,"campfire_upgraded":3,"win_rate":0,"timestamp":1565119333,"path_taken":["M","M","?","M","?","R","$","R","T","?","?","E","?","M","R","BOSS","M","?","M","?","M","R","E","R","T","$","?","R","?","M"],"build_version":"2019-07-17","purchased_purges":0,"victory":false,"max_hp_per_floor":[66,66,66,66,66,66,66,66,66,76,76,76,76,76,76,76,76,76,76,76,76,76,76,76,76,76,76,76,76,76,76],"card_choices":[{"not_picked":["Deadly Poison","Backflip"],"picked":"Dagger Throw","floor":0.0},{"not_picked":["Poisoned Stab","Flechettes"],"picked":"Backflip","floor":1.0},{"not_picked":["Catalyst","Finisher"],"picked":"Dagger Throw","floor":2.0},{"not_picked":["Backstab","Acrobatics"],"picked":"Reflex","floor":4.0},{"not_picked":["Deadly Poison","Backflip"],"picked":"Acrobatics","floor":5.0},{"not_picked":["Grand Finale","PiercingWail"],"picked":"Leg Sweep","floor":11.0},{"not_picked":["Endless Agony","Catalyst"],"picked":"Underhanded Strike","floor":12.0},{"not_picked":["Sucker Punch","Blade Dance"],"picked":"Dodge and Roll","floor":14.0},{"not_picked":["After Image","Die Die Die"],"picked":"Corpse Explosion","floor":16.0},{"not_picked":["Sucker Punch","Slice"],"picked":"Eviscerate","floor":18.0},{"not_picked":["Bane","Crippling Poison"],"picked":"Sucker Punch","floor":20.0},{"not_picked":["Acrobatics","Flechettes"],"picked":"Dagger Spray","floor":21.0},{"not_picked":["Poisoned Stab","Quick Slash"],"picked":"Noxious Fumes","floor":22.0},{"not_picked":["Choke+1","Backflip"],"picked":"Concentrate","floor":24.0},{"not_picked":["Quick Slash","Accuracy"],"picked":"Distraction","floor":30.0}],"player_experience":667586,"relics_obtained":[{"floor":9.0,"key":"Mercury Hourglass"},{"floor":12.0,"key":"Lantern"},{"floor":24.0,"key":"Vajra"},{"floor":26.0,"key":"Whetstone"}],"event_choices":[{"cards_removed":["Strike_G"],"damage_healed":0.0,"max_hp_gain":0.0,"max_hp_loss":0.0,"gold_gain":0.0,"event_name":"Purifier","player_choice":"Purged","floor":3.0,"gold_loss":0.0,"damage_taken":0.0},{"damage_healed":0.0,"max_hp_gain":0.0,"max_hp_loss":0.0,"gold_gain":0.0,"event_name":"WeMeetAgain","player_choice":"Gave Potion","floor":10.0,"gold_loss":0.0,"damage_taken":0.0,"relics_obtained":["Pear"]},{"damage_healed":0.0,"max_hp_gain":0.0,"max_hp_loss":0.0,"gold_gain":0.0,"event_name":"World of Goop","player_choice":"Left Gold","floor":13.0,"gold_loss":73.0,"damage_taken":0.0},{"damage_healed":0.0,"max_hp_gain":0.0,"max_hp_loss":0.0,"gold_gain":0.0,"cards_transformed":["Strike_G","Strike_G"],"event_name":"Designer","player_choice":"Transformed Cards","floor":19.0,"gold_loss":75.0,"damage_taken":0.0,"cards_obtained":["Acrobatics","Night Terror"]},{"damage_healed":0.0,"max_hp_gain":0.0,"max_hp_loss":0.0,"gold_gain":0.0,"event_name":"Duplicator","player_choice":"Copied","floor":28.0,"gold_loss":0.0,"damage_taken":0.0,"cards_obtained":["Footwork"]}],"is_beta":false,"boss_relics":[{"not_picked":["Coffee Dripper","Runic Dome"],"picked":"Empty Cage"}],"items_purged_floors":[],"is_endless":false,"potions_floor_spawned":[4,12,14,18,24],"killed_by":"Cultist and Chosen","ascension_level":20}