{"gold_per_floor":[118,129,129,28,53,86,86,121,121,121],"floor_reached":10,"playtime":568,"items_purged":[],"score":99,"play_id":"8acc5e13-8481-4d07-8699-f782d570b41f","local_time":"20190715154022","is_ascension_mode":true,"campfire_choices":[{"floor":7,"key":"REST"}],"neow_cost":"NONE","seed_source_timestamp":265990308478537,"circlet_count":0,"master_deck":["Strike_G","Strike_G","Strike_G","Strike_G","Strike_G","Defend_G","Defend_G","Defend_G","Defend_G","Defend_G","Survivor","Neutralize","Glass Knife","Leg Sweep","Flying Knee","Flying Knee","Noxious Fumes","Acrobatics","Dagger Throw","Leg Sweep+1"],"relics":["Ring of the Snake","Golden Idol","Mummified Hand","Toxic Egg 2","Bottled Tornado"],"potions_floor_usage":[],"damage_taken":[{"damage":2,"enemies":"Cultist","floor":1,"turns":4},{"damage":0,"enemies":"Small Slimes","floor":2,"turns":2},{"damage":1,"enemies":"2 Louse","floor":5,"turns":3},{"damage":35,"enemies":"3 Sentries","floor":6,"turns":7},{"damage":15,"enemies":"Gremlin Nob","floor":8,"turns":5}],"seed_played":"1124251588361875908","potions_obtained":[{"floor":1,"key":"Weak Potion"},{"floor":2,"key":"SteroidPotion"}],"is_trial":false,"path_per_floor":["M","M","?","$","M","E","R","E","T","?"],"character_chosen":"THE_SILENT","items_purchased":["Flying Knee","Noxious Fumes"],"campfire_rested":1,"item_purchase_floors":[4,4],"current_hp_per_floor":[61,61,44,44,43,8,29,14,14,0],"gold":121,"neow_bonus":"ONE_RANDOM_RARE_CARD","is_prod":false,"is_daily":false,"chose_seed":false,"campfire_upgraded":0,"win_rate":0,"timestamp":1563230422,"path_taken":["M","M","?","$","M","E","R","E","T","?"],"build_version":"2019-07-05","purchased_purges":0,"victory":false,"max_hp_per_floor":[70,70,70,70,70,70,70,70,70,70],"card_choices":[{"not_picked":["Calculated Gamble","Riddle With Holes"],"picked":"Leg Sweep","floor":1},{"not_picked":["Deflect","Outmaneuver"],"picked":"Flying Knee","floor":2},{"not_picked":["Backflip","Flechettes"],"picked":"Acrobatics","floor":5},{"not_picked":["Dodge and Roll","PiercingWail"],"picked":"Dagger Throw","floor":6},{"not_picked":["Bane","Poisoned Stab"],"picked":"Leg Sweep","floor":8}],"player_experience":286083,"relics_obtained":[{"floor":6,"key":"Mummified Hand"},{"floor":8,"key":"Toxic Egg 2"},{"floor":9,"key":"Bottled Tornado"}],"event_choices":[{"damage_healed":0,"gold_gain":0,"player_choice":"Take Damage","damage_taken":17,"relics_obtained":["Golden Idol"],"max_hp_gain":0,"max_hp_loss":0,"event_name":"Golden Idol","floor":3,"gold_loss":0}],"is_beta":false,"boss_relics":[],"items_purged_floors":[],"is_endless":false,"potions_floor_spawned":[1,2],"ascension_level":6}