{"gold_per_floor":[110,125,39,51,51,68,68,87,87,118,133,150,150,167,167,244,244,261,261,161,173,21,36,36],"floor_reached":24,"playtime":1019,"items_purged":["Strike_G","Strike_G"],"score":404,"play_id":"c60a31be-5579-4fdd-a331-8b8dc7071870","local_time":"20190806094052","is_ascension_mode":true,"campfire_choices":[{"data":"Distraction","floor":7,"key":"SMITH"},{"data":"Envenom","floor":13,"key":"SMITH"},{"data":"Noxious Fumes","floor":15,"key":"SMITH"}],"neow_cost":"NONE","seed_source_timestamp":1127368234730863,"circlet_count":0,"master_deck":["AscendersBane","Strike_G","Strike_G","Strike_G","Defend_G","Defend_G","Defend_G","Defend_G","Defend_G","Survivor","Neutralize","Noxious Fumes+1","Dagger Spray","Catalyst","Distraction+1","Dagger Spray","Envenom+1","Well Laid Plans","Footwork","Burst","Bane","Caltrops","Deflect","Distraction"],"relics":["Ring of the Snake","NeowsBlessing","Peace Pipe","Bottled Tornado","Black Star"],"potions_floor_usage":[10,23,24],"damage_taken":[{"damage":0,"enemies":"Cultist","floor":1,"turns":1},{"damage":0,"enemies":"Jaw Worm","floor":2,"turns":1},{"damage":0,"enemies":"Small Slimes","floor":4,"turns":1},{"damage":2,"enemies":"2 Fungi Beasts","floor":6,"turns":4},{"damage":11,"enemies":"3 Louse","floor":8,"turns":4},{"damage":2,"enemies":"3 Sentries","floor":10,"turns":3},{"damage":9,"enemies":"Red Slaver","floor":11,"turns":7},{"damage":0,"enemies":"Looter","floor":12,"turns":4},{"damage":6,"enemies":"2 Fungi Beasts","floor":14,"turns":5},{"damage":13,"enemies":"Hexaghost","floor":16,"turns":9},{"damage":0,"enemies":"3 Byrds","floor":18,"turns":4},{"damage":24,"enemies":"Shell Parasite","floor":21,"turns":4},{"damage":22,"enemies":"Snake Plant","floor":23,"turns":5},{"damage":30,"enemies":"Slavers","floor":24,"turns":1}],"seed_played":"-793983909316045768","potions_obtained":[{"floor":1,"key":"Strength Potion"},{"floor":10,"key":"EssenceOfSteel"},{"floor":11,"key":"Block Potion"},{"floor":12,"key":"Regen Potion"},{"floor":16,"key":"AttackPotion"}],"is_trial":false,"path_per_floor":["M","M","$","M","$","M","R","M","T","E","M","M","R","M","R","B",null,"M","?","$","M","$","M","E"],"character_chosen":"THE_SILENT","items_purchased":["Catalyst","Bane","Deflect"],"campfire_rested":0,"item_purchase_floors":[3,20,22],"current_hp_per_floor":[59,59,59,59,59,57,57,46,46,44,35,35,35,29,29,16,54,54,54,54,30,30,22,0],"gold":36,"neow_bonus":"THREE_ENEMY_KILL","is_prod":false,"is_daily":false,"chose_seed":false,"campfire_upgraded":3,"win_rate":0,"timestamp":1565109652,"path_taken":["M","?","$","M","$","M","R","M","T","E","M","M","R","M","R","BOSS","M","?","$","M","$","M","E"],"build_version":"2019-07-17","purchased_purges":2,"victory":false,"max_hp_per_floor":[66,66,66,66,66,66,66,66,66,66,66,66,66,66,66,66,66,66,66,66,66,66,66,66],"card_choices":[{"not_picked":["Dodge and Roll","Reflex"],"picked":"Noxious Fumes","floor":1},{"not_picked":["Prepared","Escape Plan"],"picked":"Dagger Spray","floor":2},{"not_picked":["Endless Agony","Prepared","Acrobatics"],"picked":"SKIP","floor":4},{"not_picked":["Blade Dance","Cloak And Dagger"],"picked":"Distraction","floor":6},{"not_picked":["Blade Dance","Dagger Throw"],"picked":"Dagger Spray","floor":8},{"not_picked":["Tactician","Acrobatics"],"picked":"Envenom","floor":10},{"not_picked":["Acrobatics","Prepared","Flying Knee"],"picked":"SKIP","floor":11},{"not_picked":["Quick Slash","Flying Knee"],"picked":"Well Laid Plans","floor":12},{"not_picked":["Expertise","Dodge and Roll"],"picked":"Footwork","floor":14},{"not_picked":["Die Die Die","Storm of Steel"],"picked":"Burst","floor":16},{"not_picked":["Quick Slash+1","Dagger Spray","Skewer"],"picked":"SKIP","floor":18},{"not_picked":["Quick Slash","Poisoned Stab"],"picked":"Caltrops","floor":21},{"not_picked":["Cloak And Dagger","Tactician"],"picked":"Distraction","floor":23}],"player_experience":661796,"relics_obtained":[{"floor":9,"key":"Peace Pipe"},{"floor":10,"key":"Bottled Tornado"}],"event_choices":[{"damage_healed":0,"gold_gain":0,"player_choice":"Ignored","damage_taken":0,"max_hp_gain":0,"max_hp_loss":0,"event_name":"Ghosts","floor":19,"gold_loss":0}],"is_beta":false,"boss_relics":[{"not_picked":["Ring of the Serpent","Empty Cage"],"picked":"Black Star"}],"items_purged_floors":[20,22],"is_endless":false,"potions_floor_spawned":[1,10,11,12,16],"killed_by":"Slavers","ascension_level":20}