{"gold_per_floor":[214,224,3,16,16,16,46,64,64,64,82,82,117,130,130,249,249,268,291,314,314],"floor_reached":21,"playtime":2060,"items_purged":[],"score":280,"play_id":"df463b0f-c443-430d-9c77-3a2a17f5de91","local_time":"20190718102743","is_ascension_mode":true,"campfire_choices":[{"data":"Concentrate","floor":6,"key":"SMITH"},{"data":"Acrobatics","floor":12,"key":"SMITH"},{"floor":15,"key":"REST"}],"neow_cost":"NONE","seed_source_timestamp":504937198521882,"circlet_count":0,"master_deck":["Strike_G","Strike_G","Strike_G","Strike_G","Strike_G","Defend_G","Defend_G","Defend_G","Defend_G","Defend_G","Survivor","Neutralize","Leg Sweep","Outmaneuver","PiercingWail","Concentrate+1","Noxious Fumes","Dagger Throw","Acrobatics+1","Flying Knee","Underhanded Strike","Acrobatics","Catalyst","Noxious Fumes","Burst","Dagger Spray","Footwork+1","Poisoned Stab"],"relics":["Ring of the Snake","Anchor","Dodecahedron","Golden Idol","Mango","Runic Pyramid"],"potions_floor_usage":[7,16,19,20,20,20],"damage_taken":[{"damage":1,"enemies":"Small Slimes","floor":1,"turns":4},{"damage":0,"enemies":"2 Louse","floor":2,"turns":3},{"damage":1,"enemies":"Cultist","floor":4,"turns":4},{"damage":17,"enemies":"3 Sentries","floor":7,"turns":8},{"damage":0,"enemies":"Blue Slaver","floor":8,"turns":4},{"damage":2,"enemies":"Looter","floor":11,"turns":4},{"damage":16,"enemies":"Lagavulin","floor":13,"turns":8},{"damage":4,"enemies":"Red Slaver","floor":14,"turns":4},{"damage":29,"enemies":"Hexaghost","floor":16,"turns":9},{"damage":15,"enemies":"Shell Parasite","floor":18,"turns":6},{"damage":23,"enemies":"Chosen","floor":19,"turns":7},{"damage":25,"enemies":"3 Cultists","floor":20,"turns":5},{"damage":4,"enemies":"Snake Plant","floor":21,"turns":1}],"seed_played":"-8870421335381988053","potions_obtained":[{"floor":4,"key":"SkillPotion"},{"floor":7,"key":"Fire Potion"},{"floor":13,"key":"Poison Potion"},{"floor":14,"key":"SpeedPotion"},{"floor":16,"key":"Swift Potion"},{"floor":19,"key":"Swift Potion"}],"is_trial":false,"path_per_floor":["M","M","$","M","$","R","E","M","T","?","M","R","E","M","R","B",null,"M","M","M","M"],"character_chosen":"THE_SILENT","items_purchased":["PiercingWail","Concentrate","Noxious Fumes","Dagger Throw"],"campfire_rested":1,"item_purchase_floors":[3,3,3,3],"current_hp_per_floor":[62,62,62,61,61,61,44,44,44,27,25,25,23,19,44,15,67,52,29,4,0],"gold":314,"neow_bonus":"HUNDRED_GOLD","is_prod":false,"is_daily":false,"chose_seed":false,"campfire_upgraded":2,"win_rate":0,"timestamp":1563470863,"path_taken":["M","M","$","M","$","R","E","M","T","?","M","R","E","M","R","BOSS","M","M","M","M"],"build_version":"2019-07-17","purchased_purges":0,"victory":false,"max_hp_per_floor":[70,70,70,70,70,70,70,70,70,70,70,70,84,84,84,84,84,84,84,84,84],"card_choices":[{"not_picked":["Slice","Masterful Stab"],"picked":"Leg Sweep","floor":1},{"not_picked":["Dodge and Roll","Choke"],"picked":"Outmaneuver","floor":2},{"not_picked":["Dagger Throw","PiercingWail"],"picked":"Acrobatics","floor":4},{"not_picked":["Backstab","Dagger Spray"],"picked":"Flying Knee","floor":7},{"not_picked":["Backflip","PiercingWail"],"picked":"Underhanded Strike","floor":8},{"not_picked":["Endless Agony","Poisoned Stab"],"picked":"Acrobatics","floor":11},{"not_picked":["Malaise","Accuracy"],"picked":"Catalyst","floor":13},{"not_picked":["Dash","Deadly Poison"],"picked":"Noxious Fumes","floor":14},{"not_picked":["Die Die Die","Night Terror"],"picked":"Burst","floor":16},{"not_picked":["Choke","Expertise"],"picked":"Dagger Spray","floor":18},{"not_picked":["Cloak And Dagger","Poisoned Stab+1"],"picked":"Footwork+1","floor":19},{"not_picked":["Infinite Blades","Masterful Stab"],"picked":"Poisoned Stab","floor":20}],"player_experience":348583,"relics_obtained":[{"floor":7,"key":"Anchor"},{"floor":9,"key":"Dodecahedron"},{"floor":13,"key":"Mango"}],"event_choices":[{"damage_healed":0,"gold_gain":0,"player_choice":"Take Damage","damage_taken":17,"relics_obtained":["Golden Idol"],"max_hp_gain":0,"max_hp_loss":0,"event_name":"Golden Idol","floor":10,"gold_loss":0}],"is_beta":false,"boss_relics":[{"not_picked":["Calling Bell","Busted Crown"],"picked":"Runic Pyramid"}],"items_purged_floors":[],"is_endless":false,"potions_floor_spawned":[4,7,13,14,16,19],"killed_by":"Snake Plant","ascension_level":9}