{"gold_per_floor":[112,112,130,10,21,21,54,54,54,80,90,90,100,0,0,98,98,110,110,125,139,33,33],"floor_reached":23,"playtime":1463,"items_purged":["Strike_R","Regret"],"score":241,"play_id":"7256240f-a37c-40b1-87ff-2f35abde5fb8","local_time":"20180902150729","is_ascension_mode":true,"campfire_choices":[{"data":"Disarm","floor":6.0,"key":"SMITH"},{"floor":15,"key":"REST"}],"neow_cost":"TEN_PERCENT_HP_LOSS","seed_source_timestamp":1378576634262867,"circlet_count":0,"master_deck":["Strike_R","Strike_R","Strike_R","Defend_R","Defend_R","Defend_R","Defend_R","Bash","Rampage+1","Havoc","Headbutt","Disarm+1","Iron Wave","Iron Wave","Brutality","Disarm+1","Rampage+1","Shrug It Off+1","Armaments+1"],"special_seed":0,"relics":["Burning Blood","Ginger","Magic Flower","Torii","Toxic Egg 2","Oddly Smooth Stone","Velvet Choker"],"potions_floor_usage":[13,16,21,23,23],"damage_taken":[{"damage":0.0,"enemies":"2 Louse","floor":1.0,"turns":3.0},{"damage":1.0,"enemies":"Cultist","floor":3.0,"turns":3.0},{"damage":12.0,"enemies":"Jaw Worm","floor":5.0,"turns":2.0},{"damage":41.0,"enemies":"Lagavulin","floor":7.0,"turns":6.0},{"damage":21.0,"enemies":"Gremlin Nob","floor":10.0,"turns":5.0},{"damage":9.0,"enemies":"3 Louse","floor":11.0,"turns":4.0},{"damage":15,"enemies":"Exordium Thugs","floor":13,"turns":6},{"damage":4,"enemies":"The Guardian","floor":16,"turns":9},{"damage":8,"enemies":"Chosen","floor":18,"turns":5},{"damage":26,"enemies":"Spheric Guardian","floor":20,"turns":6},{"damage":24,"enemies":"Snecko","floor":21,"turns":7},{"damage":32,"enemies":"Slavers","floor":23,"turns":4}],"seed_played":"-1762735167922331731","potions_obtained":[{"floor":1.0,"key":"Dexterity Potion"},{"floor":7.0,"key":"Poison Potion"},{"floor":10.0,"key":"Swift Potion"},{"floor":13,"key":"Explosive Potion"},{"floor":16,"key":"Swift Potion"},{"floor":21,"key":"Strength Potion"}],"is_trial":false,"path_per_floor":["M","?","M","$","M","R","E","?","T","E","M","?","M","$","R","B",null,"M","?","M","M","$"],"character_chosen":"IRONCLAD","items_purchased":["Headbutt","Shrug It Off+1","Armaments+1"],"campfire_rested":1,"item_purchase_floors":[4,22,22],"current_hp_per_floor":[72,72,72,72,66,66,31,31,31,19,19,19,13,13,34,39,72,72,59,42,27,27,0],"gold":33,"neow_bonus":"ONE_RARE_RELIC","is_prod":false,"is_daily":false,"chose_seed":false,"campfire_upgraded":1,"win_rate":0,"timestamp":1535893649,"path_taken":["M","?","M","$","M","R","E","?","T","E","?","?","M","$","R","BOSS","M","?","M","M","$","E"],"build_version":"2018-08-30","purchased_purges":2,"victory":false,"max_hp_per_floor":[72,72,72,72,72,72,72,72,72,72,72,72,72,72,72,72,72,72,77,77,77,77,77],"card_choices":[{"not_picked":["Wild Strike","True Grit"],"picked":"Rampage","floor":1.0},{"not_picked":["Body Slam","Carnage"],"picked":"Havoc","floor":3.0},{"not_picked":["Headbutt","Flame Barrier"],"picked":"Disarm","floor":5.0},{"not_picked":["Havoc","Twin Strike","Headbutt"],"picked":"SKIP","floor":7.0},{"not_picked":["Havoc","Dark Embrace"],"picked":"Iron Wave","floor":10.0},{"not_picked":["Power Through+1","Uppercut"],"picked":"Iron Wave","floor":11.0},{"not_picked":["Anger","Heavy Blade","Twin Strike"],"picked":"SKIP","floor":13},{"not_picked":["Feed","Impervious+1"],"picked":"Brutality","floor":16},{"not_picked":["Wild Strike","Sever Soul","Bloodletting+1"],"picked":"SKIP","floor":18},{"not_picked":["Sever Soul","Hemokinesis"],"picked":"Disarm+1","floor":20},{"not_picked":["Headbutt","Perfected Strike+1"],"picked":"Rampage+1","floor":21}],"player_experience":425118,"relics_obtained":[{"floor":7.0,"key":"Magic Flower"},{"floor":9.0,"key":"Torii"},{"floor":10.0,"key":"Toxic Egg 2"}],"event_choices":[{"event_name":"Upgrade Shrine","player_choice":"Upgraded","floor":2.0,"damage_taken":0.0},{"event_name":"Living Wall","player_choice":"Forget","floor":8.0,"damage_taken":0.0},{"event_name":"Big Fish","player_choice":"Box","floor":12.0,"damage_taken":0.0},{"event_name":"Forgotten Altar","player_choice":"Shed Blood","floor":19,"damage_taken":0}],"is_beta":false,"boss_relics":[{"not_picked":["Cursed Key","Runic Dome"],"picked":"Velvet Choker"}],"items_purged_floors":[4,14],"is_endless":false,"potions_floor_spawned":[1,7,10,13,16,21],"killed_by":"Slavers","ascension_level":4}