{"gold_per_floor":[119,135,153,153,78,78,1,27,27,45,111,141,141,151,151,223,223,234,33,33,52,52,52,72,72,72,72,90,0,0,16,16,93,93,105,105,119,119],"floor_reached":38,"playtime":2694,"items_purged":["Strike_B"],"score":848,"play_id":"727544d8-ac12-4b47-a402-5e681500d600","local_time":"20190819234831","is_ascension_mode":true,"campfire_choices":[{"data":"Streamline","floor":6,"key":"SMITH"},{"floor":15,"key":"REST"},{"data":"Genetic Algorithm","floor":23,"key":"SMITH"},{"data":"Buffer","floor":25,"key":"SMITH"},{"floor":32,"key":"REST"}],"neow_cost":"NONE","seed_source_timestamp":105711882546700,"circlet_count":0,"master_deck":["AscendersBane","Zap","Dualcast","Cold Snap","Tempest","Streamline+1","Hologram+1","Echo Form","Compile Driver","Sweeping Beam","Machine Learning","Stack","Buffer+1","Creative AI","Streamline","Storm","Darkness+1","Defragment","Doom and Gloom","Writhe","Genetic Algorithm+1","Coolheaded+1","Ghostly","Ghostly","Ghostly","Undo","Leap","Heatsinks","Multi-Cast","Coolheaded+1","Coolheaded"],"relics":["Snecko Eye","Gremlin Horn","Kunai","Question Card","Pandora\u0027s Box","War Paint","Dream Catcher","Mercury Hourglass","Inserter"],"potions_floor_usage":[10,16,18,33],"damage_taken":[{"damage":1,"enemies":"Cultist","floor":1,"turns":3},{"damage":0,"enemies":"2 Louse","floor":2,"turns":2},{"damage":7,"enemies":"Jaw Worm","floor":3,"turns":6},{"damage":18,"enemies":"3 Sentries","floor":8,"turns":6},{"damage":4,"enemies":"Exordium Thugs","floor":10,"turns":4},{"damage":8,"enemies":"Blue Slaver","floor":14,"turns":3},{"damage":8,"enemies":"The Guardian","floor":16,"turns":10},{"damage":11,"enemies":"Spheric Guardian","floor":18,"turns":5},{"damage":18,"enemies":"Chosen","floor":21,"turns":4},{"damage":17,"enemies":"Sentry and Sphere","floor":24,"turns":4},{"damage":0,"enemies":"Cultist and Chosen","floor":28,"turns":7},{"damage":13,"enemies":"3 Cultists","floor":31,"turns":5},{"damage":0,"enemies":"Collector","floor":33,"turns":8},{"damage":1,"enemies":"3 Darklings","floor":35,"turns":5},{"damage":2,"enemies":"3 Shapes","floor":37,"turns":4},{"damage":30,"enemies":"Jaw Worm Horde","floor":38,"turns":2}],"seed_played":"-5506199497377242447","potions_obtained":[{"floor":3,"key":"SteroidPotion"},{"floor":16,"key":"Regen Potion"},{"floor":24,"key":"SpeedPotion"},{"floor":37,"key":"Dexterity Potion"}],"is_trial":false,"path_per_floor":["M","M","M","?","$","R","$","E","T","M","?","?","?","M","R","B",null,"M","$","?","M","?","R","M","R","T","?","M","?","?","M","R","B",null,"M","?","M","M"],"character_chosen":"DEFECT","items_purchased":["Hologram","Poison Potion","War Paint","Doom and Gloom"],"campfire_rested":2,"item_purchase_floors":[7,7,19,19],"current_hp_per_floor":[63,63,56,38,38,38,38,20,20,16,16,16,16,8,29,21,59,62,62,62,44,44,44,27,27,27,27,27,27,27,14,24,24,32,31,31,29,0],"gold":119,"neow_bonus":"BOSS_RELIC","is_prod":false,"is_daily":false,"chose_seed":false,"campfire_upgraded":3,"win_rate":0,"timestamp":1566251311,"path_taken":["M","?","M","?","?","R","$","E","T","?","?","?","?","M","R","BOSS","M","$","?","M","?","R","M","R","T","?","M","?","?","M","R","BOSS","M","?","M","M"],"build_version":"2019-07-17","purchased_purges":1,"victory":false,"max_hp_per_floor":[71,71,71,71,71,71,71,71,71,71,71,71,71,71,71,71,71,71,71,71,71,71,71,71,71,71,35,35,35,35,35,35,35,35,35,35,35,35],"card_choices":[{"not_picked":["Steam","Rebound"],"picked":"Cold Snap","floor":1},{"not_picked":["Steam","Ball Lightning"],"picked":"Tempest","floor":2},{"not_picked":["Cold Snap","Go for the Eyes"],"picked":"Streamline","floor":3},{"not_picked":["Compile Driver","Reinforced Body"],"picked":"Echo Form","floor":8},{"not_picked":["Redo","Cold Snap","Turbo"],"picked":"Compile Driver","floor":10},{"not_picked":["Ball Lightning","FTL","Turbo"],"picked":"Sweeping Beam","floor":14},{"not_picked":["All For One","Fission","Multi-Cast"],"picked":"Machine Learning","floor":16},{"not_picked":["Streamline","BootSequence","Stack"],"picked":"Defragment","floor":18},{"not_picked":["Hologram+1","Go for the Eyes","Beam Cell"],"picked":"Genetic Algorithm","floor":21},{"not_picked":["Sweeping Beam","Ball Lightning+1","Streamline"],"picked":"Coolheaded+1","floor":24},{"not_picked":["Gash","All For One","Streamline","Turbo"],"picked":"SKIP","floor":28},{"not_picked":["Compile Driver","Steam","Go for the Eyes+1"],"picked":"Leap","floor":31},{"not_picked":["Hologram","Streamline","Redo"],"picked":"Heatsinks","floor":32},{"not_picked":["Echo Form","Fission","Creative AI"],"picked":"Multi-Cast","floor":33},{"not_picked":["Chaos+1","Compile Driver","Turbo"],"picked":"Coolheaded+1","floor":35},{"not_picked":["Streamline","Ball Lightning","Stack"],"picked":"Coolheaded","floor":37}],"player_experience":1538708,"relics_obtained":[{"floor":8,"key":"Kunai"},{"floor":9,"key":"Question Card"},{"floor":26,"key":"Mercury Hourglass"}],"event_choices":[{"damage_healed":0,"gold_gain":0,"player_choice":"Success","damage_taken":18,"relics_obtained":["Gremlin Horn"],"max_hp_gain":0,"max_hp_loss":0,"event_name":"Scrap Ooze","floor":4,"gold_loss":0},{"damage_healed":0,"gold_gain":66,"player_choice":"Gained Gold","damage_taken":0,"max_hp_gain":0,"max_hp_loss":0,"event_name":"Golden Wing","floor":11,"gold_loss":0},{"damage_healed":0,"gold_gain":30,"player_choice":"Searched \u00271\u0027 times","damage_taken":0,"max_hp_gain":0,"max_hp_loss":0,"event_name":"Dead Adventurer","floor":12,"gold_loss":0},{"damage_healed":0,"gold_gain":0,"player_choice":"Ignored","damage_taken":0,"max_hp_gain":0,"max_hp_loss":0,"event_name":"Shining Light","floor":13,"gold_loss":0},{"damage_healed":0,"gold_gain":0,"player_choice":"Opened","damage_taken":0,"relics_obtained":["Dream Catcher"],"max_hp_gain":0,"max_hp_loss":0,"event_name":"The Mausoleum","floor":20,"gold_loss":0,"cards_obtained":["Writhe"]},{"damage_healed":0,"gold_gain":0,"player_choice":"Ignored","damage_taken":0,"max_hp_gain":0,"max_hp_loss":0,"event_name":"Vampires","floor":22,"gold_loss":0},{"damage_healed":0,"gold_gain":0,"player_choice":"Became a Ghost","damage_taken":0,"max_hp_gain":0,"max_hp_loss":36,"event_name":"Ghosts","floor":27,"gold_loss":0,"cards_obtained":["Ghostly","Ghostly","Ghostly"]},{"damage_healed":0,"gold_gain":0,"player_choice":"Paid Fearfully","damage_taken":0,"max_hp_gain":0,"max_hp_loss":0,"event_name":"Masked Bandits","floor":29,"gold_loss":90},{"damage_healed":0,"gold_gain":0,"player_choice":"Read","damage_taken":0,"max_hp_gain":0,"max_hp_loss":0,"event_name":"The Library","floor":30,"gold_loss":0,"cards_obtained":["Undo"]},{"cards_removed":["Static Discharge"],"damage_healed":0,"gold_gain":0,"player_choice":"Removed Power","damage_taken":0,"max_hp_gain":0,"max_hp_loss":0,"event_name":"Falling","floor":36,"gold_loss":0}],"is_beta":false,"boss_relics":[{"not_picked":["Philosopher\u0027s Stone","Empty Cage"],"picked":"Pandora\u0027s Box"},{"not_picked":["Lizard Tail","Black Star"],"picked":"Inserter"}],"items_purged_floors":[5],"is_endless":false,"potions_floor_spawned":[3,16,24,37],"killed_by":"Jaw Worm Horde","ascension_level":20}