{"gold_per_floor":[113,113,113,130,130,147,181,197,197,22,50,50,75,11,11,116,116,129,51,68,87,98,98],"floor_reached":23,"playtime":2897,"items_purged":[],"score":248,"play_id":"67aba3f3-6e3e-4b00-aac6-1eb6b7f04a9a","local_time":"20190702112032","is_ascension_mode":true,"campfire_choices":[{"floor":12,"key":"REST"},{"floor":15,"key":"REST"}],"neow_cost":"NONE","seed_source_timestamp":400533272229,"circlet_count":0,"master_deck":["Strike_G","Strike_G","Strike_G","Strike_G","Defend_G","Defend_G","Defend_G","Defend_G","Survivor","Neutralize","Adrenaline","Sucker Punch","Backstab","Blade Dance","Flying Knee","Prepared","Backstab","Enlightenment+1","Prepared+1","Outmaneuver+1","Acrobatics+1","Terror+1","Phantasmal Killer+1","Leg Sweep+1","Deadly Poison+1","Heel Hook","Dagger Throw","Distraction+1","Cloak And Dagger+1"],"relics":["Ring of the Snake","Kunai","Juzu Bracelet","Toxic Egg 2","The Courier","PreservedInsect","Black Star"],"potions_floor_usage":[7,11,23,23,23],"damage_taken":[{"damage":0,"enemies":"Jaw Worm","floor":1,"turns":4},{"damage":0,"enemies":"2 Louse","floor":4,"turns":2},{"damage":0,"enemies":"Small Slimes","floor":6,"turns":2},{"damage":11,"enemies":"Lagavulin","floor":7,"turns":11},{"damage":4,"enemies":"3 Louse","floor":8,"turns":3},{"damage":0,"enemies":"3 Sentries","floor":11,"turns":6},{"damage":12,"enemies":"Lagavulin","floor":13,"turns":8},{"damage":33,"enemies":"Hexaghost","floor":16,"turns":13},{"damage":9,"enemies":"Shell Parasite","floor":18,"turns":5},{"damage":24,"enemies":"Spheric Guardian","floor":20,"turns":5},{"damage":9,"enemies":"Centurion and Healer","floor":21,"turns":7},{"damage":2,"enemies":"Shelled Parasite and Fungi","floor":22,"turns":6},{"damage":29,"enemies":"Gremlin Leader","floor":23,"turns":5}],"seed_played":"-6103905090017983117","potions_obtained":[{"floor":1,"key":"EssenceOfSteel"},{"floor":6,"key":"Explosive Potion"},{"floor":11,"key":"SkillPotion"},{"floor":18,"key":"SpeedPotion"},{"floor":20,"key":"Fire Potion"}],"is_trial":false,"path_per_floor":["M","?","?","M","?","M","E","M","T","$","E","R","E","$","R","B",null,"M","$","M","M","M","E"],"character_chosen":"THE_SILENT","items_purchased":["Backstab","Enlightenment+1","Prepared+1","Terror+1","Deadly Poison+1","Heel Hook"],"campfire_rested":2,"item_purchase_floors":[10,10,10,14,19,19],"current_hp_per_floor":[70,70,63,63,45,45,34,30,30,30,30,51,39,39,60,27,70,61,61,37,28,26,0],"gold":98,"neow_bonus":"TRANSFORM_CARD","is_prod":false,"is_daily":false,"chose_seed":false,"campfire_upgraded":0,"win_rate":0,"timestamp":1562091632,"path_taken":["M","?","?","M","?","M","E","M","T","$","E","R","E","$","R","BOSS","M","$","M","M","M","E"],"build_version":"2019-07-01","purchased_purges":0,"victory":false,"max_hp_per_floor":[70,70,70,70,70,70,70,70,70,70,70,70,70,70,70,70,70,70,70,70,70,70,70],"card_choices":[{"not_picked":["Blur","Deadly Poison"],"picked":"Sucker Punch","floor":1},{"not_picked":["Poisoned Stab","Dagger Spray"],"picked":"Backstab","floor":4},{"not_picked":["Endless Agony","Bane"],"picked":"Blade Dance","floor":6},{"not_picked":["Deflect","Endless Agony"],"picked":"Flying Knee","floor":7},{"not_picked":["Bane","Slice"],"picked":"Prepared","floor":8},{"not_picked":["Backflip+1","Dagger Spray"],"picked":"Outmaneuver+1","floor":11},{"not_picked":["Deadly Poison+1","Bane"],"picked":"Acrobatics+1","floor":13},{"not_picked":["Envenom","Doppelganger+1"],"picked":"Phantasmal Killer+1","floor":16},{"not_picked":["Dagger Throw","Underhanded Strike"],"picked":"Leg Sweep+1","floor":18},{"not_picked":["Predator","Underhanded Strike"],"picked":"Dagger Throw","floor":20},{"not_picked":["Slice","Flechettes"],"picked":"Distraction+1","floor":21},{"not_picked":["Dodge and Roll+1","Reflex+1"],"picked":"Cloak And Dagger+1","floor":22}],"player_experience":70301,"relics_obtained":[{"floor":7,"key":"Juzu Bracelet"},{"floor":9,"key":"Toxic Egg 2"},{"floor":11,"key":"The Courier"},{"floor":13,"key":"PreservedInsect"}],"event_choices":[{"damage_healed":0,"gold_gain":0,"player_choice":"Ignored","damage_taken":0,"max_hp_gain":0,"max_hp_loss":0,"event_name":"Liars Game","floor":2,"gold_loss":0},{"cards_removed":["Defend_G"],"damage_healed":0,"gold_gain":0,"player_choice":"Card Removal","damage_taken":7,"max_hp_gain":0,"max_hp_loss":0,"event_name":"Golden Wing","floor":3,"gold_loss":0},{"damage_healed":0,"gold_gain":0,"player_choice":"Success","damage_taken":18,"relics_obtained":["Kunai"],"max_hp_gain":0,"max_hp_loss":0,"event_name":"Scrap Ooze","floor":5,"gold_loss":0}],"is_beta":false,"boss_relics":[{"not_picked":["White Beast Statue","Velvet Choker"],"picked":"Black Star"}],"items_purged_floors":[],"is_endless":false,"potions_floor_spawned":[1,6,11,18,20,22],"killed_by":"Gremlin Leader","ascension_level":1}