{"gold_per_floor":[117,134,134,145,20,51,67,67,67,80,106,106,9,9,9,112,112,127,127,139,18,33,33,33],"floor_reached":24,"playtime":3799,"items_purged":[],"score":206,"play_id":"e78145cd-ec59-4408-a89a-f2a0bf57a48f","local_time":"20180729192852","is_ascension_mode":false,"campfire_choices":[{"floor":8,"key":"REST"},{"floor":12,"key":"REST"},{"floor":15,"key":"REST"},{"floor":23,"key":"REST"}],"neow_cost":"","seed_source_timestamp":26896225162715,"circlet_count":0,"master_deck":["Defend_G","Defend_G","Defend_G","Defend_G","Defend_G","Strike_G","Strike_G","Strike_G","Strike_G","Strike_G","Survivor","Neutralize+1","Flying Knee+1","Dagger Spray","Infinite Blades","Noxious Fumes+1","Acrobatics","Outmaneuver","Backflip","Underhanded Strike","Dodge and Roll","Dodge and Roll","Dagger Spray","Envenom","Poisoned Stab","Infinite Blades","Leg Sweep","Finisher","Tactician"],"relics":["Ring of the Snake","Whetstone","Dodecahedron","Pear","Snecko Eye"],"potions_floor_usage":[11,16,20,24],"damage_taken":[{"damage":0,"enemies":"Cultist","floor":1,"turns":4},{"damage":0,"enemies":"Small Slimes","floor":2,"turns":4},{"damage":1,"enemies":"Jaw Worm","floor":4,"turns":4},{"damage":30,"enemies":"Lagavulin","floor":6,"turns":8},{"damage":3,"enemies":"Exordium Wildlife","floor":7,"turns":5},{"damage":10,"enemies":"Lots of Slimes","floor":10,"turns":2},{"damage":17,"enemies":"Gremlin Nob","floor":11,"turns":5},{"damage":46,"enemies":"Hexaghost","floor":16,"turns":10},{"damage":0,"enemies":"Chosen","floor":18,"turns":4},{"damage":15,"enemies":"Shell Parasite","floor":20,"turns":8},{"damage":24,"enemies":"Snake Plant","floor":22,"turns":4},{"damage":62,"enemies":"Slavers","floor":24,"turns":4}],"seed_played":"6745958661098163816","potions_obtained":[{"floor":2,"key":"SteroidPotion"},{"floor":4,"key":"EssenceOfSteel"},{"floor":16,"key":"SneckoOil"},{"floor":20,"key":"SpeedPotion"}],"is_trial":false,"path_per_floor":["M","M","?","M","$","E","M","R","T","M","E","R","$","?","R","B",null,"M","?","M","$","M","R"],"character_chosen":"THE_SILENT","items_purchased":["Noxious Fumes","Acrobatics","Dodge and Roll","Dagger Spray","Leg Sweep","Finisher"],"campfire_rested":4,"item_purchase_floors":[5,5,13,13,21,21],"current_hp_per_floor":[70,70,70,69,69,39,36,57,57,47,40,64,64,64,80,34,80,80,72,57,57,33,57,0],"gold":33,"neow_bonus":"","is_prod":false,"is_daily":false,"chose_seed":false,"campfire_upgraded":0,"win_rate":0.0,"timestamp":1532885332,"path_taken":["M","M","?","M","$","E","M","R","T","M","E","R","$","?","R","BOSS","M","?","M","$","?","R","E"],"build_version":"2018-07-26","purchased_purges":0,"victory":false,"max_hp_per_floor":[70,70,70,70,70,70,70,70,70,70,80,80,80,80,80,80,80,80,80,80,80,80,80,80],"card_choices":[{"not_picked":["Prepared","Slice"],"picked":"Flying Knee","floor":1},{"not_picked":["Deflect","Acrobatics"],"picked":"Dagger Spray","floor":2},{"not_picked":["Outmaneuver","Eviscerate"],"picked":"Infinite Blades","floor":4},{"not_picked":["Tools of the Trade","Quick Slash"],"picked":"Outmaneuver","floor":6},{"not_picked":["Prepared","Slice"],"picked":"Backflip","floor":7},{"not_picked":["Flying Knee","Well Laid Plans"],"picked":"Underhanded Strike","floor":10},{"not_picked":["Dagger Throw","Underhanded Strike"],"picked":"Dodge and Roll","floor":11},{"not_picked":["Doppelganger","Burst"],"picked":"Envenom","floor":16},{"not_picked":["Well Laid Plans","Eviscerate+1"],"picked":"Poisoned Stab","floor":18},{"not_picked":["PiercingWail","Blade Dance"],"picked":"Infinite Blades","floor":20},{"not_picked":["Quick Slash","Dagger Throw"],"picked":"Tactician","floor":22}],"player_experience":3325,"relics_obtained":[{"floor":6,"key":"Whetstone"},{"floor":9,"key":"Dodecahedron"},{"floor":11,"key":"Pear"}],"event_choices":[{"event_name":"Golden Wing","player_choice":"Ignored","floor":3,"damage_taken":0},{"event_name":"Living Wall","player_choice":"Grow","floor":14,"damage_taken":0},{"event_name":"Wheel of Change","player_choice":"Damage","floor":19,"damage_taken":0}],"is_beta":false,"boss_relics":[{"not_picked":["Orrery","Black Star"],"picked":"Snecko Eye"}],"items_purged_floors":[],"is_endless":false,"potions_floor_spawned":[2,4,16,20],"killed_by":"Slavers","ascension_level":0}