{"gold_per_floor":[110,121,140,153,0,0,19,34,116,116,116,116,66,100,100,197,197,211,230,150,166,81,93,105],"floor_reached":24,"playtime":2415,"items_purged":["Strike_B"],"score":228,"play_id":"e516622f-de93-4ecd-9943-7fd3d904000d","local_time":"20190820002455","is_ascension_mode":true,"campfire_choices":[{"data":"Zap","floor":6.0,"key":"SMITH"},{"floor":11.0,"key":"REST"},{"data":"Defragment","floor":15.0,"key":"SMITH"}],"neow_cost":"PERCENT_DAMAGE","seed_source_timestamp":0,"circlet_count":0,"master_deck":["Defend_B","Defend_B","Zap+1","Dualcast","Streamline","Loop","Double Energy","Capacitor","Loop","Defragment+1","Sweeping Beam","Echo Form","Streamline+1","Thunder Strike+1","Cold Snap+1","Blizzard+1","Capacitor","Defragment","Static Discharge"],"special_seed":0,"relics":["Cracked Core","Shuriken","Pocketwatch","Ginger","Astrolabe","MawBank"],"potions_floor_usage":[21,21],"damage_taken":[{"damage":0.0,"enemies":"Small Slimes","floor":1.0,"turns":3.0},{"damage":1.0,"enemies":"2 Louse","floor":2.0,"turns":2.0},{"damage":1.0,"enemies":"Cultist","floor":3.0,"turns":3.0},{"damage":7.0,"enemies":"3 Louse","floor":4.0,"turns":4.0},{"damage":7.0,"enemies":"Looter","floor":7.0,"turns":3.0},{"damage":0.0,"enemies":"2 Fungi Beasts","floor":8.0,"turns":2.0},{"damage":16.0,"enemies":"3 Sentries","floor":14.0,"turns":8.0},{"damage":14.0,"enemies":"The Guardian","floor":16.0,"turns":8.0},{"damage":25.0,"enemies":"Spheric Guardian","floor":18.0,"turns":4.0},{"damage":12.0,"enemies":"Chosen","floor":19.0,"turns":3.0},{"damage":36,"enemies":"Shelled Parasite and Fungi","floor":21,"turns":4},{"damage":17,"enemies":"Snecko","floor":24,"turns":3}],"seed_played":"-3949159773770223906","potions_obtained":[{"floor":3.0,"key":"Energy Potion"},{"floor":4.0,"key":"SkillPotion"},{"floor":7.0,"key":"Fire Potion"},{"floor":8.0,"key":"FearPotion"},{"floor":14.0,"key":"EssenceOfSteel"}],"is_trial":false,"path_per_floor":["M","M","M","M","$","R","M","M","T","?","R","?","?","E","R","B",null,"M","M","$","M","?","?","M"],"character_chosen":"DEFECT","items_purchased":["Double Energy","Capacitor"],"campfire_rested":1,"item_purchase_floors":[5,20],"current_hp_per_floor":[68,67,66,59,59,59,52,52,52,45,71,71,71,55,55,41,89,64,52,52,16,16,16,0],"gold":105,"neow_bonus":"TWENTY_PERCENT_HP_BONUS","is_prod":false,"is_daily":false,"chose_seed":false,"campfire_upgraded":2,"win_rate":0,"timestamp":1566253495,"path_taken":["M","M","M","M","$","R","M","M","T","?","R","?","?","E","R","BOSS","M","M","$","M","?","?","?"],"build_version":"2019-01-23","purchased_purges":1,"victory":false,"max_hp_per_floor":[89,89,89,89,89,89,89,89,89,89,89,89,89,89,89,89,89,89,89,89,89,89,89,89],"card_choices":[{"not_picked":["Redo","Barrage"],"picked":"Streamline","floor":1.0},{"not_picked":["Cold Snap","Ball Lightning"],"picked":"Loop","floor":2.0},{"not_picked":["Undo","Steam","Scrape"],"picked":"SKIP","floor":3.0},{"not_picked":["Stack","Compile Driver","Steam Power"],"picked":"SKIP","floor":4.0},{"not_picked":["Go for the Eyes","Coolheaded"],"picked":"Capacitor","floor":7.0},{"not_picked":["Cold Snap","Beam Cell"],"picked":"Loop","floor":8.0},{"not_picked":["Creative AI","Skim"],"picked":"Sweeping Beam","floor":14.0},{"not_picked":["Buffer","Creative AI"],"picked":"Echo Form","floor":16.0},{"not_picked":["Go for the Eyes","Gash"],"picked":"Blizzard+1","floor":18.0},{"not_picked":["Go for the Eyes","Hello World+1","Compile Driver+1"],"picked":"SKIP","floor":19.0},{"not_picked":["Loop+1","Reinforced Body+1"],"picked":"Defragment","floor":21}],"player_experience":265279,"relics_obtained":[{"floor":9.0,"key":"Shuriken"},{"floor":14.0,"key":"Ginger"}],"event_choices":[{"damage_healed":0.0,"max_hp_gain":0.0,"max_hp_loss":0.0,"gold_gain":0.0,"event_name":"Scrap Ooze","player_choice":"Success","floor":10.0,"gold_loss":0.0,"damage_taken":7.0,"relics_obtained":["Pocketwatch"]},{"damage_healed":0.0,"max_hp_gain":0.0,"max_hp_loss":0.0,"gold_gain":0.0,"cards_transformed":["Strike_B"],"event_name":"Living Wall","player_choice":"Change","floor":12.0,"gold_loss":0.0,"damage_taken":0.0,"cards_obtained":["Defragment"]},{"cards_removed":["Strike_B"],"damage_healed":0.0,"max_hp_gain":0.0,"max_hp_loss":0.0,"gold_gain":0.0,"event_name":"The Cleric","player_choice":"Card Removal","floor":13.0,"gold_loss":50.0,"damage_taken":0.0},{"damage_healed":0,"gold_gain":0,"player_choice":"Obtained Relic","damage_taken":0,"relics_obtained":["MawBank"],"max_hp_gain":0,"max_hp_loss":0,"event_name":"Addict","floor":22,"gold_loss":85},{"damage_healed":0,"gold_gain":0,"player_choice":"1 cards matched","damage_taken":0,"max_hp_gain":0,"max_hp_loss":0,"event_name":"Match and Keep!","floor":23,"gold_loss":0,"cards_obtained":["Static Discharge"]}],"is_beta":false,"boss_relics":[{"not_picked":["Calling Bell","Philosopher\u0027s Stone"],"picked":"Astrolabe"}],"items_purged_floors":[5],"is_endless":false,"potions_floor_spawned":[3,4,7,8,14],"killed_by":"Snecko","ascension_level":3}