{"gold_per_floor":[99,99,99,99,99,99,99,99,99,99,99,99,99,99,99,99,99,39,39,39,39,39,39,39,39],"floor_reached":25,"playtime":2324,"items_purged":[],"score":258,"play_id":"28cd03ac-1761-4164-bafc-2f4c563d7dea","local_time":"20180803142043","is_ascension_mode":false,"campfire_choices":[{"floor":6,"key":"REST"},{"data":"True Grit","floor":10,"key":"SMITH"},{"data":"Flame Barrier","floor":15,"key":"SMITH"}],"neow_cost":"NONE","seed_source_timestamp":441898459550024,"circlet_count":0,"master_deck":["Defend_R","Defend_R","Defend_R","Bash","Blood for Blood","Spot Weakness","Clash","Flame Barrier","True Grit+1","Juggernaut","Flame Barrier+1","Uppercut","Pommel Strike","Demon Form","Normality","Reckless Charge+1","Clothesline+1","Clothesline+1","Power Through","Flame Barrier+1","Regret","Impervious","Bash","Anger","Fire Breathing+1","Armaments","Headbutt","Bite","Bite","Bite","Bite","Bite","Armaments"],"relics":["Ectoplasm","Ice Cream","Smiling Mask","Prayer Wheel","Pantograph","Astrolabe","Lantern"],"potions_floor_usage":[7,12,16,24],"damage_taken":[{"damage":2,"enemies":"Jaw Worm","floor":1,"turns":3},{"damage":6,"enemies":"2 Louse","floor":3,"turns":2},{"damage":7,"enemies":"Small Slimes","floor":4,"turns":3},{"damage":9,"enemies":"Exordium Wildlife","floor":5,"turns":4},{"damage":13,"enemies":"Gremlin Nob","floor":7,"turns":3},{"damage":11,"enemies":"Lagavulin","floor":12,"turns":5},{"damage":4,"enemies":"2 Fungi Beasts","floor":13,"turns":3},{"damage":9,"enemies":"Gremlin Gang","floor":14,"turns":4},{"damage":27,"enemies":"Slime Boss","floor":16,"turns":10},{"damage":23,"enemies":"2 Thieves","floor":18,"turns":4},{"damage":14,"enemies":"Shell Parasite","floor":21,"turns":5},{"damage":6,"enemies":"Snecko","floor":22,"turns":5},{"damage":41,"enemies":"Book of Stabbing","floor":24,"turns":5},{"damage":13,"enemies":"Slaver and Parasite","floor":25,"turns":2}],"seed_played":"-8464064674621450135","potions_obtained":[{"floor":4,"key":"SkillPotion"},{"floor":7,"key":"Dexterity Potion"},{"floor":13,"key":"Dexterity Potion"},{"floor":22,"key":"Explosive Potion"}],"is_trial":false,"path_per_floor":["M","?","M","M","M","R","E","?","T","R","?","E","M","M","R","B",null,"M","?","?","M","M","?","E"],"character_chosen":"IRONCLAD","items_purchased":[],"campfire_rested":1,"item_purchase_floors":[],"current_hp_per_floor":[78,78,72,65,56,80,67,64,64,64,80,69,65,56,56,53,77,54,54,54,40,34,34,3,0],"gold":39,"neow_bonus":"BOSS_RELIC","is_prod":false,"is_daily":false,"chose_seed":false,"campfire_upgraded":2,"win_rate":0.0,"timestamp":1533298843,"path_taken":["M","?","M","M","M","R","E","?","T","R","?","E","?","M","R","BOSS","M","?","?","M","?","?","E","M"],"build_version":"2018-08-02","purchased_purges":0,"victory":false,"max_hp_per_floor":[80,80,80,80,80,80,80,80,80,80,80,80,80,80,80,80,77,77,77,77,77,77,53,53,53],"card_choices":[{"not_picked":["Thunderclap","Flex"],"picked":"Blood for Blood","floor":1},{"not_picked":["Infernal Blade","Inflame"],"picked":"Spot Weakness","floor":3},{"not_picked":["Entrench","Sword Boomerang"],"picked":"Clash","floor":4},{"not_picked":["Second Wind","Pummel"],"picked":"Flame Barrier","floor":5},{"not_picked":["Cleave","Seeing Red"],"picked":"True Grit","floor":7},{"not_picked":["Warcry","Sword Boomerang"],"picked":"Juggernaut","floor":12},{"not_picked":["Cleave","Wild Strike"],"picked":"Flame Barrier","floor":13},{"not_picked":["Pummel","Double Tap"],"picked":"Fire Breathing","floor":13},{"not_picked":["Flex","Clothesline"],"picked":"Uppercut","floor":14},{"not_picked":["Evolve","Flex"],"picked":"Pommel Strike","floor":14},{"not_picked":["Fiend Fire","Immolate"],"picked":"Demon Form","floor":16},{"not_picked":["Twin Strike","Sword Boomerang"],"picked":"Clothesline+1","floor":18},{"not_picked":["True Grit","Perfected Strike+1"],"picked":"Power Through","floor":18},{"not_picked":["Pummel+1","Sword Boomerang"],"picked":"Anger","floor":21},{"not_picked":["True Grit","Searing Blow+1"],"picked":"Fire Breathing+1","floor":21},{"not_picked":["Fire Breathing","Warcry+1"],"picked":"Armaments","floor":22},{"not_picked":["Sever Soul","True Grit"],"picked":"Headbutt","floor":22},{"not_picked":["Inflame","Anger+1"],"picked":"Armaments","floor":24}],"player_experience":146203,"relics_obtained":[{"floor":7,"key":"Ice Cream"},{"floor":9,"key":"Prayer Wheel"},{"floor":12,"key":"Pantograph"},{"floor":24,"key":"Lantern"}],"event_choices":[{"event_name":"Liars Game","player_choice":"disagreed","floor":2,"damage_taken":0},{"event_name":"Scrap Ooze","player_choice":"success","floor":8,"damage_taken":3},{"event_name":"Mushrooms","player_choice":"Healed and dodged fight","floor":11,"damage_taken":0},{"event_name":"Duplicator","player_choice":"One dupe","floor":19,"damage_taken":0},{"event_name":"Match and Keep!","player_choice":"3 cards matched","floor":20,"damage_taken":0},{"event_name":"Vampires","player_choice":"Became a vampire","floor":23,"damage_taken":0}],"is_beta":false,"boss_relics":[{"not_picked":["Coffee Dripper","Philosopher\u0027s Stone"],"picked":"Astrolabe"}],"items_purged_floors":[],"is_endless":false,"potions_floor_spawned":[4,7,13,22],"killed_by":"Slaver and Parasite","ascension_level":0}