{"gold_per_floor":[114,94,106,126,126,126,153,153,153,187,203,216,230,230],"floor_reached":14,"playtime":616,"items_purged":[],"score":204,"play_id":"23970f36-8095-45fc-9a8a-28c34343b4d5","local_time":"20190818185346","is_ascension_mode":true,"campfire_choices":[{"data":"Streamline","floor":6,"key":"SMITH"},{"data":"Defragment","floor":8,"key":"SMITH"}],"neow_cost":"NONE","seed_source_timestamp":3699328823100,"circlet_count":0,"master_deck":["AscendersBane","Strike_B+1","Strike_B","Strike_B","Strike_B","Defend_B","Defend_B","Defend_B","Defend_B","Zap","Dualcast","Streamline+1","Defragment+1","Tempest","Cold Snap+1","Compile Driver","Cold Snap","Conserve Battery"],"relics":["Cracked Core","NeowsBlessing","Ginger","Turnip","Whetstone"],"potions_floor_usage":[7,12,14,14],"damage_taken":[{"damage":0,"enemies":"Jaw Worm","floor":1,"turns":1},{"damage":0,"enemies":"Cultist","floor":3,"turns":1},{"damage":0,"enemies":"2 Louse","floor":4,"turns":1},{"damage":8,"enemies":"Gremlin Nob","floor":7,"turns":3},{"damage":13,"enemies":"3 Sentries","floor":10,"turns":6},{"damage":32,"enemies":"Lots of Slimes","floor":11,"turns":4},{"damage":16,"enemies":"Exordium Wildlife","floor":12,"turns":4},{"damage":1,"enemies":"Large Slime","floor":13,"turns":4},{"damage":2,"enemies":"2 Fungi Beasts","floor":14,"turns":1}],"seed_played":"4160124103458802874","potions_obtained":[{"floor":1,"key":"Weak Potion"},{"floor":2,"key":"AttackPotion"},{"floor":7,"key":"Ancient Potion"},{"floor":12,"key":"PowerPotion"},{"floor":13,"key":"Dexterity Potion"}],"is_trial":false,"path_per_floor":["M","?","M","M","?","R","E","R","T","E","M","M","M","M"],"character_chosen":"DEFECT","items_purchased":[],"campfire_rested":0,"item_purchase_floors":[],"current_hp_per_floor":[64,64,64,64,71,71,63,63,63,50,18,2,1,0],"gold":230,"neow_bonus":"THREE_ENEMY_KILL","is_prod":false,"is_daily":false,"chose_seed":false,"campfire_upgraded":2,"win_rate":0,"timestamp":1566147226,"path_taken":["M","?","M","?","?","R","E","R","T","E","M","M","M","?"],"build_version":"2019-07-17","purchased_purges":0,"victory":false,"max_hp_per_floor":[71,71,71,71,71,71,71,71,71,71,71,71,71,71],"card_choices":[{"not_picked":["Aggregate","Leap"],"picked":"Streamline","floor":1},{"not_picked":["Streamline","Rebound"],"picked":"Defragment","floor":3},{"not_picked":["Scrape","Barrage"],"picked":"Tempest","floor":4},{"not_picked":["Leap","Gash"],"picked":"Cold Snap","floor":7},{"not_picked":["Rebound","Skim"],"picked":"Compile Driver","floor":10},{"not_picked":["White Noise","Leap"],"picked":"Cold Snap","floor":11},{"not_picked":["Go for the Eyes","Cold Snap"],"picked":"Conserve Battery","floor":12},{"not_picked":["Melter","Gash","Fission"],"picked":"SKIP","floor":13}],"player_experience":1510803,"relics_obtained":[{"floor":7,"key":"Ginger"},{"floor":9,"key":"Turnip"},{"floor":10,"key":"Whetstone"}],"event_choices":[{"damage_healed":0,"gold_gain":0,"player_choice":"Bought 1 Potion","damage_taken":0,"max_hp_gain":0,"max_hp_loss":0,"event_name":"The Woman in Blue","floor":2,"gold_loss":0},{"damage_healed":7,"gold_gain":0,"player_choice":"Full Heal","damage_taken":0,"max_hp_gain":0,"max_hp_loss":0,"event_name":"Wheel of Change","floor":5,"gold_loss":0}],"is_beta":false,"boss_relics":[],"items_purged_floors":[],"is_endless":false,"potions_floor_spawned":[1,7,12,13],"killed_by":"2 Fungi Beasts","ascension_level":20}