{"gold_per_floor":[109,121,139,27,27,27,62,62,87,87],"floor_reached":10,"playtime":628,"items_purged":["Strike_G"],"score":132,"play_id":"7b3667d2-555c-4efd-bcc1-ff1b6a81d79d","local_time":"20190721143926","is_ascension_mode":true,"campfire_choices":[{"data":"Skewer","floor":6,"key":"SMITH"},{"data":"Sucker Punch","floor":8,"key":"SMITH"}],"neow_cost":"TEN_PERCENT_HP_LOSS","seed_source_timestamp":998090926709306,"circlet_count":0,"master_deck":["AscendersBane","Strike_G","Strike_G","Strike_G","Strike_G+1","Defend_G","Defend_G","Defend_G","Defend_G","Defend_G","Survivor","Neutralize+1","Magnetism","Purity","Deadly Poison","Blur","Acrobatics","Skewer+1","Sucker Punch+1"],"relics":["Ring of the Snake","Golden Idol","Snake Skull","Whetstone"],"potions_floor_usage":[7],"damage_taken":[{"damage":6,"enemies":"Cultist","floor":1,"turns":5},{"damage":9,"enemies":"Jaw Worm","floor":2,"turns":5},{"damage":0,"enemies":"Small Slimes","floor":3,"turns":4},{"damage":39,"enemies":"3 Sentries","floor":7,"turns":13},{"damage":26,"enemies":"Gremlin Nob","floor":10,"turns":3}],"seed_played":"1264818771582366689","potions_obtained":[{"floor":3,"key":"Regen Potion"}],"is_trial":false,"path_per_floor":["M","M","M","$","?","R","E","R","T","E"],"character_chosen":"THE_SILENT","items_purchased":["Skewer"],"campfire_rested":0,"item_purchase_floors":[4],"current_hp_per_floor":[53,44,44,44,44,44,20,20,20,0],"gold":87,"neow_bonus":"RANDOM_COLORLESS_2","is_prod":false,"is_daily":false,"chose_seed":false,"campfire_upgraded":2,"win_rate":0,"timestamp":1563712766,"path_taken":["M","M","M","?","?","R","E","R","T","E"],"build_version":"2019-07-17","purchased_purges":1,"victory":false,"max_hp_per_floor":[60,60,60,60,54,54,54,54,54,54],"card_choices":[{"not_picked":["Underhanded Strike","Bane"],"picked":"Deadly Poison","floor":1},{"not_picked":["Eviscerate","Quick Slash"],"picked":"Blur","floor":2},{"not_picked":["Riddle With Holes","Terror"],"picked":"Acrobatics","floor":3},{"not_picked":["Reflex","Eviscerate"],"picked":"Sucker Punch","floor":7}],"player_experience":1395799,"relics_obtained":[{"floor":7,"key":"Snake Skull"},{"floor":9,"key":"Whetstone"}],"event_choices":[{"damage_healed":0,"gold_gain":0,"player_choice":"Lose Max HP","damage_taken":0,"relics_obtained":["Golden Idol"],"max_hp_gain":0,"max_hp_loss":6,"event_name":"Golden Idol","floor":5,"gold_loss":0}],"is_beta":false,"boss_relics":[],"items_purged_floors":[4],"is_endless":false,"potions_floor_spawned":[3],"killed_by":"Gremlin Nob","ascension_level":20}