{"gold_per_floor":[115,131,184,2,2,28,28,43,43,63,63,91,91,109,109,210,210,226,241,241,0,0,0,0],"floor_reached":24,"playtime":1488,"items_purged":[],"score":351,"play_id":"32ef78a1-3593-469e-a8e0-3bddeaae1237","local_time":"20190726134003","is_ascension_mode":true,"campfire_choices":[{"data":"Envenom","floor":7.0,"key":"SMITH"},{"data":"Blade Dance","floor":11.0,"key":"SMITH"},{"floor":13.0,"key":"REST"},{"floor":15.0,"key":"REST"},{"data":"Outmaneuver","floor":23.0,"key":"SMITH"}],"neow_cost":"TEN_PERCENT_HP_LOSS","seed_source_timestamp":190404978866125,"circlet_count":0,"master_deck":["AscendersBane","Defend_G+1","Defend_G+1","Defend_G+1","Defend_G+1","Defend_G+1","Survivor","Neutralize","Envenom+1","Caltrops","Flying Knee","Blade Dance+1","Caltrops","Deflect","Footwork","Catalyst","Deadly Poison","Storm of Steel","Dagger Spray+1","Adrenaline","Noxious Fumes+1","Bane+1","Bite+1","Bite+1","Bite+1","Bite+1","Bite+1","Outmaneuver+1"],"special_seed":0,"relics":["Ring of the Snake","Boot","The Courier","Art of War","Molten Egg 2","Empty Cage","Pantograph"],"potions_floor_usage":[24,24],"damage_taken":[{"damage":6.0,"enemies":"Cultist","floor":1.0,"turns":5.0},{"damage":4.0,"enemies":"2 Louse","floor":2.0,"turns":4.0},{"damage":9.0,"enemies":"Lagavulin","floor":6.0,"turns":8.0},{"damage":0.0,"enemies":"Small Slimes","floor":8.0,"turns":4.0},{"damage":1.0,"enemies":"Blue Slaver","floor":10.0,"turns":5.0},{"damage":25.0,"enemies":"Gremlin Nob","floor":12.0,"turns":4.0},{"damage":7.0,"enemies":"3 Louse","floor":14.0,"turns":3.0},{"damage":28.0,"enemies":"Hexaghost","floor":16.0,"turns":9.0},{"damage":12.0,"enemies":"Chosen","floor":18.0,"turns":5.0},{"damage":22.0,"enemies":"Spheric Guardian","floor":19.0,"turns":6.0},{"damage":43,"enemies":"Book of Stabbing","floor":24,"turns":5}],"seed_played":"1501193249687790569","potions_obtained":[{"floor":1.0,"key":"Dexterity Potion"},{"floor":6.0,"key":"GamblersBrew"},{"floor":8.0,"key":"AttackPotion"},{"floor":14.0,"key":"GamblersBrew"},{"floor":18.0,"key":"Regen Potion"}],"is_trial":false,"path_per_floor":["M","M","T","$","?","E","R","M","T","M","R","E","R","M","R","B",null,"M","M","?","$","?","R","E"],"character_chosen":"THE_SILENT","items_purchased":["Blade Dance","Caltrops","Deflect","Pantograph","Outmaneuver"],"campfire_rested":2,"item_purchase_floors":[4,4,4,21,21],"current_hp_per_floor":[57,53,53,53,46,37,37,37,37,36,36,11,29,22,40,12,50,38,16,16,16,16,16,0],"gold":0,"neow_bonus":"THREE_RARE_CARDS","is_prod":false,"is_daily":false,"chose_seed":false,"campfire_upgraded":3,"win_rate":0,"timestamp":1564173603,"path_taken":["M","M","?","$","?","E","R","M","T","M","R","E","R","M","R","BOSS","M","M","?","$","?","R","E"],"build_version":"2019-07-17","purchased_purges":0,"victory":false,"max_hp_per_floor":[63,63,63,63,63,63,63,63,63,63,63,63,63,63,63,63,63,63,63,44,44,44,44,44],"card_choices":[{"not_picked":["Phantasmal Killer","Bullet Time"],"picked":"Envenom","floor":0.0},{"not_picked":["Underhanded Strike","Leg Sweep"],"picked":"Caltrops","floor":1.0},{"not_picked":["Bane","Heel Hook"],"picked":"Flying Knee","floor":2.0},{"not_picked":["Tools of the Trade","Malaise"],"picked":"Footwork","floor":6.0},{"not_picked":["Backflip","Concentrate"],"picked":"Catalyst","floor":8.0},{"not_picked":["Backflip","Terror"],"picked":"Deadly Poison","floor":10.0},{"not_picked":["Bouncing Flask","Calculated Gamble"],"picked":"Storm of Steel","floor":12.0},{"not_picked":["Slice+1","Underhanded Strike+1"],"picked":"Dagger Spray+1","floor":14.0},{"not_picked":["Storm of Steel","Venomology"],"picked":"Adrenaline","floor":16.0},{"not_picked":["Dodge and Roll","Flechettes+1"],"picked":"Noxious Fumes+1","floor":18.0},{"not_picked":["Escape Plan","Prepared"],"picked":"Bane+1","floor":19.0}],"player_experience":509143,"relics_obtained":[{"floor":3.0,"key":"Boot"},{"floor":6.0,"key":"The Courier"},{"floor":9.0,"key":"Art of War"},{"floor":12.0,"key":"Molten Egg 2"}],"event_choices":[{"cards_removed":["Strike_G"],"damage_healed":0.0,"max_hp_gain":0.0,"max_hp_loss":0.0,"gold_gain":0.0,"event_name":"Golden Wing","player_choice":"Card Removal","floor":5.0,"gold_loss":0.0,"damage_taken":7.0},{"damage_healed":0.0,"max_hp_gain":0.0,"max_hp_loss":19.0,"gold_gain":0.0,"event_name":"Vampires","player_choice":"Became a vampire","floor":20.0,"gold_loss":0.0,"damage_taken":0.0,"cards_obtained":["Bite","Bite","Bite","Bite","Bite"]},{"damage_healed":0.0,"max_hp_gain":0.0,"max_hp_loss":0.0,"gold_gain":0.0,"event_name":"Back to Basics","player_choice":"Simplicity","floor":22.0,"gold_loss":0.0,"damage_taken":0.0,"cards_upgraded":["Defend_G","Defend_G","Defend_G","Defend_G","Defend_G"]}],"is_beta":false,"boss_relics":[{"not_picked":["Philosopher\u0027s Stone","Ectoplasm"],"picked":"Empty Cage"}],"items_purged_floors":[],"is_endless":false,"potions_floor_spawned":[1,6,8,14,18],"killed_by":"Book of Stabbing","ascension_level":12}