{"gold_per_floor":[115,131,142,43,61,61,11,39,78,90,117,129],"floor_reached":12,"playtime":494,"items_purged":["Strike_G"],"score":120,"play_id":"1c6fe903-b3fb-45ce-ab4e-23bf1828b9f0","local_time":"20190724122801","is_ascension_mode":true,"campfire_choices":[{"data":"Caltrops","floor":6.0,"key":"SMITH"},{"floor":10.0,"key":"REST"}],"neow_cost":"NONE","seed_source_timestamp":14408205939609,"circlet_count":0,"master_deck":["AscendersBane","Strike_G","Strike_G","Strike_G","Defend_G","Defend_G","Defend_G","Defend_G","Defend_G","Survivor","Neutralize","Outmaneuver","Caltrops+1","Flying Knee","Outmaneuver","Quick Slash","Acrobatics","Backflip"],"special_seed":0,"relics":["Ring of the Snake","NeowsBlessing","MawBank","Orichalcum"],"potions_floor_usage":[12,12],"damage_taken":[{"damage":0.0,"enemies":"Cultist","floor":1.0,"turns":1.0},{"damage":0.0,"enemies":"Small Slimes","floor":2.0,"turns":1.0},{"damage":0.0,"enemies":"Jaw Worm","floor":3.0,"turns":1.0},{"damage":19.0,"enemies":"Lots of Slimes","floor":5.0,"turns":5.0},{"damage":42.0,"enemies":"3 Sentries","floor":8.0,"turns":10.0},{"damage":3.0,"enemies":"2 Fungi Beasts","floor":11.0,"turns":3.0},{"damage":38,"enemies":"Gremlin Nob","floor":12,"turns":5}],"seed_played":"-8327938248645282152","potions_obtained":[{"floor":2.0,"key":"Strength Potion"},{"floor":11.0,"key":"GamblersBrew"}],"is_trial":false,"path_per_floor":["M","M","M","$","M","R","?","E","T","R","M","E"],"character_chosen":"THE_SILENT","items_purchased":["Outmaneuver"],"campfire_rested":1,"item_purchase_floors":[4],"current_hp_per_floor":[63,63,63,63,44,44,44,2,2,23,20,0],"gold":129,"neow_bonus":"THREE_ENEMY_KILL","is_prod":false,"is_daily":false,"chose_seed":false,"campfire_upgraded":1,"win_rate":0,"timestamp":1563996481,"path_taken":["M","M","M","$","M","R","?","E","T","R","M","E"],"build_version":"2019-07-17","purchased_purges":1,"victory":false,"max_hp_per_floor":[70,70,70,70,70,70,70,70,70,70,70,70],"card_choices":[{"not_picked":["Quick Slash","Distraction"],"picked":"Outmaneuver","floor":1.0},{"not_picked":["Deflect","Acrobatics"],"picked":"Caltrops","floor":2.0},{"not_picked":["Quick Slash","Dodge and Roll"],"picked":"Flying Knee","floor":3.0},{"not_picked":["Blade Dance","Reflex"],"picked":"Quick Slash","floor":5.0},{"not_picked":["Underhanded Strike","Reflex"],"picked":"Acrobatics","floor":8.0},{"not_picked":["Catalyst","Expertise"],"picked":"Backflip","floor":11.0}],"player_experience":457624,"relics_obtained":[{"floor":8.0,"key":"MawBank"},{"floor":9.0,"key":"Orichalcum"}],"event_choices":[{"cards_removed":["Strike_G"],"damage_healed":0.0,"max_hp_gain":0.0,"max_hp_loss":0.0,"gold_gain":0.0,"event_name":"The Cleric","player_choice":"Card Removal","floor":7.0,"gold_loss":50.0,"damage_taken":0.0}],"is_beta":false,"boss_relics":[],"items_purged_floors":[4],"is_endless":false,"potions_floor_spawned":[2,11],"killed_by":"Gremlin Nob","ascension_level":10}