{"gold_per_floor":[111,125,125,144,157,157,185,155],"floor_reached":8,"playtime":423,"items_purged":[],"score":104,"play_id":"eb50606c-2293-4738-8beb-1e499edf69ec","local_time":"20190730125838","is_ascension_mode":true,"campfire_choices":[{"data":"Outmaneuver","floor":6.0,"key":"SMITH"}],"neow_cost":"NONE","seed_source_timestamp":534815685975470,"circlet_count":0,"master_deck":["AscendersBane","Strike_G","Strike_G","Strike_G","Strike_G","Strike_G","Defend_G","Defend_G","Defend_G","Defend_G","Defend_G","Survivor","Neutralize","Flying Knee","Outmaneuver+1","Sucker Punch","Adrenaline"],"special_seed":0,"relics":["Ring of the Snake","NeowsBlessing","Dodecahedron"],"potions_floor_usage":[],"damage_taken":[{"damage":0.0,"enemies":"2 Louse","floor":1.0,"turns":1.0},{"damage":0.0,"enemies":"Cultist","floor":2.0,"turns":1.0},{"damage":0.0,"enemies":"Jaw Worm","floor":4.0,"turns":1.0},{"damage":0.0,"enemies":"Gremlin Gang","floor":5.0,"turns":6.0},{"damage":50,"enemies":"Gremlin Nob","floor":7,"turns":6},{"damage":17,"enemies":"Exordium Thugs","floor":8,"turns":2}],"seed_played":"-8012953442424392038","potions_obtained":[{"floor":1.0,"key":"PowerPotion"}],"is_trial":false,"path_per_floor":["M","M","?","M","M","R","E","M"],"character_chosen":"THE_SILENT","items_purchased":[],"campfire_rested":0,"item_purchase_floors":[],"current_hp_per_floor":[59,59,64,64,64,64,14,0],"gold":155,"neow_bonus":"THREE_ENEMY_KILL","is_prod":false,"is_daily":false,"chose_seed":false,"campfire_upgraded":1,"win_rate":0,"timestamp":1564516718,"path_taken":["M","M","?","M","M","R","E","?"],"build_version":"2019-07-17","purchased_purges":0,"victory":false,"max_hp_per_floor":[66,66,66,66,66,66,66,66],"card_choices":[{"not_picked":["Expertise","Dodge and Roll"],"picked":"Flying Knee","floor":1.0},{"not_picked":["Underhanded Strike","PiercingWail"],"picked":"Quick Slash","floor":2.0},{"not_picked":["All Out Attack","Finisher"],"picked":"Outmaneuver","floor":4.0},{"not_picked":["Cloak And Dagger","Outmaneuver"],"picked":"Sucker Punch","floor":5.0},{"not_picked":["Leg Sweep","Calculated Gamble"],"picked":"Adrenaline","floor":7}],"player_experience":556425,"relics_obtained":[{"floor":7,"key":"Dodecahedron"}],"event_choices":[{"cards_removed":["Quick Slash"],"damage_healed":5.0,"max_hp_gain":0.0,"max_hp_loss":0.0,"gold_gain":0.0,"event_name":"Bonfire Elementals","player_choice":"Offered Common","floor":3.0,"gold_loss":0.0,"damage_taken":0.0},{"cards_removed":["Quick Slash"],"damage_healed":5.0,"max_hp_gain":0.0,"max_hp_loss":0.0,"gold_gain":0.0,"event_name":"Bonfire Elementals","player_choice":"Offered Special","floor":3.0,"gold_loss":0.0,"damage_taken":0.0}],"is_beta":false,"boss_relics":[],"items_purged_floors":[],"is_endless":false,"potions_floor_spawned":[1],"killed_by":"Exordium Thugs","ascension_level":16}