{"gold_per_floor":[359,43,67,67,67,67,97,97,147,32,32,47,58,73,73,176,176,194,205,205,219,29,29,42,42,67,67,85,117,17,17,17,120,120,136,136,116,129,148,148,163,176,200,200,215,228,228,244,244,244],"floor_reached":51,"playtime":3097,"items_purged":["Strike_B"],"score":799,"play_id":"164b47bf-8619-407a-a81c-51e7e652c6c3","local_time":"20180925215206","is_ascension_mode":true,"campfire_choices":[{"data":"Zap","floor":6,"key":"SMITH"},{"data":"Redo","floor":8,"key":"SMITH"},{"data":"Electrodynamics","floor":15,"key":"SMITH"},{"data":"Conserve Battery","floor":23,"key":"SMITH"},{"data":"Turbo","floor":25,"key":"SMITH"},{"floor":32,"key":"REST"},{"floor":40,"key":"REST"},{"floor":44,"key":"REST"},{"data":"Stack","floor":49,"key":"SMITH"}],"neow_cost":"CURSE","seed_source_timestamp":386615344495353,"circlet_count":0,"master_deck":["Strike_B","Defend_B+1","Defend_B+1","Defend_B","Defend_B+1","Zap+1","Dualcast","Clumsy","Self Repair+1","Ball Lightning","Thunder Strike","Redo+1","Electrodynamics+1","Steam+1","Stack+1","Capacitor+1","Turbo+1","Fusion","Storm+1","Necronomicurse","Conserve Battery+1","Hello World+1","BootSequence","Recycle","Static Discharge+1","Storm+1","Redo","Echo Form+1","Auto Shields","Tempest+1","Sunder","Chaos+1","Defragment+1","Aggregate+1"],"relics":["Cracked Core","Nunchaku","Art of War","Darkstone Periapt","DataDisk","Frozen Egg 2","Snecko Eye","Necronomicon","Ancient Tea Set","War Paint","Busted Crown","Blue Candle","Bag of Preparation"],"potions_floor_usage":[16,24,28,38,39,39,45,46,48],"damage_taken":[{"damage":1,"enemies":"Cultist","floor":1,"turns":4},{"damage":29,"enemies":"3 Sentries","floor":7,"turns":6},{"damage":0,"enemies":"Small Slimes","floor":12,"turns":3},{"damage":1,"enemies":"Jaw Worm","floor":13,"turns":2},{"damage":0,"enemies":"Exordium Wildlife","floor":14,"turns":2},{"damage":21,"enemies":"Hexaghost","floor":16,"turns":8},{"damage":11,"enemies":"2 Thieves","floor":18,"turns":2},{"damage":1,"enemies":"3 Byrds","floor":19,"turns":2},{"damage":18,"enemies":"3 Cultists","floor":21,"turns":4},{"damage":0,"enemies":"Centurion and Healer","floor":24,"turns":3},{"damage":0,"enemies":"Cultist and Chosen","floor":28,"turns":4},{"damage":38,"enemies":"Slavers","floor":29,"turns":4},{"damage":45,"enemies":"Automaton","floor":33,"turns":7},{"damage":26,"enemies":"Orb Walker","floor":35,"turns":4},{"damage":31,"enemies":"3 Shapes","floor":38,"turns":2},{"damage":22,"enemies":"Maw","floor":39,"turns":6},{"damage":0,"enemies":"Spire Growth","floor":41,"turns":2},{"damage":1,"enemies":"3 Darklings","floor":42,"turns":2},{"damage":0,"enemies":"Maw","floor":45,"turns":4},{"damage":0,"enemies":"4 Shapes","floor":46,"turns":1},{"damage":0,"enemies":"3 Darklings","floor":48,"turns":2},{"damage":65,"enemies":"Time Eater","floor":50,"turns":6}],"seed_played":"9038691478063382246","potions_obtained":[{"floor":14,"key":"Block Potion"},{"floor":18,"key":"Poison Potion"},{"floor":24,"key":"Regen Potion"},{"floor":28,"key":"FearPotion"},{"floor":35,"key":"LiquidBronze"},{"floor":37,"key":"AttackPotion"},{"floor":41,"key":"Strength Potion"},{"floor":45,"key":"PowerPotion"},{"floor":46,"key":"Swift Potion"}],"is_trial":false,"path_per_floor":["M","$","T","?","?","R","E","R","T","$","T","M","M","M","R","B",null,"M","M","?","M","$","R","M","R","T","?","M","E","$","?","R","B",null,"M","T","?","M","M","R","M","M","T","R","M","M","?","M","R","B"],"character_chosen":"DEFECT","items_purchased":["Nunchaku","Ball Lightning","Electrodynamics","Steam","Hello World+1","BootSequence","Storm+1","Redo"],"campfire_rested":3,"item_purchase_floors":[2,2,10,10,22,22,30,30],"current_hp_per_floor":[74,74,74,74,59,59,37,37,37,37,37,44,50,50,50,36,65,54,53,43,32,32,32,39,39,39,39,58,27,27,27,51,16,65,49,49,49,28,16,40,40,39,39,63,81,81,81,81,81,26],"gold":244,"neow_bonus":"TWO_FIFTY_GOLD","is_prod":false,"is_daily":false,"chose_seed":false,"campfire_upgraded":6,"win_rate":0,"timestamp":1537905126,"path_taken":["M","$","?","?","?","R","E","R","T","$","?","M","?","M","R","BOSS","M","M","?","M","$","R","M","R","T","?","?","E","?","?","R","BOSS","M","?","?","M","M","R","M","M","T","R","M","M","?","?","R","BOSS"],"build_version":"2018-09-20","purchased_purges":1,"victory":true,"max_hp_per_floor":[75,75,75,75,75,75,75,75,75,75,75,75,75,75,75,75,75,75,75,81,81,81,81,81,81,81,81,81,81,81,81,81,81,81,81,81,81,81,81,81,81,81,81,81,81,81,81,81,81,81],"card_choices":[{"not_picked":["BootSequence","Ball Lightning"],"picked":"Self Repair","floor":1},{"not_picked":["White Noise","Compile Driver"],"picked":"Redo","floor":7},{"not_picked":["Aggregate","Cold Snap"],"picked":"Stack","floor":12},{"not_picked":["Lockon","Streamline"],"picked":"Capacitor+1","floor":13},{"not_picked":["Chill","Beam Cell"],"picked":"Turbo","floor":14},{"not_picked":["Hologram","Compile Driver"],"picked":"Fusion","floor":18},{"not_picked":["Rebound","Redo"],"picked":"Storm+1","floor":19},{"not_picked":["Defragment+1","Gash"],"picked":"Conserve Battery","floor":21},{"not_picked":["Cold Snap","Go for the Eyes+1"],"picked":"Recycle","floor":24},{"not_picked":["Hyperbeam","Tempest+1"],"picked":"Static Discharge+1","floor":28},{"not_picked":["Rip and Tear","BootSequence","Barrage"],"picked":"SKIP","floor":29},{"not_picked":["Thunder Strike","Rainbow"],"picked":"Echo Form+1","floor":33},{"not_picked":[],"picked":"Auto Shields","floor":35},{"not_picked":[],"picked":"Tempest+1","floor":38},{"not_picked":[],"picked":"Sunder","floor":39},{"not_picked":["Lockon"],"picked":"SKIP","floor":41},{"not_picked":[],"picked":"Chaos+1","floor":42},{"not_picked":[],"picked":"Defragment+1","floor":45},{"not_picked":[],"picked":"Aggregate+1","floor":46},{"not_picked":["Gash"],"picked":"SKIP","floor":48}],"player_experience":542852,"relics_obtained":[{"floor":3,"key":"Art of War"},{"floor":7,"key":"Darkstone Periapt"},{"floor":9,"key":"DataDisk"},{"floor":11,"key":"Frozen Egg 2"},{"floor":20,"key":"Necronomicon"},{"floor":26,"key":"Ancient Tea Set"},{"floor":29,"key":"War Paint"},{"floor":36,"key":"Blue Candle"},{"floor":43,"key":"Bag of Preparation"}],"event_choices":[{"event_name":"Living Wall","player_choice":"Change","floor":4,"damage_taken":0},{"event_name":"Shining Light","player_choice":"Entered Light","floor":5,"damage_taken":0},{"event_name":"Cursed Tome","player_choice":"Obtained Book","floor":20,"damage_taken":0},{"event_name":"Purifier","player_choice":"One Purge","floor":27,"damage_taken":0},{"event_name":"Upgrade Shrine","player_choice":"Upgraded","floor":31,"damage_taken":0},{"event_name":"The Woman in Blue","player_choice":"Bought 1 Potion","floor":37,"damage_taken":0},{"event_name":"Mysterious Sphere","player_choice":"Ignore","floor":47,"damage_taken":0}],"is_beta":false,"boss_relics":[{"not_picked":["Orrery","Eternal Feather"],"picked":"Snecko Eye"},{"not_picked":["Lizard Tail","White Beast Statue"],"picked":"Busted Crown"}],"items_purged_floors":[22],"is_endless":false,"potions_floor_spawned":[14,18,24,28,35,41,45,46],"ascension_level":5}