{"gold_per_floor":[117,137,150,163,0,0,32,32,32,66,84,84,94,108,108,213,213,213,213,39,39,39,39,39,39,39,39,39,39,39,39,39,39],"floor_reached":33,"playtime":4714,"items_purged":["Strike_G"],"score":458,"play_id":"28bf5525-0f8e-43ec-a1e6-86a25f6e2dd4","local_time":"20190722155038","is_ascension_mode":true,"campfire_choices":[{"data":"Prepared","floor":6.0,"key":"SMITH"},{"floor":8.0,"key":"REST"},{"floor":12.0,"key":"REST"},{"data":"Adrenaline","floor":15.0,"key":"SMITH"},{"floor":28.0,"key":"REST"},{"floor":32.0,"key":"REST"}],"neow_cost":"NONE","seed_source_timestamp":0,"circlet_count":0,"master_deck":["AscendersBane","Strike_G+1","Strike_G+1","Strike_G","Defend_G","Defend_G","Defend_G","Defend_G","Defend_G","Survivor","Neutralize","Doppelganger","PiercingWail","Backflip","Prepared+1","All Out Attack","Footwork","Reflex","Underhanded Strike","Dagger Throw","Acrobatics","Adrenaline+1","Prepared","Corpse Explosion","Underhanded Strike","Dodge and Roll","Footwork","Cloak And Dagger","Acrobatics","Eviscerate","Prepared","Acrobatics"],"special_seed":0,"relics":["Ring of the Snake","Whetstone","Shuriken","Ninja Scroll","Ectoplasm","Strawberry","Snake Skull","Ginger"],"potions_floor_usage":[],"damage_taken":[{"damage":7.0,"enemies":"Jaw Worm","floor":1.0,"turns":8.0},{"damage":0.0,"enemies":"Cultist","floor":2.0,"turns":4.0},{"damage":1.0,"enemies":"Small Slimes","floor":3.0,"turns":5.0},{"damage":5.0,"enemies":"3 Louse","floor":4.0,"turns":7.0},{"damage":30.0,"enemies":"Lagavulin","floor":7.0,"turns":11.0},{"damage":7.0,"enemies":"Gremlin Nob","floor":10.0,"turns":4.0},{"damage":7.0,"enemies":"Exordium Wildlife","floor":11.0,"turns":6.0},{"damage":3.0,"enemies":"Large Slime","floor":13.0,"turns":5.0},{"damage":0.0,"enemies":"Looter","floor":14.0,"turns":2.0},{"damage":39.0,"enemies":"Slime Boss","floor":16.0,"turns":12.0},{"damage":0.0,"enemies":"Shell Parasite","floor":18.0,"turns":4.0},{"damage":0.0,"enemies":"Chosen","floor":19.0,"turns":3.0},{"damage":3.0,"enemies":"Snake Plant","floor":21.0,"turns":4.0},{"damage":13.0,"enemies":"Sentry and Sphere","floor":22.0,"turns":5.0},{"damage":36.0,"enemies":"Gremlin Leader","floor":23.0,"turns":7.0},{"damage":0.0,"enemies":"Cultist and Chosen","floor":24.0,"turns":4.0},{"damage":0.0,"enemies":"Chosen and Byrds","floor":25.0,"turns":5.0},{"damage":16.0,"enemies":"Book of Stabbing","floor":29.0,"turns":6.0},{"damage":7.0,"enemies":"Shelled Parasite and Fungi","floor":30.0,"turns":7.0},{"damage":6.0,"enemies":"Snecko","floor":31.0,"turns":4.0},{"damage":35,"enemies":"Collector","floor":33,"turns":5}],"seed_played":"-5960076182508230351","potions_obtained":[{"floor":1.0,"key":"AttackPotion"},{"floor":3.0,"key":"GhostInAJar"},{"floor":4.0,"key":"SpeedPotion"},{"floor":11.0,"key":"Dexterity Potion"},{"floor":13.0,"key":"SkillPotion"},{"floor":16.0,"key":"Fire Potion"},{"floor":19.0,"key":"SteroidPotion"},{"floor":21.0,"key":"SteroidPotion"},{"floor":22.0,"key":"SmokeBomb"},{"floor":23.0,"key":"Swift Potion"},{"floor":30.0,"key":"Explosive Potion"}],"is_trial":false,"path_per_floor":["M","M","M","M","$","R","E","R","T","E","M","R","M","M","R","B",null,"M","M","$","M","M","E","M","M","T","?","R","E","M","M","R","B"],"character_chosen":"THE_SILENT","items_purchased":["Footwork","Reflex","Underhanded Strike","Footwork","Cloak And Dagger"],"campfire_rested":4,"item_purchase_floors":[5,5,5,20,20],"current_hp_per_floor":[56,56,55,50,50,50,20,41,41,34,27,48,45,45,45,6,54,54,54,54,51,38,9,9,9,9,9,32,16,9,3,26,0],"gold":39,"neow_bonus":"ONE_RANDOM_RARE_CARD","is_prod":false,"is_daily":false,"chose_seed":false,"campfire_upgraded":2,"win_rate":0,"timestamp":1563835838,"path_taken":["M","M","M","M","$","R","E","R","T","E","M","R","M","M","R","BOSS","M","M","$","M","M","E","M","M","T","?","R","E","M","M","R","BOSS"],"build_version":"2019-07-17","purchased_purges":1,"victory":false,"max_hp_per_floor":[70,70,70,70,70,70,70,70,70,70,70,70,70,70,70,70,70,70,70,70,70,70,77,77,77,77,77,77,77,77,77,77,77],"card_choices":[{"not_picked":["Deadly Poison","Slice"],"picked":"PiercingWail","floor":1.0},{"not_picked":["Dagger Spray","Reflex"],"picked":"Backflip","floor":2.0},{"not_picked":["Endless Agony","Setup"],"picked":"Prepared","floor":3.0},{"not_picked":["Blade Dance","Accuracy"],"picked":"All Out Attack","floor":4.0},{"not_picked":["Flechettes","Endless Agony"],"picked":"Dagger Throw","floor":7.0},{"not_picked":["Slice","Escape Plan"],"picked":"Acrobatics","floor":10.0},{"not_picked":["Blade Dance","Eviscerate"],"picked":"Adrenaline","floor":11.0},{"not_picked":["Setup","Sucker Punch","Infinite Blades"],"picked":"SKIP","floor":13.0},{"not_picked":["PiercingWail","Expertise"],"picked":"Prepared","floor":14.0},{"not_picked":["Venomology","Night Terror"],"picked":"Corpse Explosion","floor":16.0},{"not_picked":["Bouncing Flask","Reflex"],"picked":"Underhanded Strike","floor":18.0},{"not_picked":["Reflex","Blade Dance"],"picked":"Dodge and Roll","floor":19.0},{"not_picked":["Finisher","Slice"],"picked":"Acrobatics","floor":21.0},{"not_picked":["Sucker Punch","Escape Plan"],"picked":"Eviscerate","floor":22.0},{"not_picked":["All Out Attack","Deflect"],"picked":"Prepared","floor":23.0},{"not_picked":["Bane+1","Distraction","Sucker Punch+1"],"picked":"SKIP","floor":24.0},{"not_picked":["Bane","Outmaneuver","Acrobatics"],"picked":"SKIP","floor":25.0},{"not_picked":["Storm of Steel","Infinite Blades","Doppelganger"],"picked":"SKIP","floor":29.0},{"not_picked":["Dodge and Roll","Escape Plan+1"],"picked":"Acrobatics","floor":30.0}],"player_experience":418302,"relics_obtained":[{"floor":7.0,"key":"Whetstone"},{"floor":9.0,"key":"Shuriken"},{"floor":10.0,"key":"Ninja Scroll"},{"floor":23.0,"key":"Strawberry"},{"floor":26.0,"key":"Snake Skull"},{"floor":29.0,"key":"Ginger"}],"event_choices":[{"cards_removed":["Strike_G"],"damage_healed":0.0,"max_hp_gain":0.0,"max_hp_loss":0.0,"gold_gain":0.0,"event_name":"Purifier","player_choice":"Purged","floor":27.0,"gold_loss":0.0,"damage_taken":0.0}],"is_beta":false,"boss_relics":[{"not_picked":["Coffee Dripper","Busted Crown"],"picked":"Ectoplasm"}],"items_purged_floors":[20],"is_endless":false,"potions_floor_spawned":[1,3,4,11,13,16,19,21,22,23,30],"killed_by":"Collector","ascension_level":10}