{"gold_per_floor":[116,41,41,41,64,64,100,123,150,150,166,22,43,82,82,180,180,196,221,61,79,79,79,92,92,92,121,37,37,37,47,47,121,121,135,135,145,161,173,199,199,217,217,217,231,63,95,52,52,52],"floor_reached":51,"playtime":6093,"items_purged":["Catalyst"],"score":1425,"play_id":"f10fb373-c0c9-46af-9f5f-c6d72ce0452d","local_time":"20190802110353","is_ascension_mode":true,"campfire_choices":[{"data":"Well Laid Plans","floor":6.0,"key":"SMITH"},{"data":"After Image","floor":10.0,"key":"SMITH"},{"data":"Caltrops","floor":15.0,"key":"SMITH"},{"data":"Adrenaline","floor":23.0,"key":"SMITH"},{"data":"A Thousand Cuts","floor":25.0,"key":"SMITH"},{"floor":29.0,"key":"REST"},{"floor":32.0,"key":"REST"},{"floor":41.0,"key":"REST"},{"data":"A Thousand Cuts","floor":44.0,"key":"SMITH"},{"data":"Bullet Time","floor":49.0,"key":"SMITH"}],"neow_cost":"NONE","seed_source_timestamp":781077547902574,"circlet_count":0,"master_deck":["AscendersBane","Survivor","Neutralize","Well Laid Plans+1","After Image+1","Footwork","Flying Knee","Caltrops+1","Predator","Outmaneuver","A Thousand Cuts+1","Adrenaline+1","Leg Sweep","Deflect","A Thousand Cuts+1","Corpse Explosion","Unload","Blur","PiercingWail","PiercingWail","Outmaneuver","Dagger Throw","PiercingWail+1","Calculated Gamble","Sucker Punch","Leg Sweep","Bullet Time+1","Dagger Spray+1","Prepared+1","Caltrops+1","Deflect","Adrenaline+1","Dodge and Roll+1","Glass Knife","Blur","Concentrate+1","Noxious Fumes"],"special_seed":0,"relics":["Ring of the Snake","NeowsBlessing","Bloody Idol","Lantern","Tough Bandages","Bag of Marbles","Darkstone Periapt","Pandora\u0027s Box","Dodecahedron","Potion Belt","Enchiridion","Astrolabe","FossilizedHelix","Bottled Flame","Blood Vial","Molten Egg 2"],"potions_floor_usage":[50],"damage_taken":[{"damage":0.0,"enemies":"2 Louse","floor":1.0,"turns":1.0},{"damage":0.0,"enemies":"Small Slimes","floor":5.0,"turns":2.0},{"damage":0.0,"enemies":"Gremlin Nob","floor":7.0,"turns":1.0},{"damage":0.0,"enemies":"Cultist","floor":8.0,"turns":5.0},{"damage":10.0,"enemies":"3 Louse","floor":11.0,"turns":6.0},{"damage":0.0,"enemies":"Large Slime","floor":13.0,"turns":6.0},{"damage":16.0,"enemies":"3 Sentries","floor":14.0,"turns":11.0},{"damage":3.0,"enemies":"The Guardian","floor":16.0,"turns":13.0},{"damage":2.0,"enemies":"2 Thieves","floor":18.0,"turns":3.0},{"damage":8.0,"enemies":"Shell Parasite","floor":19.0,"turns":7.0},{"damage":0.0,"enemies":"Snecko","floor":21.0,"turns":6.0},{"damage":11.0,"enemies":"Cultist and Chosen","floor":24.0,"turns":6.0},{"damage":23.0,"enemies":"Slavers","floor":27.0,"turns":5.0},{"damage":2.0,"enemies":"Snake Plant","floor":31.0,"turns":5.0},{"damage":13.0,"enemies":"Automaton","floor":33.0,"turns":11.0},{"damage":4.0,"enemies":"Orb Walker","floor":35.0,"turns":5.0},{"damage":17.0,"enemies":"3 Darklings","floor":37.0,"turns":5.0},{"damage":1.0,"enemies":"Jaw Worm Horde","floor":38.0,"turns":3.0},{"damage":8.0,"enemies":"Maw","floor":39.0,"turns":8.0},{"damage":21.0,"enemies":"Nemesis","floor":40.0,"turns":11.0},{"damage":0.0,"enemies":"Sphere and 2 Shapes","floor":42.0,"turns":6.0},{"damage":6.0,"enemies":"3 Darklings","floor":45.0,"turns":3.0},{"damage":4.0,"enemies":"Reptomancer","floor":47.0,"turns":6.0},{"damage":45,"enemies":"Donu and Deca","floor":50,"turns":10}],"seed_played":"3530321259117075859","potions_obtained":[{"floor":1.0,"key":"Weak Potion"},{"floor":7.0,"key":"Block Potion"},{"floor":11.0,"key":"GhostInAJar"},{"floor":13.0,"key":"GhostInAJar"},{"floor":18.0,"key":"EssenceOfSteel"},{"floor":27.0,"key":"Swift Potion"},{"floor":31.0,"key":"Block Potion"},{"floor":35.0,"key":"SmokeBomb"},{"floor":39.0,"key":"EssenceOfSteel"},{"floor":40.0,"key":"Ancient Potion"},{"floor":45.0,"key":"Regen Potion"}],"is_trial":false,"path_per_floor":["M","?","?","?","M","R","E","M","T","R","M","$","M","E","R","B",null,"M","M","$","M","?","R","M","R","T","E","$","R","?","M","R","B",null,"M","?","M","M","M","E","R","M","T","R","M","$","E","$","R","B",null],"character_chosen":"THE_SILENT","items_purchased":["Flying Knee","Caltrops","Outmaneuver","Dagger Throw","Leg Sweep","Blood Vial","Noxious Fumes"],"campfire_rested":3,"item_purchase_floors":[12,12,20,20,28,46,48],"current_hp_per_floor":[59,59,59,59,59,59,59,59,59,59,49,49,49,33,33,30,53,51,43,43,43,43,43,37,37,37,19,19,37,16,19,37,29,52,53,53,41,45,42,26,44,49,49,49,48,48,51,51,51,18],"gold":52,"neow_bonus":"THREE_ENEMY_KILL","is_prod":false,"is_daily":false,"chose_seed":false,"campfire_upgraded":7,"win_rate":0,"timestamp":1564769033,"path_taken":["M","?","?","?","M","R","E","M","T","R","M","$","M","E","R","BOSS","M","?","$","M","?","R","M","R","T","E","$","R","?","M","R","BOSS","M","?","M","M","M","E","R","M","T","R","M","$","E","$","R","BOSS"],"build_version":"2019-07-17","purchased_purges":1,"victory":true,"max_hp_per_floor":[66,66,60,60,60,60,60,60,60,60,60,60,60,60,60,60,60,60,60,60,60,60,60,60,60,60,60,60,60,60,60,60,60,60,60,60,60,60,60,60,60,60,60,60,60,60,60,60,60,60],"card_choices":[{"not_picked":["Distraction","Quick Slash"],"picked":"Catalyst","floor":1.0},{"not_picked":["Slice","Underhanded Strike"],"picked":"Well Laid Plans","floor":5.0},{"not_picked":["Crippling Poison","Quick Slash"],"picked":"After Image","floor":7.0},{"not_picked":["Backflip","PiercingWail"],"picked":"Footwork","floor":8.0},{"not_picked":["Backflip","Underhanded Strike"],"picked":"Dagger Throw","floor":11.0},{"not_picked":["Malaise","Calculated Gamble"],"picked":"Predator","floor":13.0},{"not_picked":["Dodge and Roll","Poisoned Stab"],"picked":"Outmaneuver","floor":14.0},{"not_picked":["Phantasmal Killer","Die Die Die"],"picked":"A Thousand Cuts","floor":16.0},{"not_picked":["Escape Plan","Flechettes"],"picked":"PiercingWail","floor":18.0},{"not_picked":["Underhanded Strike","Quick Slash"],"picked":"PiercingWail","floor":19.0},{"not_picked":["Bane","Underhanded Strike"],"picked":"PiercingWail+1","floor":21.0},{"not_picked":["Quick Slash","Well Laid Plans"],"picked":"Calculated Gamble","floor":24.0},{"not_picked":["All Out Attack","Distraction"],"picked":"Sucker Punch","floor":27.0},{"not_picked":["Prepared","Infinite Blades","Endless Agony"],"picked":"SKIP","floor":31.0},{"not_picked":["Malaise","Tools of the Trade"],"picked":"Bullet Time","floor":33.0},{"not_picked":["PiercingWail","Skewer"],"picked":"Deflect","floor":35.0},{"not_picked":["Quick Slash","Acrobatics+1","Predator"],"picked":"SKIP","floor":37.0},{"not_picked":["Acrobatics","Skewer"],"picked":"Dodge and Roll+1","floor":38.0},{"not_picked":["Poisoned Stab","Dagger Spray","Storm of Steel"],"picked":"SKIP","floor":39.0},{"not_picked":["Prepared+1","Noxious Fumes"],"picked":"Glass Knife","floor":40.0},{"not_picked":["Dodge and Roll+1","Blade Dance"],"picked":"Blur","floor":42.0},{"not_picked":["Poisoned Stab","Prepared+1"],"picked":"Concentrate+1","floor":45.0},{"not_picked":["Expertise+1","Dodge and Roll","Eviscerate+1"],"picked":"SKIP","floor":47.0}],"player_experience":617755,"relics_obtained":[{"floor":7.0,"key":"Tough Bandages"},{"floor":9.0,"key":"Bag of Marbles"},{"floor":14.0,"key":"Darkstone Periapt"},{"floor":26.0,"key":"Dodecahedron"},{"floor":27.0,"key":"Potion Belt"},{"floor":30.0,"key":"Enchiridion"},{"floor":40.0,"key":"FossilizedHelix"},{"floor":43.0,"key":"Bottled Flame"},{"floor":47.0,"key":"Molten Egg 2"}],"event_choices":[{"cards_removed":["Strike_G"],"damage_healed":0.0,"max_hp_gain":0.0,"max_hp_loss":0.0,"gold_gain":0.0,"event_name":"The Cleric","player_choice":"Card Removal","floor":2.0,"gold_loss":75.0,"damage_taken":0.0},{"damage_healed":0.0,"max_hp_gain":0.0,"max_hp_loss":6.0,"gold_gain":0.0,"event_name":"Golden Idol","player_choice":"Lose Max HP","floor":3.0,"gold_loss":0.0,"damage_taken":0.0,"relics_obtained":["Golden Idol"]},{"damage_healed":0.0,"max_hp_gain":0.0,"max_hp_loss":0.0,"gold_gain":0.0,"event_name":"WeMeetAgain","player_choice":"Gave Potion","floor":4.0,"gold_loss":0.0,"damage_taken":0.0,"relics_obtained":["Lantern"]},{"damage_healed":0.0,"max_hp_gain":0.0,"max_hp_loss":0.0,"gold_gain":0.0,"event_name":"Forgotten Altar","player_choice":"Gave Idol","floor":22.0,"relics_lost":["Golden Idol"],"gold_loss":0.0,"damage_taken":0.0,"relics_obtained":["Bloody Idol"]},{"damage_healed":0.0,"max_hp_gain":0.0,"max_hp_loss":0.0,"gold_gain":0.0,"event_name":"Cursed Tome","player_choice":"Obtained Book","floor":30.0,"gold_loss":0.0,"damage_taken":21.0},{"damage_healed":0.0,"max_hp_gain":0.0,"max_hp_loss":0.0,"gold_gain":0.0,"event_name":"Duplicator","player_choice":"Copied","floor":36.0,"gold_loss":0.0,"damage_taken":0.0,"cards_obtained":["Adrenaline"]}],"is_beta":false,"boss_relics":[{"not_picked":["HoveringKite","Philosopher\u0027s Stone"],"picked":"Pandora\u0027s Box"},{"not_picked":["White Beast Statue","Empty Cage"],"picked":"Astrolabe"}],"items_purged_floors":[20],"is_endless":false,"potions_floor_spawned":[1,7,11,13,18,27,31,35,39,40,45],"ascension_level":18}