{"gold_per_floor":[119,134,146,162,10,10,21,21,21,51,63,80,80,97,97,200,200,217,317,331,343,41,41,59,59,59,59,18,18,118,118,118,213,213,231,49,49,59,77,77],"floor_reached":40,"playtime":5554,"items_purged":[],"score":380,"play_id":"07035f40-c4fd-41c7-a186-a1356a0141b4","local_time":"20190628133658","is_ascension_mode":false,"campfire_choices":[{"floor":6,"key":"REST"},{"floor":8,"key":"REST"},{"floor":15,"key":"REST"},{"floor":23,"key":"REST"},{"floor":25,"key":"REST"},{"floor":27,"key":"REST"},{"floor":32,"key":"REST"}],"neow_cost":"PERCENT_DAMAGE","seed_source_timestamp":359237473163201,"circlet_count":0,"master_deck":["Defend_G+1","Defend_G","Defend_G+1","Defend_G","Strike_G","Strike_G","Strike_G","Strike_G","Strike_G","Survivor","Neutralize","Endless Agony","Predator","Crippling Poison","Finisher","Flying Knee","Skewer","PiercingWail","Infinite Blades","Envenom","Backflip","Blade Dance+1","Noxious Fumes","Secret Technique","Unload","Sucker Punch","Quick Slash","Skewer","Slice+1","Bullet Time","Infinite Blades+1","Violence","Backflip+1","Flying Knee+1"],"relics":["Ring of the Snake","Snake Skull","Matryoshka","Ancient Tea Set","WristBlade","Smiling Mask","Kunai","Calipers","Ornamental Fan","Black Star"],"potions_floor_usage":[40,40,40],"damage_taken":[{"damage":1,"enemies":"2 Louse","floor":1,"turns":3},{"damage":0,"enemies":"Jaw Worm","floor":2,"turns":3},{"damage":0,"enemies":"Cultist","floor":3,"turns":3},{"damage":2,"enemies":"2 Fungi Beasts","floor":4,"turns":3},{"damage":19,"enemies":"Large Slime","floor":7,"turns":5},{"damage":0,"enemies":"Exordium Wildlife","floor":11,"turns":3},{"damage":6,"enemies":"Gremlin Gang","floor":12,"turns":4},{"damage":0,"enemies":"Looter","floor":14,"turns":2},{"damage":63,"enemies":"The Guardian","floor":16,"turns":14},{"damage":21,"enemies":"2 Thieves","floor":18,"turns":5},{"damage":15,"enemies":"Chosen","floor":20,"turns":5},{"damage":20,"enemies":"Snecko","floor":21,"turns":4},{"damage":23,"enemies":"Centurion and Healer","floor":24,"turns":6},{"damage":23,"enemies":"Colosseum Slavers","floor":30,"turns":4},{"damage":25,"enemies":"Colosseum Nobs","floor":30,"turns":5},{"damage":56,"enemies":"Automaton","floor":33,"turns":8},{"damage":44,"enemies":"3 Darklings","floor":35,"turns":5},{"damage":7,"enemies":"Orb Walker","floor":38,"turns":3},{"damage":25,"enemies":"Maw","floor":39,"turns":7},{"damage":9,"enemies":"Reptomancer","floor":40,"turns":2}],"seed_played":"6041746377915929774","potions_obtained":[{"floor":4,"key":"AttackPotion"},{"floor":11,"key":"AttackPotion"},{"floor":14,"key":"Weak Potion"},{"floor":38,"key":"SteroidPotion"}],"is_trial":false,"path_per_floor":["M","M","M","M","$","R","M","R","T","?","M","M","?","M","R","B",null,"M","?","M","M","$","R","M","R","T","R","$","$","?","?","R","B",null,"M","$","?","M","M","E"],"character_chosen":"THE_SILENT","items_purchased":["Snake Skull","Secret Technique","Unload","Sucker Punch","Skewer","Violence"],"campfire_rested":7,"item_purchase_floors":[5,22,22,22,28,36],"current_hp_per_floor":[62,62,62,60,60,84,65,84,84,84,84,78,61,61,84,21,84,63,63,48,28,28,53,30,55,55,80,80,80,32,32,57,1,84,40,40,40,33,8,0],"gold":77,"neow_bonus":"TWENTY_PERCENT_HP_BONUS","is_prod":false,"is_daily":false,"chose_seed":false,"campfire_upgraded":0,"win_rate":0.0,"timestamp":1561754218,"path_taken":["M","M","M","M","$","R","M","R","T","?","M","M","?","M","R","BOSS","M","?","M","M","$","R","M","R","T","R","?","$","?","?","R","BOSS","M","$","?","?","M","E"],"build_version":"2019-01-23","purchased_purges":0,"victory":false,"max_hp_per_floor":[84,84,84,84,84,84,84,84,84,84,84,84,84,84,84,84,84,84,84,84,84,84,84,84,84,84,84,84,84,84,84,84,84,84,84,84,84,84,84,84],"card_choices":[{"not_picked":["Dodge and Roll","Deadly Poison"],"picked":"Endless Agony","floor":1},{"not_picked":["Escape Plan","Tactician"],"picked":"Predator","floor":2},{"not_picked":["Deadly Poison","Reflex"],"picked":"Crippling Poison","floor":3},{"not_picked":["Acrobatics","Tactician"],"picked":"Finisher","floor":4},{"not_picked":["Calculated Gamble","Deadly Poison"],"picked":"Flying Knee","floor":7},{"not_picked":["Calculated Gamble","Deflect"],"picked":"Skewer","floor":11},{"not_picked":["Predator","Slice"],"picked":"PiercingWail","floor":12},{"not_picked":["Finisher","Catalyst"],"picked":"Infinite Blades","floor":14},{"not_picked":["Tools of the Trade","A Thousand Cuts"],"picked":"Envenom","floor":16},{"not_picked":["Footwork","Underhanded Strike"],"picked":"Backflip","floor":18},{"not_picked":["Quick Slash","Dagger Spray"],"picked":"Blade Dance+1","floor":20},{"not_picked":["Sucker Punch","Expertise"],"picked":"Noxious Fumes","floor":21},{"not_picked":["Terror","PiercingWail"],"picked":"Quick Slash","floor":24},{"not_picked":["PiercingWail+1","Backflip+1"],"picked":"Slice+1","floor":30},{"not_picked":["Corpse Explosion","Malaise"],"picked":"Bullet Time","floor":33},{"not_picked":["Quick Slash+1","Tactician"],"picked":"Infinite Blades+1","floor":35},{"not_picked":["Slice","Underhanded Strike"],"picked":"Backflip+1","floor":38},{"not_picked":["Slice+1","A Thousand Cuts"],"picked":"Flying Knee+1","floor":39}],"player_experience":22801,"relics_obtained":[{"floor":9,"key":"Matryoshka"},{"floor":26,"key":"Smiling Mask"},{"floor":26,"key":"Kunai"},{"floor":30,"key":"Calipers"},{"floor":30,"key":"Ornamental Fan"}],"event_choices":[{"damage_healed":0,"gold_gain":30,"player_choice":"Searched \u00273\u0027 times","damage_taken":0,"relics_obtained":["Ancient Tea Set"],"max_hp_gain":0,"max_hp_loss":0,"event_name":"Dead Adventurer","floor":10,"gold_loss":0},{"damage_healed":0,"gold_gain":0,"player_choice":"Entered Light","damage_taken":17,"max_hp_gain":0,"max_hp_loss":0,"event_name":"Shining Light","floor":13,"gold_loss":0,"cards_upgraded":["Defend_G","Defend_G"]},{"damage_healed":0,"gold_gain":100,"player_choice":"Pray","damage_taken":0,"max_hp_gain":0,"max_hp_loss":0,"event_name":"Golden Shrine","floor":19,"gold_loss":0},{"damage_healed":0,"gold_gain":0,"player_choice":"Fight","damage_taken":0,"max_hp_gain":0,"max_hp_loss":0,"event_name":"Colosseum","floor":30,"gold_loss":0},{"damage_healed":0,"gold_gain":0,"player_choice":"Fought Nobs","damage_taken":0,"max_hp_gain":0,"max_hp_loss":0,"event_name":"Colosseum","floor":30,"gold_loss":0},{"damage_healed":0,"gold_gain":0,"player_choice":"Ignored","damage_taken":0,"max_hp_gain":0,"max_hp_loss":0,"event_name":"Vampires","floor":31,"gold_loss":0},{"cards_removed":["Defend_G"],"damage_healed":0,"gold_gain":0,"player_choice":"Purged","damage_taken":0,"max_hp_gain":0,"max_hp_loss":0,"event_name":"Purifier","floor":37,"gold_loss":0}],"is_beta":false,"boss_relics":[{"not_picked":["Ectoplasm","Sozu"],"picked":"WristBlade"},{"not_picked":["Busted Crown","Philosopher\u0027s Stone"],"picked":"Black Star"}],"items_purged_floors":[],"is_endless":false,"potions_floor_spawned":[4,11,14,16,20,30,33,38],"killed_by":"Reptomancer","ascension_level":0}