{"gold_per_floor":[110,16,31,49,68,68,102,17,40,40,40,51,78,78,78,153,153,166,166,166,116,135,135,135],"floor_reached":24,"playtime":1551,"items_purged":[],"score":392,"play_id":"f1ab314c-5754-4b65-b607-7cf6b165c1ce","local_time":"20190816135222","is_ascension_mode":true,"campfire_choices":[{"data":"Unload","floor":6.0,"key":"SMITH"},{"floor":11.0,"key":"REST"},{"data":"Tactician","floor":15.0,"key":"SMITH"},{"floor":23,"key":"REST"}],"neow_cost":"NONE","seed_source_timestamp":0,"circlet_count":0,"master_deck":["AscendersBane","Strike_G","Strike_G","Strike_G","Strike_G","Strike_G","Defend_G","Defend_G","Defend_G","Defend_G","Defend_G","Survivor","Neutralize","Unload+1","Escape Plan","Footwork","Underhanded Strike","Dagger Spray","Acrobatics","Noxious Fumes","Dash","Deflect","Outmaneuver","Cloak And Dagger","Tactician+1","Tools of the Trade","PiercingWail","Writhe","Sucker Punch","Flying Knee+1"],"special_seed":0,"relics":["Ring of the Snake","Blood Vial","Vajra","Odd Mushroom","Black Star","Happy Flower"],"potions_floor_usage":[],"damage_taken":[{"damage":1.0,"enemies":"2 Louse","floor":1.0,"turns":2.0},{"damage":0.0,"enemies":"Jaw Worm","floor":3.0,"turns":6.0},{"damage":0.0,"enemies":"Small Slimes","floor":4.0,"turns":3.0},{"damage":2.0,"enemies":"3 Louse","floor":5.0,"turns":4.0},{"damage":40.0,"enemies":"3 Sentries","floor":7.0,"turns":8.0},{"damage":11.0,"enemies":"Lots of Slimes","floor":12.0,"turns":3.0},{"damage":0.0,"enemies":"The Mushroom Lair","floor":13.0,"turns":3.0},{"damage":50,"enemies":"The Guardian","floor":16,"turns":18},{"damage":0,"enemies":"Chosen","floor":18,"turns":5},{"damage":17,"enemies":"2 Thieves","floor":21,"turns":5},{"damage":25,"enemies":"Shelled Parasite and Fungi","floor":22,"turns":9},{"damage":28,"enemies":"Chosen and Byrds","floor":24,"turns":4}],"seed_played":"-2529112035224172387","potions_obtained":[{"floor":4.0,"key":"SpeedPotion"},{"floor":7.0,"key":"Regen Potion"},{"floor":12.0,"key":"AttackPotion"},{"floor":18,"key":"Ancient Potion"}],"is_trial":false,"path_per_floor":["M","$","M","M","M","R","E","$","T","$","R","M","?","?","R","B",null,"M","?","?","M","M","R","M"],"character_chosen":"THE_SILENT","items_purchased":["Footwork","Underhanded Strike","Deflect","Outmaneuver"],"campfire_rested":2,"item_purchase_floors":[2,2,8,8],"current_hp_per_floor":[58,58,58,58,56,56,16,16,16,16,35,26,28,50,50,2,50,52,52,43,28,5,24,0],"gold":135,"neow_bonus":"ONE_RANDOM_RARE_CARD","is_prod":false,"is_daily":false,"chose_seed":false,"campfire_upgraded":2,"win_rate":0,"timestamp":1565988742,"path_taken":["M","$","M","M","M","R","E","$","T","$","R","M","?","?","R","BOSS","M","?","?","M","?","R","M"],"build_version":"2019-07-17","purchased_purges":0,"victory":false,"max_hp_per_floor":[66,66,66,66,66,66,66,66,66,66,66,66,66,66,66,66,66,66,66,66,66,66,66,66],"card_choices":[{"not_picked":["Backflip","Poisoned Stab"],"picked":"Escape Plan","floor":1.0},{"not_picked":["Acrobatics","Setup"],"picked":"Dagger Spray","floor":3.0},{"not_picked":["Predator","Calculated Gamble"],"picked":"Acrobatics","floor":4.0},{"not_picked":["Dagger Spray","Phantasmal Killer"],"picked":"Noxious Fumes","floor":5.0},{"not_picked":["Infinite Blades","Envenom"],"picked":"Dash","floor":7.0},{"not_picked":["Riddle With Holes","Backstab"],"picked":"Cloak And Dagger","floor":12.0},{"not_picked":["PiercingWail","Caltrops"],"picked":"Tactician","floor":13.0},{"not_picked":["Die Die Die","Glass Knife"],"picked":"Tools of the Trade","floor":16},{"not_picked":["Dagger Throw","Slice+1"],"picked":"PiercingWail","floor":18},{"not_picked":["Prepared+1","Blade Dance+1"],"picked":"Sucker Punch","floor":21},{"not_picked":["Escape Plan","Dagger Spray"],"picked":"Flying Knee+1","floor":22}],"player_experience":762262,"relics_obtained":[{"floor":7.0,"key":"Blood Vial"},{"floor":9.0,"key":"Vajra"},{"floor":13.0,"key":"Odd Mushroom"}],"event_choices":[{"damage_healed":0.0,"max_hp_gain":0.0,"max_hp_loss":0.0,"gold_gain":0.0,"event_name":"Mushrooms","player_choice":"Fought Mushrooms","floor":13.0,"gold_loss":0.0,"damage_taken":0.0},{"damage_healed":22.0,"max_hp_gain":0.0,"max_hp_loss":0.0,"gold_gain":0.0,"event_name":"Big Fish","player_choice":"Banana","floor":14.0,"gold_loss":0.0,"damage_taken":0.0},{"damage_healed":0,"gold_gain":0,"player_choice":"Opened","damage_taken":0,"relics_obtained":["Happy Flower"],"max_hp_gain":0,"max_hp_loss":0,"event_name":"The Mausoleum","floor":19,"gold_loss":0,"cards_obtained":["Writhe"]},{"damage_healed":0,"gold_gain":0,"player_choice":"Damaged","damage_taken":9,"max_hp_gain":0,"max_hp_loss":0,"event_name":"Wheel of Change","floor":20,"gold_loss":0}],"is_beta":false,"boss_relics":[{"not_picked":["Busted Crown","Velvet Choker"],"picked":"Black Star"}],"items_purged_floors":[],"is_endless":false,"potions_floor_spawned":[4,7,12,18,22],"killed_by":"Chosen and Byrds","ascension_level":20}