{"gold_per_floor":[116,130,150,170,170,197,197,197,197,217,26,26,37,57,57,154,154,173,185,147,163,176,176,176,195,195,195,50,62,72,84,84,180,180,194,194,119,139,150,150,160,160,160,194,213,213,227,227,227,227],"floor_reached":51,"playtime":6453,"items_purged":["Strike_R"],"score":687,"play_id":"5a5da696-b1f6-4808-bccf-e91b6358a5fb","local_time":"20190820151930","is_ascension_mode":false,"campfire_choices":[{"floor":7,"key":"REST"},{"data":"Searing Blow","floor":12,"key":"SMITH"},{"floor":15,"key":"REST"},{"data":"Feed","floor":23,"key":"SMITH"},{"data":"Body Slam","floor":27,"key":"SMITH"},{"floor":32,"key":"REST"},{"data":"Barricade","floor":40,"key":"SMITH"},{"data":"Armaments","floor":46,"key":"SMITH"},{"floor":49,"key":"REST"}],"neow_cost":"NONE","seed_source_timestamp":8071333275578,"circlet_count":0,"master_deck":["Strike_R","Strike_R","Strike_R","Defend_R","Defend_R","Defend_R","Defend_R+1","Bash","Second Wind+1","Shrug It Off","Flex","Iron Wave","Juggernaut","Searing Blow+1","Battle Trance","Armaments","Feed+1","True Grit+1","Metallicize","Armaments","Body Slam+1","Ghostly Armor","Barricade+1","Armaments+1","Impervious","Ghostly Armor","Blind","Metallicize"],"relics":["Black Blood","Self Forming Clay","Mummified Hand","Orichalcum","Sozu","CultistMask","Mercury Hourglass","Molten Egg 2","Dodecahedron"],"potions_floor_usage":[6,6,22,31],"damage_taken":[{"damage":3,"enemies":"Small Slimes","floor":1,"turns":3},{"damage":1,"enemies":"Jaw Worm","floor":2,"turns":3},{"damage":0,"enemies":"2 Louse","floor":3,"turns":3},{"damage":23,"enemies":"Exordium Thugs","floor":4,"turns":7},{"damage":36,"enemies":"Gremlin Nob","floor":6,"turns":5},{"damage":9,"enemies":"3 Louse","floor":10,"turns":4},{"damage":7,"enemies":"Lots of Slimes","floor":13,"turns":4},{"damage":3,"enemies":"2 Fungi Beasts","floor":14,"turns":5},{"damage":41,"enemies":"Hexaghost","floor":16,"turns":12},{"damage":12,"enemies":"2 Thieves","floor":18,"turns":5},{"damage":9,"enemies":"Chosen","floor":19,"turns":4},{"damage":35,"enemies":"Shelled Parasite and Fungi","floor":21,"turns":6},{"damage":10,"enemies":"3 Cultists","floor":22,"turns":5},{"damage":11,"enemies":"Snake Plant","floor":25,"turns":4},{"damage":0,"enemies":"Centurion and Healer","floor":29,"turns":6},{"damage":2,"enemies":"Sentry and Sphere","floor":30,"turns":7},{"damage":6,"enemies":"Snecko","floor":31,"turns":4},{"damage":25,"enemies":"Automaton","floor":33,"turns":11},{"damage":15,"enemies":"3 Darklings","floor":35,"turns":6},{"damage":1,"enemies":"3 Shapes","floor":38,"turns":5},{"damage":20,"enemies":"Spire Growth","floor":39,"turns":7},{"damage":24,"enemies":"Jaw Worm Horde","floor":41,"turns":8},{"damage":42,"enemies":"Reptomancer","floor":44,"turns":12},{"damage":1,"enemies":"4 Shapes","floor":45,"turns":4},{"damage":8,"enemies":"Transient","floor":47,"turns":5},{"damage":11,"enemies":"Time Eater","floor":50,"turns":15}],"seed_played":"-3698179355007270748","potions_obtained":[{"floor":1,"key":"SneckoOil"},{"floor":2,"key":"Energy Potion"},{"floor":6,"key":"SneckoOil"}],"is_trial":false,"path_per_floor":["M","M","M","M","?","E","R","?","T","M","$","R","M","M","R","B",null,"M","M","$","M","M","R","?","M","T","R","$","M","M","M","R","B",null,"M","?","$","M","M","R","M","?","T","E","M","R","M","?","R","B",null],"character_chosen":"IRONCLAD","items_purchased":["Orichalcum","Explosive Potion","Metallicize","Barricade"],"campfire_rested":4,"item_purchase_floors":[11,11,20,28],"current_hp_per_floor":[88,88,88,71,53,23,49,49,49,46,46,46,45,48,74,39,88,85,82,82,56,55,55,55,54,54,54,54,60,68,68,99,80,105,100,100,100,105,99,99,89,89,89,57,66,66,68,68,101,100],"gold":227,"neow_bonus":"TEN_PERCENT_HP_BONUS","is_prod":false,"is_daily":false,"chose_seed":false,"campfire_upgraded":5,"win_rate":0.0,"timestamp":1566328770,"path_taken":["M","M","M","M","?","E","R","?","T","M","$","R","M","M","R","BOSS","M","M","$","M","M","R","?","M","T","R","$","M","M","M","R","BOSS","M","?","$","M","M","R","M","?","T","E","M","R","?","?","R","BOSS"],"build_version":"2019-07-17","purchased_purges":1,"victory":true,"max_hp_per_floor":[88,88,88,88,88,88,88,88,88,88,88,88,88,88,88,88,88,91,91,91,94,97,97,97,101,101,101,101,101,105,105,105,105,105,105,105,105,105,109,109,113,113,113,113,113,113,113,113,113,113],"card_choices":[{"not_picked":["Entrench","Shrug It Off"],"picked":"Second Wind","floor":1},{"not_picked":["True Grit","Wild Strike"],"picked":"Shrug It Off","floor":2},{"not_picked":["Corruption","Sword Boomerang"],"picked":"Flex","floor":3},{"not_picked":["Reckless Charge","Twin Strike"],"picked":"Iron Wave","floor":4},{"not_picked":["Heavy Blade","Cleave"],"picked":"Juggernaut","floor":6},{"not_picked":["Pommel Strike","Anger"],"picked":"Battle Trance","floor":10},{"not_picked":["Thunderclap","Rampage"],"picked":"Armaments","floor":13},{"not_picked":["Dual Wield","Anger","Evolve"],"picked":"SKIP","floor":14},{"not_picked":["Fiend Fire","Berserk"],"picked":"Feed","floor":16},{"not_picked":["Anger","Havoc","Warcry"],"picked":"SKIP","floor":18},{"not_picked":["Headbutt","Dual Wield"],"picked":"True Grit+1","floor":19},{"not_picked":["Pommel Strike","Headbutt"],"picked":"Armaments","floor":21},{"not_picked":["Shrug It Off","Burning Pact+1"],"picked":"Body Slam","floor":22},{"not_picked":["Pummel","Entrench+1"],"picked":"Ghostly Armor","floor":25},{"not_picked":["Uppercut","Limit Break","Flex+1"],"picked":"SKIP","floor":29},{"not_picked":["Flex","Clash"],"picked":"Armaments","floor":30},{"not_picked":["Perfected Strike","Wild Strike","Iron Wave"],"picked":"SKIP","floor":31},{"not_picked":["Double Tap","Reaper"],"picked":"Impervious","floor":33},{"not_picked":["Shrug It Off","Reckless Charge+1"],"picked":"Ghostly Armor","floor":35},{"not_picked":["Secret Weapon","Metamorphosis"],"picked":"Blind","floor":36},{"not_picked":["Clothesline+1","Twin Strike","Havoc+1"],"picked":"SKIP","floor":38},{"not_picked":["Clothesline+1","Flame Barrier","Perfected Strike+1"],"picked":"SKIP","floor":39},{"not_picked":["Shrug It Off","Headbutt+1","Bloodletting"],"picked":"SKIP","floor":41},{"not_picked":["Burning Pact","Demon Form","Shrug It Off"],"picked":"SKIP","floor":44},{"not_picked":["Evolve+1","Inflame"],"picked":"Metallicize","floor":45},{"not_picked":["Perfected Strike+1","Thunderclap+1","Wild Strike+1"],"picked":"SKIP","floor":47}],"player_experience":89680,"relics_obtained":[{"floor":6,"key":"Self Forming Clay"},{"floor":9,"key":"Mummified Hand"},{"floor":26,"key":"Mercury Hourglass"},{"floor":43,"key":"Molten Egg 2"},{"floor":44,"key":"Dodecahedron"}],"event_choices":[{"damage_healed":0,"gold_gain":0,"player_choice":"Entered Light","damage_taken":18,"max_hp_gain":0,"max_hp_loss":0,"event_name":"Shining Light","floor":5,"gold_loss":0,"cards_upgraded":["Defend_R","Second Wind"]},{"damage_healed":0,"gold_gain":0,"cards_transformed":["Strike_R"],"player_choice":"Change","damage_taken":0,"max_hp_gain":0,"max_hp_loss":0,"event_name":"Living Wall","floor":8,"gold_loss":0,"cards_obtained":["Searing Blow"]},{"damage_healed":0,"gold_gain":0,"player_choice":"Trade","damage_taken":0,"relics_obtained":["CultistMask"],"max_hp_gain":0,"max_hp_loss":0,"event_name":"FaceTrader","floor":24,"gold_loss":0},{"damage_healed":0,"gold_gain":0,"player_choice":"Memory 1","damage_taken":0,"max_hp_gain":0,"max_hp_loss":0,"event_name":"SensoryStone","floor":36,"gold_loss":0},{"damage_healed":0,"gold_gain":0,"player_choice":"Got Potions","damage_taken":0,"max_hp_gain":0,"max_hp_loss":0,"event_name":"Lab","floor":42,"gold_loss":0},{"damage_healed":0,"gold_gain":0,"player_choice":"Ignored","damage_taken":0,"max_hp_gain":0,"max_hp_loss":0,"event_name":"Mysterious Sphere","floor":48,"gold_loss":0}],"is_beta":false,"boss_relics":[{"not_picked":["Black Star","Runic Cube"],"picked":"Sozu"},{"not_picked":["Astrolabe","White Beast Statue"],"picked":"Black Blood"}],"items_purged_floors":[37],"is_endless":false,"potions_floor_spawned":[1,2,6,18,21,29,33,38,44,45],"ascension_level":0}