{"gold_per_floor":[119,194,194,214,234,278,309,345,345,345,358,377,401,401],"floor_reached":14,"playtime":1346,"items_purged":[],"score":112,"play_id":"082cf3d1-34e8-4006-ae4b-b3baa5b899d5","local_time":"20180813200725","is_ascension_mode":true,"campfire_choices":[{"floor":10,"key":"REST"}],"neow_cost":"NONE","seed_source_timestamp":240017520998915,"circlet_count":0,"master_deck":["Strike_R","Strike_R","Strike_R","Strike_R","Defend_R","Defend_R","Defend_R","Defend_R","Bash","Rampage","Thunderclap","Barricade","Headbutt","Inflame","Pommel Strike"],"relics":["Burning Blood","Golden Idol","Bottled Flame","Odd Mushroom","Vajra","Self Forming Clay"],"potions_floor_usage":[8,12,12,13,14],"damage_taken":[{"damage":3,"enemies":"2 Louse","floor":1,"turns":3},{"damage":7,"enemies":"Jaw Worm","floor":4,"turns":3},{"damage":4,"enemies":"Small Slimes","floor":5,"turns":5},{"damage":15,"enemies":"Gremlin Nob","floor":6,"turns":4},{"damage":22,"floor":7,"turns":5},{"damage":22,"enemies":"3 Sentries","floor":8,"turns":7},{"damage":10,"enemies":"Red Slaver","floor":11,"turns":3},{"damage":6,"enemies":"Lots of Slimes","floor":12,"turns":2},{"damage":26,"enemies":"Large Slime","floor":13,"turns":5},{"damage":13,"enemies":"Lagavulin","floor":14,"turns":5}],"seed_played":"-2263915316401938633","potions_obtained":[{"floor":6,"key":"SteroidPotion"},{"floor":7,"key":"SkillPotion"},{"floor":8,"key":"Poison Potion"},{"floor":11,"key":"Poison Potion"},{"floor":13,"key":"Poison Potion"}],"is_trial":false,"path_per_floor":["M","?","?","M","M","E","?","E","T","R","M","M","M"],"character_chosen":"IRONCLAD","items_purchased":[],"campfire_rested":1,"item_purchase_floors":[],"current_hp_per_floor":[80,69,49,48,50,41,25,9,9,33,29,29,9,0],"gold":401,"neow_bonus":"REMOVE_CARD","is_prod":false,"is_daily":false,"chose_seed":false,"campfire_upgraded":0,"win_rate":0,"timestamp":1534183645,"path_taken":["M","?","?","?","M","E","?","E","T","R","M","M","M","E"],"build_version":"2018-08-09","purchased_purges":0,"victory":false,"max_hp_per_floor":[80,80,80,80,80,80,80,80,80,80,80,80,80,80],"card_choices":[{"not_picked":["Iron Wave","Thunderclap"],"picked":"Rampage","floor":1},{"not_picked":["Cleave","Clothesline"],"picked":"Thunderclap","floor":4},{"not_picked":["Whirlwind","Body Slam","Fire Breathing"],"picked":"SKIP","floor":5},{"not_picked":["Second Wind","Wild Strike"],"picked":"Barricade","floor":6},{"not_picked":["Carnage","True Grit"],"picked":"Headbutt","floor":7},{"not_picked":["Sever Soul","Anger"],"picked":"Inflame","floor":8},{"not_picked":["Thunderclap","Clash","Cleave"],"picked":"SKIP","floor":11},{"not_picked":["Perfected Strike","Havoc","Sword Boomerang"],"picked":"SKIP","floor":12},{"not_picked":["Wild Strike","Sword Boomerang"],"picked":"Pommel Strike","floor":13}],"player_experience":303491,"relics_obtained":[{"floor":6,"key":"Bottled Flame"},{"floor":7,"key":"Odd Mushroom"},{"floor":8,"key":"Vajra"},{"floor":9,"key":"Self Forming Clay"}],"event_choices":[{"event_name":"World of Goop","player_choice":"Gather Gold","floor":2,"damage_taken":0},{"event_name":"Golden Idol","player_choice":"Take Damage","floor":3,"damage_taken":0},{"event_name":"Mushrooms","player_choice":"Fought Mushrooms","floor":7,"damage_taken":0}],"is_beta":false,"boss_relics":[],"items_purged_floors":[],"is_endless":false,"potions_floor_spawned":[6,7,8,11,13],"killed_by":"Lagavulin","ascension_level":2}