{"gold_per_floor":[109,109,125,45,45,45,73,73,100,100,100,119,119,134,134,236,236,251,29,29,39,39,39],"floor_reached":23,"playtime":1316,"items_purged":[],"score":187,"play_id":"eafc8fe7-143f-44f0-b799-cb74d4db36bf","local_time":"20190701163534","is_ascension_mode":false,"campfire_choices":[{"data":"Infinite Blades","floor":6,"key":"SMITH"},{"floor":8,"key":"REST"},{"floor":11,"key":"REST"},{"data":"Accuracy","floor":13,"key":"SMITH"},{"data":"Storm of Steel","floor":15,"key":"SMITH"}],"neow_cost":"NONE","seed_source_timestamp":633395921158743,"circlet_count":0,"master_deck":["Defend_G","Defend_G","Defend_G+1","Defend_G","Defend_G+1","Strike_G","Strike_G","Strike_G","Strike_G","Strike_G","Survivor","Neutralize","Prepared","Sucker Punch","Storm of Steel+1","Neutralize","Tactician+1","Infinite Blades+1","Blade Dance+1","Accuracy+1","Leg Sweep","Phantasmal Killer","Dash","Poisoned Stab","Backflip","Dagger Throw","Masterful Stab","Bullet Time","Accuracy","Blade Dance","Flying Knee","Backstab","Necronomicurse","Sucker Punch+1"],"relics":["Ring of the Snake","Sundial","War Paint","Orrery","Necronomicon","MutagenicStrength"],"potions_floor_usage":[23,23,23],"damage_taken":[{"damage":4,"enemies":"Jaw Worm","floor":1,"turns":5},{"damage":1,"enemies":"Cultist","floor":3,"turns":4},{"damage":26,"enemies":"3 Sentries","floor":7,"turns":9},{"damage":0,"enemies":"Small Slimes","floor":12,"turns":3},{"damage":10,"enemies":"2 Fungi Beasts","floor":14,"turns":3},{"damage":12,"enemies":"Hexaghost","floor":16,"turns":10},{"damage":13,"enemies":"3 Byrds","floor":18,"turns":5},{"damage":24,"enemies":"Spheric Guardian","floor":21,"turns":4},{"damage":18,"enemies":"Book of Stabbing","floor":23,"turns":5}],"seed_played":"8707442726487022094","potions_obtained":[{"floor":7,"key":"Fire Potion"},{"floor":12,"key":"Block Potion"},{"floor":21,"key":"SteroidPotion"}],"is_trial":false,"path_per_floor":["M","?","M","$","?","R","E","R","T","?","R","M","R","M","R","B",null,"M","$","?","M","?","E"],"character_chosen":"THE_SILENT","items_purchased":["Infinite Blades","Accuracy","Blade Dance","Flying Knee","Backstab"],"campfire_rested":2,"item_purchase_floors":[4,19,19,19,19],"current_hp_per_floor":[66,66,65,65,65,65,39,60,60,46,67,67,67,57,57,45,70,57,57,41,17,17,0],"gold":39,"neow_bonus":"THREE_CARDS","is_prod":false,"is_daily":false,"chose_seed":false,"campfire_upgraded":3,"win_rate":0.0,"timestamp":1562024134,"path_taken":["M","?","?","?","?","R","E","R","T","?","R","M","R","M","R","BOSS","M","$","?","M","?","E"],"build_version":"2019-01-23","purchased_purges":0,"victory":false,"max_hp_per_floor":[70,70,70,70,70,70,70,70,70,70,70,70,70,70,70,70,70,70,70,70,70,70,70],"card_choices":[{"not_picked":["Deadly Poison","Bane"],"picked":"Prepared","floor":0},{"not_picked":["PiercingWail","Choke"],"picked":"Sucker Punch","floor":1},{"not_picked":["Prepared","Dagger Spray"],"picked":"Tactician","floor":3},{"not_picked":["Well Laid Plans","Outmaneuver"],"picked":"Blade Dance","floor":7},{"not_picked":["Noxious Fumes","Dodge and Roll"],"picked":"Accuracy","floor":12},{"not_picked":["Calculated Gamble","Underhanded Strike"],"picked":"Leg Sweep","floor":14},{"not_picked":["Unload","Malaise"],"picked":"Phantasmal Killer","floor":16},{"not_picked":["Dagger Spray","Poisoned Stab"],"picked":"Dash","floor":17},{"not_picked":["Skewer","Bouncing Flask"],"picked":"Poisoned Stab","floor":17},{"not_picked":["Sucker Punch","Quick Slash"],"picked":"Backflip","floor":17},{"not_picked":["Catalyst","Leg Sweep"],"picked":"Dagger Throw","floor":17},{"not_picked":["Deadly Poison","Dagger Throw"],"picked":"Masterful Stab","floor":17},{"not_picked":["Terror","Crippling Poison"],"picked":"Bullet Time","floor":18},{"not_picked":["Deflect","Acrobatics"],"picked":"Sucker Punch+1","floor":21}],"player_experience":63667,"relics_obtained":[{"floor":7,"key":"Sundial"},{"floor":9,"key":"War Paint"},{"floor":20,"key":"Necronomicon"}],"event_choices":[{"damage_healed":0,"gold_gain":0,"player_choice":"2 cards matched","damage_taken":0,"max_hp_gain":0,"max_hp_loss":0,"event_name":"Match and Keep!","floor":2,"gold_loss":0,"cards_obtained":["Storm of Steel","Neutralize"]},{"damage_healed":0,"gold_gain":0,"player_choice":"Leave","damage_taken":0,"max_hp_gain":0,"max_hp_loss":0,"event_name":"The Cleric","floor":5,"gold_loss":0},{"damage_healed":0,"gold_gain":0,"player_choice":"Entered Light","damage_taken":14,"max_hp_gain":0,"max_hp_loss":0,"event_name":"Shining Light","floor":10,"gold_loss":0,"cards_upgraded":["Defend_G","Blade Dance"]},{"damage_healed":0,"gold_gain":0,"player_choice":"Obtained Book","damage_taken":16,"max_hp_gain":0,"max_hp_loss":0,"event_name":"Cursed Tome","floor":20,"gold_loss":0},{"damage_healed":0,"gold_gain":0,"player_choice":"Inject Mutagens","damage_taken":0,"relics_obtained":["MutagenicStrength"],"max_hp_gain":0,"max_hp_loss":0,"event_name":"Drug Dealer","floor":22,"gold_loss":0}],"is_beta":false,"boss_relics":[{"not_picked":["Velvet Choker","Runic Dome"],"picked":"Orrery"}],"items_purged_floors":[],"is_endless":false,"potions_floor_spawned":[7,12,21],"killed_by":"Book of Stabbing","ascension_level":0}