{"gold_per_floor":[109,125,175,188,207,207,207,234,234,234,254,254,254,274,274,274],"floor_reached":16,"playtime":753,"items_purged":[],"score":204,"play_id":"8d0c4540-bb2e-4b98-ba0b-baf04ed7f595","local_time":"20190805153008","is_ascension_mode":true,"campfire_choices":[{"floor":6,"key":"DIG"},{"floor":10,"key":"REST"},{"floor":13,"key":"DIG"},{"floor":15,"key":"REST"}],"neow_cost":"TEN_PERCENT_HP_LOSS","seed_source_timestamp":1062104347825774,"circlet_count":0,"master_deck":["AscendersBane","Strike_G","Strike_G+1","Strike_G","Strike_G","Strike_G+1","Defend_G","Defend_G","Defend_G","Defend_G","Defend_G","Survivor","Neutralize","All Out Attack","Caltrops","Dodge and Roll","Dash","Noxious Fumes","Footwork","Bane"],"special_seed":0,"relics":["Ring of the Snake","Shovel","Darkstone Periapt","Question Card","Whetstone","Matryoshka","Potion Belt"],"potions_floor_usage":[8,8],"damage_taken":[{"damage":0.0,"enemies":"Cultist","floor":1.0,"turns":4.0},{"damage":0.0,"enemies":"Jaw Worm","floor":2.0,"turns":4.0},{"damage":10.0,"enemies":"Small Slimes","floor":4.0,"turns":5.0},{"damage":3,"enemies":"Looter","floor":5,"turns":5},{"damage":27,"enemies":"Lagavulin","floor":8,"turns":8},{"damage":9,"enemies":"Blue Slaver","floor":11,"turns":4},{"damage":0,"enemies":"Large Slime","floor":14,"turns":8},{"damage":35,"enemies":"Hexaghost","floor":16,"turns":11}],"seed_played":"-1039066862743457931","potions_obtained":[{"floor":2.0,"key":"PowerPotion"},{"floor":4.0,"key":"EssenceOfSteel"}],"is_trial":false,"path_per_floor":["M","M","?","M","M","R","?","E","T","R","M","?","R","M","R","B"],"character_chosen":"THE_SILENT","items_purchased":[],"campfire_rested":2,"item_purchase_floors":[],"current_hp_per_floor":[59,59,59,49,46,46,35,8,8,26,17,17,17,17,35,0],"gold":274,"neow_bonus":"ONE_RARE_RELIC","is_prod":false,"is_daily":false,"chose_seed":false,"campfire_upgraded":0,"win_rate":0,"timestamp":1565044208,"path_taken":["M","?","?","?","M","R","?","E","T","R","M","?","R","M","R","BOSS"],"build_version":"2019-07-17","purchased_purges":0,"victory":false,"max_hp_per_floor":[60,60,60,60,60,60,60,60,60,60,60,60,60,60,60,60],"card_choices":[{"not_picked":["Slice","Endless Agony"],"picked":"All Out Attack","floor":1.0},{"not_picked":["Calculated Gamble","Flying Knee"],"picked":"Caltrops","floor":2.0},{"not_picked":["Setup","Reflex"],"picked":"Dodge and Roll","floor":4.0},{"not_picked":["Underhanded Strike","Sucker Punch"],"picked":"Dash","floor":5},{"not_picked":["Deadly Poison","Backflip","Outmaneuver"],"picked":"Noxious Fumes","floor":8},{"not_picked":["Calculated Gamble","Caltrops","Reflex"],"picked":"Footwork","floor":11},{"not_picked":["Blade Dance","Quick Slash","Dodge and Roll"],"picked":"Bane","floor":14}],"player_experience":655216,"relics_obtained":[{"floor":6,"key":"Darkstone Periapt"},{"floor":8,"key":"Whetstone"},{"floor":9,"key":"Matryoshka"},{"floor":13,"key":"Potion Belt"}],"event_choices":[{"damage_healed":0.0,"max_hp_gain":0.0,"max_hp_loss":0.0,"gold_gain":50.0,"event_name":"Golden Shrine","player_choice":"Pray","floor":3.0,"gold_loss":0.0,"damage_taken":0.0},{"damage_healed":0,"gold_gain":0,"player_choice":"Success","damage_taken":11,"relics_obtained":["Question Card"],"max_hp_gain":0,"max_hp_loss":0,"event_name":"Scrap Ooze","floor":7,"gold_loss":0},{"damage_healed":0,"gold_gain":0,"player_choice":"Ignored","damage_taken":0,"max_hp_gain":0,"max_hp_loss":0,"event_name":"Shining Light","floor":12,"gold_loss":0}],"is_beta":false,"boss_relics":[],"items_purged_floors":[],"is_endless":false,"potions_floor_spawned":[2,4,5],"killed_by":"Hexaghost","ascension_level":20}