{"gold_per_floor":[110,110,130,147,58,58,84,84,108,108,121,152,152,193,193,282,282,301,301,351,327,348,348,348,33,59,36,76,1,1,16,16,109,172,190,213,237,1,1,1],"floor_reached":40,"playtime":2272,"items_purged":[],"score":922,"play_id":"27831397-0da4-4acf-973d-37b8da10378a","local_time":"20190801110548","is_ascension_mode":true,"campfire_choices":[{"data":"Glass Knife","floor":6.0,"key":"SMITH"},{"floor":8.0,"key":"REST"},{"data":"A Thousand Cuts","floor":10.0,"key":"SMITH"},{"data":"After Image","floor":15.0,"key":"SMITH"},{"floor":23.0,"key":"REST"},{"floor":30,"key":"REST"},{"floor":32,"key":"REST"}],"neow_cost":"NONE","seed_source_timestamp":699081406777212,"circlet_count":0,"master_deck":["AscendersBane","Strike_G+1","Strike_G+1","Strike_G+1","Defend_G+1","Defend_G+1","Defend_G+1","Defend_G+1","Defend_G+1","Survivor","Neutralize+1","Leg Sweep","Blur","Dagger Spray","Glass Knife+1","A Thousand Cuts+1","PiercingWail","PiercingWail","After Image+1","Envenom+1","Blade Dance","Riddle With Holes","Cloak And Dagger","Blade Dance","Terror","Infinite Blades","Caltrops","Footwork","Noxious Fumes","Well Laid Plans","Outmaneuver","Skewer+1","Accuracy","Backflip","Outmaneuver","Storm of Steel","Calculated Gamble","Backstab","Concentrate","Deflect","Footwork"],"special_seed":0,"relics":["Ring of the Snake","NeowsBlessing","Boot","Orichalcum","Bottled Flame","Golden Idol","The Courier","WristBlade","Art of War","Mercury Hourglass","Tiny House","Sling"],"potions_floor_usage":[33,35],"damage_taken":[{"damage":0.0,"enemies":"Small Slimes","floor":1.0,"turns":1.0},{"damage":0.0,"enemies":"Jaw Worm","floor":3.0,"turns":1.0},{"damage":0.0,"enemies":"Cultist","floor":4.0,"turns":1.0},{"damage":32.0,"enemies":"3 Sentries","floor":7.0,"turns":16.0},{"damage":0.0,"enemies":"3 Louse","floor":11.0,"turns":2.0},{"damage":21.0,"enemies":"Lagavulin","floor":12.0,"turns":8.0},{"damage":9.0,"enemies":"3 Sentries","floor":14.0,"turns":5.0},{"damage":0.0,"enemies":"The Guardian","floor":16.0,"turns":16.0},{"damage":24.0,"enemies":"Shell Parasite","floor":18.0,"turns":9.0},{"damage":5.0,"enemies":"2 Thieves","floor":21.0,"turns":4.0},{"damage":8.0,"enemies":"Centurion and Healer","floor":22.0,"turns":9.0},{"damage":25,"enemies":"Book of Stabbing","floor":28,"turns":5},{"damage":13,"enemies":"Snake Plant","floor":31,"turns":4},{"damage":39,"enemies":"Automaton","floor":33,"turns":10},{"damage":16,"enemies":"Orb Walker","floor":35,"turns":4},{"damage":0,"enemies":"3 Shapes","floor":36,"turns":3},{"damage":21,"enemies":"Sphere and 2 Shapes","floor":37,"turns":6},{"damage":57,"enemies":"Reptomancer","floor":40,"turns":3}],"seed_played":"-3056606723672592089","potions_obtained":[{"floor":3.0,"key":"Fire Potion"},{"floor":7.0,"key":"Regen Potion"},{"floor":16.0,"key":"Regen Potion"},{"floor":22.0,"key":"PowerPotion"},{"floor":31,"key":"Ancient Potion"},{"floor":34,"key":"Strength Potion"},{"floor":35,"key":"SpeedPotion"}],"is_trial":false,"path_per_floor":["M","?","M","M","$","R","E","R","T","R","M","E","?","E","R","B",null,"M","?","?","M","M","R","?","$","T","$","E","$","R","M","R","B",null,"M","M","M","$","?","E"],"character_chosen":"THE_SILENT","items_purchased":["Glass Knife","Infinite Blades","Caltrops","Footwork","Noxious Fumes","Well Laid Plans","Outmaneuver","Accuracy","Backflip","Footwork","Sling"],"campfire_rested":4,"item_purchase_floors":[5,25,25,25,25,25,27,29,29,38,38],"current_hp_per_floor":[59,59,59,59,59,59,27,46,46,46,46,25,25,30,30,30,53,43,43,37,32,24,42,42,42,42,42,17,17,35,22,40,1,50,34,34,13,13,53,0],"gold":1,"neow_bonus":"THREE_ENEMY_KILL","is_prod":false,"is_daily":false,"chose_seed":false,"campfire_upgraded":3,"win_rate":0,"timestamp":1564682748,"path_taken":["M","?","M","M","$","R","E","R","T","R","M","E","?","E","R","BOSS","M","?","?","?","M","R","?","?","T","$","E","$","R","M","R","BOSS","M","M","M","$","?","E"],"build_version":"2019-07-17","purchased_purges":0,"victory":false,"max_hp_per_floor":[66,66,66,66,66,66,66,66,66,66,66,66,60,60,60,60,60,60,60,60,60,60,60,60,60,60,60,60,60,60,60,60,60,65,65,65,65,65,53,53],"card_choices":[{"not_picked":["Prepared","Deadly Poison"],"picked":"Leg Sweep","floor":1.0},{"not_picked":["Cloak And Dagger","Eviscerate"],"picked":"Blur","floor":3.0},{"not_picked":["Distraction","Quick Slash"],"picked":"Dagger Spray","floor":4.0},{"not_picked":["Escape Plan","Prepared"],"picked":"A Thousand Cuts","floor":7.0},{"not_picked":["Dagger Throw","Flechettes"],"picked":"PiercingWail","floor":11.0},{"not_picked":["Quick Slash","Eviscerate"],"picked":"PiercingWail","floor":12.0},{"not_picked":["Deflect","Poisoned Stab"],"picked":"After Image","floor":14.0},{"not_picked":["Malaise","Phantasmal Killer"],"picked":"Envenom","floor":16.0},{"not_picked":["Choke","Sucker Punch"],"picked":"Blade Dance","floor":18.0},{"not_picked":["Poisoned Stab","Sucker Punch"],"picked":"Riddle With Holes","floor":21.0},{"not_picked":["Prepared+1","Bouncing Flask+1"],"picked":"Cloak And Dagger","floor":22.0},{"not_picked":["Flechettes","Distraction"],"picked":"Skewer+1","floor":28},{"not_picked":["Acrobatics","Masterful Stab"],"picked":"Outmaneuver","floor":31},{"not_picked":["A Thousand Cuts","Wraith Form v2"],"picked":"Storm of Steel","floor":33},{"not_picked":["Dagger Spray","Flying Knee"],"picked":"Calculated Gamble","floor":34},{"not_picked":["Poisoned Stab+1","Dagger Throw"],"picked":"Backstab","floor":35},{"not_picked":["Sucker Punch","Finisher"],"picked":"Concentrate","floor":36},{"not_picked":["Expertise+1","Finisher"],"picked":"Deflect","floor":37}],"player_experience":599183,"relics_obtained":[{"floor":7.0,"key":"Boot"},{"floor":9.0,"key":"Orichalcum"},{"floor":12.0,"key":"Bottled Flame"},{"floor":14.0,"key":"The Courier"},{"floor":26.0,"key":"Art of War"},{"floor":28,"key":"Mercury Hourglass"}],"event_choices":[{"damage_healed":0.0,"max_hp_gain":0.0,"max_hp_loss":0.0,"gold_gain":0.0,"event_name":"Living Wall","player_choice":"Grow","floor":2.0,"gold_loss":0.0,"damage_taken":0.0,"cards_upgraded":["Neutralize"]},{"damage_healed":0.0,"max_hp_gain":0.0,"max_hp_loss":6.0,"gold_gain":0.0,"event_name":"Golden Idol","player_choice":"Lose Max HP","floor":13.0,"gold_loss":0.0,"damage_taken":0.0,"relics_obtained":["Golden Idol"]},{"damage_healed":0.0,"max_hp_gain":0.0,"max_hp_loss":0.0,"gold_gain":0.0,"event_name":"Back to Basics","player_choice":"Simplicity","floor":19.0,"gold_loss":0.0,"damage_taken":0.0,"cards_upgraded":["Strike_G","Strike_G","Strike_G","Strike_G","Strike_G","Defend_G","Defend_G","Defend_G","Defend_G","Defend_G"]},{"damage_healed":0.0,"max_hp_gain":0.0,"max_hp_loss":0.0,"gold_gain":50.0,"event_name":"FaceTrader","player_choice":"Touch","floor":20.0,"gold_loss":0.0,"damage_taken":6.0},{"damage_healed":0.0,"max_hp_gain":0.0,"max_hp_loss":0.0,"gold_gain":0.0,"cards_transformed":["Strike_G","Strike_G"],"event_name":"Drug Dealer","player_choice":"Became Test Subject","floor":24.0,"gold_loss":0.0,"damage_taken":0.0,"cards_obtained":["Blade Dance","Terror"]},{"damage_healed":53,"gold_gain":0,"player_choice":"Heal","damage_taken":0,"max_hp_gain":0,"max_hp_loss":12,"event_name":"The Moai Head","floor":39,"gold_loss":0}],"is_beta":false,"boss_relics":[{"not_picked":["Eternal Feather","Philosopher\u0027s Stone"],"picked":"WristBlade"},{"not_picked":["Sozu","Fusion Hammer"],"picked":"Tiny House"}],"items_purged_floors":[],"is_endless":false,"potions_floor_spawned":[3,7,16,22,31,35],"killed_by":"Reptomancer","ascension_level":18}