{"gold_per_floor":[117,130,130,144,164,198,198,1,1,45,45,89,89,105,105,226,226,244,24,39,52,52,52,88,88,88,88,123,2,2,37,37,156,156,181,31,31,45,63,63],"floor_reached":40,"playtime":3956,"items_purged":[],"score":628,"play_id":"aa6dc7ce-99a5-48e4-9aeb-62cd4d268bd8","local_time":"20190715085607","is_ascension_mode":true,"campfire_choices":[{"data":"Acrobatics","floor":11.0,"key":"SMITH"},{"floor":13.0,"key":"REST"},{"data":"Terror","floor":15.0,"key":"SMITH"},{"data":"After Image","floor":23,"key":"SMITH"},{"data":"Footwork","floor":27,"key":"SMITH"},{"floor":32,"key":"REST"}],"neow_cost":"NONE","seed_source_timestamp":0,"circlet_count":0,"master_deck":["Defend_G","Defend_G","Defend_G","Defend_G","Defend_G","Survivor","Neutralize","Sucker Punch","Acrobatics+1","Underhanded Strike","Dodge and Roll","Finisher","Backflip","Calculated Gamble","Prepared","Underhanded Strike","Terror+1","After Image+1","Dagger Throw","Reflex","Deadly Poison+1","Footwork+1","Writhe","Caltrops+1","Envenom","Underhanded Strike","Well Laid Plans","Bite","Bite","Bite","Bite","Bite","Dagger Throw","Glass Knife","Expertise+1","Acrobatics","Footwork","Deflect","Violence","The Bomb","Panache","Leg Sweep+1","Heel Hook+1"],"special_seed":0,"relics":["Ring of the Snake","PreservedInsect","WingedGreaves","Golden Idol","Lantern","Sundial","Pen Nib","Bag of Marbles","Lizard Tail","Bag of Preparation","Omamori","Mango","MutagenicStrength","Incense Burner","Thread and Needle","Oddly Smooth Stone","WristBlade"],"potions_floor_usage":[21,31,31,31,33,40],"damage_taken":[{"damage":0.0,"enemies":"Jaw Worm","floor":1.0,"turns":4.0},{"damage":0.0,"enemies":"2 Louse","floor":2.0,"turns":2.0},{"damage":0.0,"enemies":"Small Slimes","floor":4.0,"turns":3.0},{"damage":9.0,"enemies":"3 Louse","floor":5.0,"turns":5.0},{"damage":17.0,"enemies":"3 Sentries","floor":6.0,"turns":11.0},{"damage":10.0,"enemies":"Gremlin Nob","floor":10.0,"turns":4.0},{"damage":25.0,"enemies":"Lagavulin","floor":12.0,"turns":8.0},{"damage":0.0,"enemies":"Looter","floor":14.0,"turns":2.0},{"damage":23.0,"enemies":"Slime Boss","floor":16.0,"turns":10.0},{"damage":3,"enemies":"3 Byrds","floor":18,"turns":7},{"damage":4,"enemies":"2 Thieves","floor":20,"turns":2},{"damage":11,"enemies":"Centurion and Healer","floor":21,"turns":9},{"damage":1,"enemies":"Slavers","floor":24,"turns":5},{"damage":15,"enemies":"Book of Stabbing","floor":28,"turns":5},{"damage":35,"enemies":"Gremlin Leader","floor":31,"turns":4},{"damage":71,"enemies":"Collector","floor":33,"turns":14},{"damage":0,"enemies":"Orb Walker","floor":35,"turns":2},{"damage":17,"enemies":"3 Darklings","floor":38,"turns":3},{"damage":10,"enemies":"Jaw Worm Horde","floor":39,"turns":6},{"damage":24,"enemies":"Nemesis","floor":40,"turns":4}],"seed_played":"-3074288112143906693","potions_obtained":[{"floor":6.0,"key":"Block Potion"},{"floor":10.0,"key":"Regen Potion"},{"floor":16.0,"key":"LiquidBronze"},{"floor":20,"key":"Strength Potion"},{"floor":28,"key":"AttackPotion"},{"floor":31,"key":"AttackPotion"},{"floor":33,"key":"FearPotion"},{"floor":38,"key":"SteroidPotion"},{"floor":39,"key":"SpeedPotion"}],"is_trial":false,"path_per_floor":["M","M","?","M","M","E","?","$","T","E","R","E","R","M","R","B",null,"M","$","M","M","?","R","E","?","T","R","E","$","?","E","R","B",null,"M","$","?","M","M","E"],"character_chosen":"THE_SILENT","items_purchased":["Lantern","Calculated Gamble","Bag of Preparation","Reflex","Underhanded Strike","Well Laid Plans","Acrobatics","Footwork","Deflect"],"campfire_rested":2,"item_purchase_floors":[8,8,19,19,29,29,36,36,36],"current_hp_per_floor":[70,70,67,67,58,41,24,24,24,14,14,4,25,25,25,2,53,50,50,46,35,35,35,48,48,48,48,33,33,33,6,23,7,45,45,45,35,20,20,0],"gold":63,"neow_bonus":"THREE_CARDS","is_prod":false,"is_daily":false,"chose_seed":false,"campfire_upgraded":4,"win_rate":0,"timestamp":1563206167,"path_taken":["M","M","?","M","M","E","?","$","T","E","R","E","R","M","R","BOSS","M","$","M","M","?","R","E","?","T","R","E","$","?","E","R","BOSS","M","$","?","M","M","E"],"build_version":"2019-07-05","purchased_purges":0,"victory":false,"max_hp_per_floor":[70,70,70,70,70,70,70,70,70,70,70,70,70,70,70,70,70,70,70,70,70,70,70,84,84,84,84,84,84,58,58,58,58,58,58,58,58,58,58,58],"card_choices":[{"not_picked":["Deadly Poison","Outmaneuver"],"picked":"Sucker Punch","floor":0.0},{"not_picked":["Sucker Punch","Blade Dance"],"picked":"Acrobatics","floor":1.0},{"not_picked":["Well Laid Plans","Backflip"],"picked":"Underhanded Strike","floor":2.0},{"not_picked":["Poisoned Stab","Eviscerate"],"picked":"Dodge and Roll","floor":4.0},{"not_picked":["Skewer","Poisoned Stab"],"picked":"Finisher","floor":5.0},{"not_picked":["PiercingWail","Dagger Throw"],"picked":"Backflip","floor":6.0},{"not_picked":["Bullet Time","Quick Slash"],"picked":"Prepared","floor":10.0},{"not_picked":["Flying Knee","Phantasmal Killer"],"picked":"Underhanded Strike","floor":12.0},{"not_picked":["Acrobatics","Expertise"],"picked":"Terror","floor":14.0},{"not_picked":["Wraith Form v2","Tools of the Trade"],"picked":"After Image","floor":16.0},{"not_picked":["Sucker Punch","Quick Slash"],"picked":"Dagger Throw","floor":18},{"not_picked":["Escape Plan","Dagger Spray"],"picked":"Deadly Poison+1","floor":20},{"not_picked":["Backstab","Escape Plan"],"picked":"Footwork","floor":21},{"not_picked":["PiercingWail","Outmaneuver"],"picked":"Caltrops+1","floor":24},{"not_picked":["Dodge and Roll+1","Dagger Spray"],"picked":"Envenom","floor":28},{"not_picked":["Riddle With Holes","Dagger Spray+1"],"picked":"Dagger Throw","floor":31},{"not_picked":["Die Die Die","Burst"],"picked":"Glass Knife","floor":33},{"not_picked":["Deflect","Acrobatics"],"picked":"Expertise+1","floor":35},{"not_picked":["Blind","Good Instincts"],"picked":"Violence","floor":37},{"not_picked":["Magnetism","Swift Strike"],"picked":"The Bomb","floor":37},{"not_picked":["Forethought","Mind Blast"],"picked":"Panache","floor":37},{"not_picked":["Eviscerate+1","Deadly Poison+1"],"picked":"Leg Sweep+1","floor":38},{"not_picked":["Acrobatics","Prepared"],"picked":"Heel Hook+1","floor":39}],"player_experience":258659,"relics_obtained":[{"floor":6.0,"key":"WingedGreaves"},{"floor":9.0,"key":"Sundial"},{"floor":10.0,"key":"Pen Nib"},{"floor":12.0,"key":"Bag of Marbles"},{"floor":24,"key":"Mango"},{"floor":26,"key":"Incense Burner"},{"floor":28,"key":"Thread and Needle"},{"floor":31,"key":"Oddly Smooth Stone"}],"event_choices":[{"damage_healed":0.0,"max_hp_gain":0.0,"max_hp_loss":0.0,"gold_gain":0.0,"event_name":"Scrap Ooze","player_choice":"Success","floor":3.0,"gold_loss":0.0,"damage_taken":3.0,"relics_obtained":["PreservedInsect"]},{"damage_healed":0.0,"max_hp_gain":0.0,"max_hp_loss":0.0,"gold_gain":0.0,"event_name":"Golden Idol","player_choice":"Take Damage","floor":7.0,"gold_loss":0.0,"damage_taken":17.0,"relics_obtained":["Golden Idol"]},{"damage_healed":0,"gold_gain":0,"player_choice":"Opened","damage_taken":0,"relics_obtained":["Omamori"],"max_hp_gain":0,"max_hp_loss":0,"event_name":"The Mausoleum","floor":22,"gold_loss":0,"cards_obtained":["Writhe"]},{"damage_healed":0,"gold_gain":0,"player_choice":"Inject Mutagens","damage_taken":0,"relics_obtained":["MutagenicStrength"],"max_hp_gain":0,"max_hp_loss":0,"event_name":"Drug Dealer","floor":25,"gold_loss":0},{"damage_healed":0,"gold_gain":0,"player_choice":"Became a vampire","damage_taken":0,"max_hp_gain":0,"max_hp_loss":26,"event_name":"Vampires","floor":30,"gold_loss":0,"cards_obtained":["Bite","Bite","Bite","Bite","Bite"]},{"damage_healed":0,"gold_gain":0,"player_choice":"Memory 3","damage_taken":10,"max_hp_gain":0,"max_hp_loss":0,"event_name":"SensoryStone","floor":37,"gold_loss":0}],"is_beta":false,"boss_relics":[{"not_picked":["Runic Dome","Cursed Key"],"picked":"Lizard Tail"},{"not_picked":["Velvet Choker","Snecko Eye"],"picked":"WristBlade"}],"items_purged_floors":[],"is_endless":false,"potions_floor_spawned":[6,10,16,20,28,31,33,38,39],"killed_by":"Nemesis","ascension_level":5}