{"gold_per_floor":[165,181,201,201,201,262,262,289,341,368,368],"floor_reached":11,"playtime":611,"items_purged":[],"score":182,"play_id":"c86afe59-3b44-4ceb-9c60-33b0b28a6721","local_time":"20190721150032","is_ascension_mode":true,"campfire_choices":[{"floor":7,"key":"REST"}],"neow_cost":"NONE","seed_source_timestamp":999279834815193,"circlet_count":0,"master_deck":["AscendersBane","Strike_R","Strike_R+1","Strike_R","Strike_R","Strike_R","Defend_R","Defend_R","Defend_R","Defend_R","Bash","Iron Wave","Inflame","Whirlwind","Pommel Strike","Cleave","Twin Strike","Inflame"],"special_seed":0,"relics":["Tiny House","Dodecahedron","Tiny Chest","Omamori","Bag of Marbles","The Courier"],"potions_floor_usage":[6,8,10],"damage_taken":[{"damage":1.0,"enemies":"Small Slimes","floor":1.0,"turns":4.0},{"damage":1.0,"enemies":"Cultist","floor":2.0,"turns":3.0},{"damage":0.0,"enemies":"2 Louse","floor":3.0,"turns":1.0},{"damage":33,"enemies":"Gremlin Nob","floor":6,"turns":5},{"damage":47,"enemies":"Lagavulin","floor":8,"turns":9},{"damage":25,"enemies":"3 Sentries","floor":10,"turns":6},{"damage":14,"enemies":"Large Slime","floor":11,"turns":2}],"seed_played":"-4450966809139574276","potions_obtained":[{"floor":0.0,"key":"Ancient Potion"},{"floor":2.0,"key":"FairyPotion"},{"floor":6,"key":"Weak Potion"},{"floor":8,"key":"BloodPotion"}],"is_trial":false,"path_per_floor":["M","M","M","?","?","E","R","E","T","E","M"],"character_chosen":"IRONCLAD","items_purchased":[],"campfire_rested":1,"item_purchase_floors":[],"current_hp_per_floor":[72,71,71,45,45,12,36,8,8,3,0],"gold":368,"neow_bonus":"BOSS_RELIC","is_prod":false,"is_daily":false,"chose_seed":false,"campfire_upgraded":0,"win_rate":0,"timestamp":1563714032,"path_taken":["M","M","M","?","?","E","R","E","T","E","?"],"build_version":"2019-07-17","purchased_purges":0,"victory":false,"max_hp_per_floor":[80,80,80,80,80,80,80,80,80,80,80],"card_choices":[{"not_picked":["Cleave","Havoc"],"picked":"Iron Wave","floor":0.0},{"not_picked":["Cleave","Perfected Strike"],"picked":"Inflame","floor":1.0},{"not_picked":["Metallicize","Warcry"],"picked":"Whirlwind","floor":2.0},{"not_picked":["Reckless Charge","Rampage"],"picked":"Pommel Strike","floor":3.0},{"not_picked":["Pommel Strike","Twin Strike"],"picked":"Cleave","floor":6},{"not_picked":["Double Tap","Iron Wave"],"picked":"Twin Strike","floor":8},{"not_picked":["Flex","Sword Boomerang"],"picked":"Inflame","floor":10}],"player_experience":1396952,"relics_obtained":[{"floor":6,"key":"Tiny Chest"},{"floor":8,"key":"Omamori"},{"floor":9,"key":"Bag of Marbles"},{"floor":10,"key":"The Courier"}],"event_choices":[{"damage_healed":0.0,"max_hp_gain":0.0,"max_hp_loss":0.0,"gold_gain":0.0,"event_name":"Scrap Ooze","player_choice":"Success","floor":4.0,"gold_loss":0.0,"damage_taken":26.0,"relics_obtained":["Dodecahedron"]},{"damage_healed":0.0,"max_hp_gain":0.0,"max_hp_loss":0.0,"gold_gain":0.0,"event_name":"Match and Keep!","player_choice":"0 cards matched","floor":5.0,"gold_loss":0.0,"damage_taken":0.0,"cards_obtained":[]}],"is_beta":false,"boss_relics":[],"items_purged_floors":[],"is_endless":false,"potions_floor_spawned":[2,6,8],"killed_by":"Large Slime","ascension_level":20}