{"gold_per_floor":[116,74,74,16,91,91,3,3,3,3,17,33,44,79,79,152,152,162,174,187,187,0,0,28,28],"floor_reached":25,"playtime":987,"items_purged":[],"score":438,"play_id":"37a2553c-6255-4336-bc48-ba14aff8fc75","local_time":"20190816141244","is_ascension_mode":true,"campfire_choices":[{"data":"Caltrops","floor":6.0,"key":"SMITH"},{"data":"Caltrops","floor":8.0,"key":"SMITH"},{"floor":15.0,"key":"REST"},{"data":"Caltrops","floor":23.0,"key":"SMITH"}],"neow_cost":"PERCENT_DAMAGE","seed_source_timestamp":2007508994255423,"circlet_count":0,"master_deck":["AscendersBane","Strike_G","Strike_G","Defend_G","Defend_G","Defend_G","Defend_G","Defend_G","Survivor","Neutralize+1","Sucker Punch","Caltrops+1","Backflip","Caltrops+1","Sucker Punch","Bouncing Flask","Leg Sweep","Glass Knife","Footwork","Adrenaline","Burst+1","Noxious Fumes+1","Dash+1","Bane+1","Caltrops+1","Backflip","Blade Dance+1"],"special_seed":0,"relics":["Ring of the Snake","Gremlin Horn","Snake Skull","Astrolabe","Kunai","Bottled Flame"],"potions_floor_usage":[24,24],"damage_taken":[{"damage":6.0,"enemies":"Small Slimes","floor":1.0,"turns":5.0},{"damage":3.0,"enemies":"Cultist","floor":11.0,"turns":3.0},{"damage":0.0,"enemies":"2 Louse","floor":12.0,"turns":3.0},{"damage":3.0,"enemies":"Red Slaver","floor":13.0,"turns":4.0},{"damage":21.0,"enemies":"3 Sentries","floor":14.0,"turns":7.0},{"damage":14.0,"enemies":"Hexaghost","floor":16.0,"turns":9.0},{"damage":3.0,"enemies":"Spheric Guardian","floor":18.0,"turns":3.0},{"damage":0.0,"enemies":"Chosen","floor":19.0,"turns":3.0},{"damage":24.0,"enemies":"Snake Plant","floor":20.0,"turns":4.0},{"damage":30,"enemies":"Slavers","floor":24,"turns":8},{"damage":6,"enemies":"Shelled Parasite and Fungi","floor":25,"turns":2}],"seed_played":"-7855838143956331075","potions_obtained":[{"floor":1.0,"key":"GamblersBrew"},{"floor":13.0,"key":"Ancient Potion"},{"floor":16.0,"key":"Energy Potion"},{"floor":20.0,"key":"Fire Potion"}],"is_trial":false,"path_per_floor":["M","$","?","$","?","R","$","R","T","?","M","M","M","E","R","B",null,"M","M","M","T","?","R","E","M"],"character_chosen":"THE_SILENT","items_purchased":["Caltrops","Backflip","Caltrops","Sucker Punch"],"campfire_rested":1,"item_purchase_floors":[2,4,7,7],"current_hp_per_floor":[50,50,46,46,35,35,35,35,35,35,32,32,29,8,31,17,63,60,60,36,36,36,36,6,0],"gold":28,"neow_bonus":"TWENTY_PERCENT_HP_BONUS","is_prod":false,"is_daily":false,"chose_seed":false,"campfire_upgraded":3,"win_rate":0,"timestamp":1565989964,"path_taken":["M","$","?","$","?","R","$","R","T","?","M","M","M","E","R","BOSS","M","M","M","?","?","R","E","M"],"build_version":"2019-07-17","purchased_purges":0,"victory":false,"max_hp_per_floor":[78,78,78,78,78,78,78,78,78,78,78,78,78,78,78,78,78,78,78,78,78,78,78,78,78],"card_choices":[{"not_picked":["Concentrate","Dagger Throw"],"picked":"Sucker Punch","floor":1.0},{"not_picked":["Sucker Punch","Quick Slash"],"picked":"Bouncing Flask","floor":11.0},{"not_picked":["Dagger Throw","Acrobatics"],"picked":"Leg Sweep","floor":12.0},{"not_picked":["Sucker Punch","Skewer"],"picked":"Glass Knife","floor":13.0},{"not_picked":["Underhanded Strike","Calculated Gamble"],"picked":"Footwork","floor":14.0},{"not_picked":["Tools of the Trade","Doppelganger"],"picked":"Adrenaline","floor":16.0},{"not_picked":["Terror","Reflex"],"picked":"Bane+1","floor":18.0},{"not_picked":["Dagger Throw+1","Distraction"],"picked":"Caltrops","floor":19.0},{"not_picked":["Infinite Blades+1","Reflex+1"],"picked":"Backflip","floor":20.0},{"not_picked":["Acrobatics","Finisher"],"picked":"Blade Dance+1","floor":24}],"player_experience":763813,"relics_obtained":[{"floor":9.0,"key":"Gremlin Horn"},{"floor":14.0,"key":"Snake Skull"},{"floor":21.0,"key":"Kunai"},{"floor":24,"key":"Bottled Flame"}],"event_choices":[{"damage_healed":0.0,"max_hp_gain":0.0,"max_hp_loss":0.0,"gold_gain":0.0,"event_name":"The Woman in Blue","player_choice":"Bought 0 Potions","floor":3.0,"gold_loss":0.0,"damage_taken":0.0},{"damage_healed":0.0,"max_hp_gain":0.0,"max_hp_loss":0.0,"gold_gain":75.0,"event_name":"World of Goop","player_choice":"Gather Gold","floor":5.0,"gold_loss":0.0,"damage_taken":11.0},{"damage_healed":0.0,"max_hp_gain":0.0,"max_hp_loss":0.0,"gold_gain":0.0,"event_name":"Accursed Blacksmith","player_choice":"Forge","floor":10.0,"gold_loss":0.0,"damage_taken":0.0,"cards_upgraded":["Neutralize"]},{"damage_healed":0.0,"max_hp_gain":0.0,"max_hp_loss":0.0,"gold_gain":0.0,"event_name":"Masked Bandits","player_choice":"Paid Fearfully","floor":22.0,"gold_loss":187.0,"damage_taken":0.0}],"is_beta":false,"boss_relics":[{"not_picked":["Coffee Dripper","Calling Bell"],"picked":"Astrolabe"}],"items_purged_floors":[],"is_endless":false,"potions_floor_spawned":[1,13,16,20],"killed_by":"Shelled Parasite and Fungi","ascension_level":20}