{"gold_per_floor":[113,113,113,113,9,42,42,42],"floor_reached":8,"playtime":454,"items_purged":[],"score":104,"play_id":"960d6786-f081-41d6-bfa9-5643c72295a8","local_time":"20190806092343","is_ascension_mode":true,"campfire_choices":[{"floor":7.0,"key":"REST"}],"neow_cost":"TEN_PERCENT_HP_LOSS","seed_source_timestamp":1126770399232925,"circlet_count":0,"master_deck":["AscendersBane","Strike_G+1","Strike_G","Strike_G","Defend_G","Defend_G","Defend_G+1","Defend_G","Defend_G","Survivor","Neutralize","Cloak And Dagger","Deadly Poison","Footwork+1","Footwork","Flying Knee","Backflip"],"special_seed":0,"relics":["Ring of the Snake","The Courier"],"potions_floor_usage":[],"damage_taken":[{"damage":1.0,"enemies":"Small Slimes","floor":1.0,"turns":3.0},{"damage":30.0,"enemies":"3 Sentries","floor":6.0,"turns":15.0},{"damage":33,"enemies":"Gremlin Nob","floor":8,"turns":4}],"seed_played":"5320478092194646427","potions_obtained":[],"is_trial":false,"path_per_floor":["M","?","?","?","$","E","R","E"],"character_chosen":"THE_SILENT","items_purchased":["Footwork","Flying Knee"],"campfire_rested":1,"item_purchase_floors":[5,5],"current_hp_per_floor":[58,63,63,43,43,13,32,0],"gold":42,"neow_bonus":"TRANSFORM_TWO_CARDS","is_prod":false,"is_daily":false,"chose_seed":false,"campfire_upgraded":0,"win_rate":0,"timestamp":1565108623,"path_taken":["M","?","?","?","?","E","R","E"],"build_version":"2019-07-17","purchased_purges":0,"victory":false,"max_hp_per_floor":[60,65,65,65,65,65,65,65],"card_choices":[{"not_picked":["Blade Dance","Masterful Stab"],"picked":"Footwork","floor":1.0},{"not_picked":["Outmaneuver","Heel Hook"],"picked":"Backflip","floor":6.0}],"player_experience":661342,"relics_obtained":[{"floor":6.0,"key":"The Courier"}],"event_choices":[{"damage_healed":0.0,"max_hp_gain":5.0,"max_hp_loss":0.0,"gold_gain":0.0,"event_name":"Big Fish","player_choice":"Donut","floor":2.0,"gold_loss":0.0,"damage_taken":0.0},{"damage_healed":0.0,"max_hp_gain":0.0,"max_hp_loss":0.0,"gold_gain":0.0,"event_name":"Living Wall","player_choice":"Grow","floor":3.0,"gold_loss":0.0,"damage_taken":0.0,"cards_upgraded":["Footwork"]},{"damage_healed":0.0,"max_hp_gain":0.0,"max_hp_loss":0.0,"gold_gain":0.0,"event_name":"Shining Light","player_choice":"Entered Light","floor":4.0,"gold_loss":0.0,"damage_taken":20.0,"cards_upgraded":["Defend_G","Strike_G"]}],"is_beta":false,"boss_relics":[],"items_purged_floors":[],"is_endless":false,"potions_floor_spawned":[],"killed_by":"Gremlin Nob","ascension_level":20}