{"gold_per_floor":[15,26,26,26,43,43,73,73,100,130,141,156,191,26,26,105,105,116,116,130,159,170,195,195,195,495,495],"floor_reached":27,"playtime":1857,"items_purged":[],"score":502,"play_id":"3d545e99-23ee-4399-8c48-c8cbeee77b31","local_time":"20190811224302","is_ascension_mode":true,"campfire_choices":[{"data":"Armaments","floor":6,"key":"SMITH"},{"data":"Shockwave","floor":8,"key":"SMITH"},{"data":"Carnage","floor":15,"key":"SMITH"},{"data":"Reaper","floor":24,"key":"SMITH"}],"neow_cost":"NO_GOLD","seed_source_timestamp":613367115000300,"circlet_count":0,"master_deck":["AscendersBane","Strike_R+1","Strike_R","Strike_R","Defend_R","Defend_R","Defend_R","Defend_R","Bash","Shockwave+1","Rupture","Whirlwind+1","Dropkick","Armaments+1","Anger+1","Havoc","Carnage+1","Sword Boomerang","Offering+1","Brutality","Shrug It Off","Metallicize","Pommel Strike","Shrug It Off","Reaper+1","Flame Barrier","Heavy Blade"],"relics":["Burning Blood","Strawberry","Whetstone","Pen Nib","Oddly Smooth Stone","Vajra","Orrery","Red Mask","Pantograph","Old Coin"],"potions_floor_usage":[10,13,16,21,23,23],"damage_taken":[{"damage":15,"enemies":"Small Slimes","floor":1,"turns":4},{"damage":4,"enemies":"Cultist","floor":2,"turns":4},{"damage":0,"enemies":"2 Louse","floor":5,"turns":2},{"damage":52,"enemies":"Gremlin Nob","floor":7,"turns":5},{"damage":7,"enemies":"3 Sentries","floor":10,"turns":4},{"damage":0,"enemies":"2 Fungi Beasts","floor":11,"turns":2},{"damage":7,"enemies":"3 Louse","floor":12,"turns":3},{"damage":19,"enemies":"Lagavulin","floor":13,"turns":6},{"damage":12,"enemies":"Hexaghost","floor":16,"turns":7},{"damage":8,"enemies":"Shell Parasite","floor":18,"turns":3},{"damage":17,"enemies":"Spheric Guardian","floor":20,"turns":5},{"damage":32,"enemies":"Masked Bandits","floor":21,"turns":4},{"damage":19,"enemies":"Centurion and Healer","floor":22,"turns":8},{"damage":38,"enemies":"Book of Stabbing","floor":23,"turns":5},{"damage":35,"enemies":"Cultist and Chosen","floor":27,"turns":5}],"seed_played":"-980897332950646135","potions_obtained":[{"floor":5,"key":"LiquidBronze"},{"floor":7,"key":"SkillPotion"},{"floor":10,"key":"Weak Potion"},{"floor":11,"key":"Regen Potion"},{"floor":16,"key":"BloodPotion"},{"floor":20,"key":"Strength Potion"},{"floor":22,"key":"Swift Potion"}],"is_trial":false,"path_per_floor":["M","M","?","?","M","R","E","R","T","E","M","M","E","$","R","B",null,"M","?","M","?","M","E","R","?","T","M"],"character_chosen":"IRONCLAD","items_purchased":["Vajra"],"campfire_rested":0,"item_purchase_floors":[14],"current_hp_per_floor":[59,61,61,61,67,67,28,28,28,27,33,32,33,33,33,27,68,66,66,55,49,50,18,18,18,18,0],"gold":495,"neow_bonus":"TRANSFORM_TWO_CARDS","is_prod":false,"is_daily":false,"chose_seed":false,"campfire_upgraded":4,"win_rate":0,"timestamp":1565556182,"path_taken":["M","M","?","?","?","R","E","R","T","E","M","M","E","$","R","BOSS","M","?","?","?","M","E","R","?","T","M"],"build_version":"2019-07-17","purchased_purges":0,"victory":false,"max_hp_per_floor":[75,75,75,75,75,75,82,82,82,82,82,82,82,82,82,82,82,82,82,82,82,82,82,82,82,82,82],"card_choices":[{"not_picked":["Iron Wave","Havoc"],"picked":"Whirlwind","floor":1},{"not_picked":["True Grit","Headbutt"],"picked":"Dropkick","floor":2},{"not_picked":["Wild Strike","Flex"],"picked":"Armaments","floor":5},{"not_picked":["Dual Wield","Impervious"],"picked":"Anger","floor":7},{"not_picked":["Dual Wield","Fire Breathing"],"picked":"Havoc","floor":10},{"not_picked":["Perfected Strike","Fire Breathing"],"picked":"Carnage","floor":11},{"not_picked":["Wild Strike","Body Slam"],"picked":"Sword Boomerang","floor":12},{"not_picked":["Evolve","Immolate"],"picked":"Offering","floor":13},{"not_picked":["Barricade","Fiend Fire"],"picked":"Brutality","floor":16},{"not_picked":["Sentinel","Cleave"],"picked":"Shrug It Off","floor":17},{"not_picked":["Armaments","Seeing Red"],"picked":"Metallicize","floor":17},{"not_picked":["Clash","Cleave"],"picked":"Pommel Strike","floor":17},{"not_picked":["Uppercut","Warcry"],"picked":"Shrug It Off","floor":18},{"not_picked":["Thunderclap","Evolve"],"picked":"Reaper","floor":20},{"not_picked":["Ghostly Armor","Armaments"],"picked":"Flame Barrier","floor":21},{"not_picked":["Headbutt","Iron Wave","Second Wind"],"picked":"SKIP","floor":22},{"not_picked":["Sword Boomerang","Thunderclap"],"picked":"Heavy Blade","floor":23}],"player_experience":1479084,"relics_obtained":[{"floor":7,"key":"Strawberry"},{"floor":9,"key":"Whetstone"},{"floor":10,"key":"Pen Nib"},{"floor":13,"key":"Oddly Smooth Stone"},{"floor":21,"key":"Red Mask"},{"floor":23,"key":"Pantograph"},{"floor":26,"key":"Old Coin"}],"event_choices":[{"damage_healed":0,"gold_gain":0,"player_choice":"Grow","damage_taken":0,"max_hp_gain":0,"max_hp_loss":0,"event_name":"Living Wall","floor":3,"gold_loss":0,"cards_upgraded":["Whirlwind"]},{"damage_healed":0,"gold_gain":0,"player_choice":"Cursed","damage_taken":0,"max_hp_gain":0,"max_hp_loss":0,"event_name":"Wheel of Change","floor":4,"gold_loss":0,"cards_obtained":["Decay"]},{"damage_healed":0,"gold_gain":0,"player_choice":"Forge","damage_taken":0,"max_hp_gain":0,"max_hp_loss":0,"event_name":"Accursed Blacksmith","floor":19,"gold_loss":0,"cards_upgraded":["Offering"]},{"damage_healed":0,"gold_gain":0,"player_choice":"Fought Bandits","damage_taken":0,"max_hp_gain":0,"max_hp_loss":0,"event_name":"Masked Bandits","floor":21,"gold_loss":0},{"cards_removed":["Decay"],"damage_healed":0,"gold_gain":0,"player_choice":"Elegance","damage_taken":0,"max_hp_gain":0,"max_hp_loss":0,"event_name":"Back to Basics","floor":25,"gold_loss":0}],"is_beta":false,"boss_relics":[{"not_picked":["Mark of Pain","Sozu"],"picked":"Orrery"}],"items_purged_floors":[],"is_endless":false,"potions_floor_spawned":[5,7,10,11,16,20,22],"killed_by":"Cultist and Chosen","ascension_level":20}