{"gold_per_floor":[115,65,39,39,57,119,119,146,146,146,161,174,208,219,219,323,323,333,344,362,378,378,378],"floor_reached":23,"playtime":4087,"items_purged":[],"score":266,"play_id":"60fde1ba-237c-4fea-a38a-dff99199f8f5","local_time":"20190712155646","is_ascension_mode":true,"campfire_choices":[{"floor":10,"key":"REST"},{"floor":15,"key":"REST"}],"neow_cost":"NONE","seed_source_timestamp":4258429645218,"circlet_count":0,"master_deck":["Strike_G","Strike_G","Strike_G","Defend_G+1","Defend_G+1","Defend_G","Defend_G","Survivor","Neutralize","Flying Knee","Acrobatics","Poisoned Stab","Infinite Blades","Cloak And Dagger","Underhanded Strike","Doppelganger","Terror","Prepared","Underhanded Strike","After Image","Underhanded Strike+1","Flying Knee+1","Dagger Throw","Backflip"],"relics":["Ring of the Serpent","Tiny Chest","Matryoshka","Centennial Puzzle","War Paint","The Courier","Ancient Tea Set"],"potions_floor_usage":[8,8,14,23,23],"damage_taken":[{"damage":0,"enemies":"Jaw Worm","floor":1,"turns":6},{"damage":0,"enemies":"Small Slimes","floor":5,"turns":3},{"damage":28,"enemies":"Lagavulin","floor":6,"turns":8},{"damage":17,"enemies":"3 Sentries","floor":8,"turns":9},{"damage":0,"enemies":"2 Louse","floor":11,"turns":2},{"damage":2,"enemies":"Large Slime","floor":12,"turns":6},{"damage":8,"enemies":"Lagavulin","floor":13,"turns":6},{"damage":9,"enemies":"Gremlin Gang","floor":14,"turns":4},{"damage":37,"enemies":"Slime Boss","floor":16,"turns":11},{"damage":14,"enemies":"Spheric Guardian","floor":18,"turns":8},{"damage":0,"enemies":"Chosen","floor":19,"turns":6},{"damage":17,"enemies":"Snake Plant","floor":20,"turns":4},{"damage":1,"enemies":"3 Cultists","floor":21,"turns":5},{"damage":9,"enemies":"Gremlin Leader","floor":23,"turns":4}],"seed_played":"8331214118957030418","potions_obtained":[{"floor":1,"key":"Energy Potion"},{"floor":6,"key":"Poison Potion"},{"floor":11,"key":"Explosive Potion"},{"floor":13,"key":"Energy Potion"},{"floor":16,"key":"SteroidPotion"},{"floor":19,"key":"Poison Potion"}],"is_trial":false,"path_per_floor":["M","?","$","?","M","E","T","E","T","R","M","M","E","M","R","B",null,"M","M","M","M","?","E"],"character_chosen":"THE_SILENT","items_purchased":["Poisoned Stab"],"campfire_rested":2,"item_purchase_floors":[3],"current_hp_per_floor":[70,70,70,63,63,35,35,18,18,39,39,37,29,20,41,4,54,40,40,23,22,9,0],"gold":378,"neow_bonus":"TRANSFORM_CARD","is_prod":false,"is_daily":false,"chose_seed":false,"campfire_upgraded":0,"win_rate":0,"timestamp":1562972206,"path_taken":["M","?","$","?","M","E","?","E","T","R","M","M","E","M","R","BOSS","M","M","M","M","?","E"],"build_version":"2019-07-05","purchased_purges":0,"victory":false,"max_hp_per_floor":[70,70,70,70,70,70,70,70,70,70,70,70,70,70,70,70,70,70,70,70,70,75,75],"card_choices":[{"not_picked":["Infinite Blades","Dodge and Roll"],"picked":"Acrobatics","floor":1},{"not_picked":["Finisher","Blur"],"picked":"Infinite Blades","floor":5},{"not_picked":["Choke","Outmaneuver"],"picked":"Cloak And Dagger","floor":6},{"not_picked":["PiercingWail","Acrobatics"],"picked":"Underhanded Strike","floor":8},{"not_picked":["Deflect","Cloak And Dagger"],"picked":"Doppelganger","floor":11},{"not_picked":["Eviscerate","Skewer"],"picked":"Terror","floor":12},{"not_picked":["Deadly Poison","Malaise"],"picked":"Prepared","floor":13},{"not_picked":["Sucker Punch","Blade Dance"],"picked":"Underhanded Strike","floor":14},{"not_picked":["A Thousand Cuts","Die Die Die"],"picked":"After Image","floor":16},{"not_picked":["Bane+1","PiercingWail"],"picked":"Underhanded Strike+1","floor":18},{"not_picked":["Cloak And Dagger","Dagger Throw+1"],"picked":"Flying Knee+1","floor":19},{"not_picked":["Skewer+1","Deflect"],"picked":"Dagger Throw","floor":20},{"not_picked":["Deflect+1","Blade Dance"],"picked":"Backflip","floor":21}],"player_experience":243039,"relics_obtained":[{"floor":6,"key":"Tiny Chest"},{"floor":7,"key":"Matryoshka"},{"floor":8,"key":"Centennial Puzzle"},{"floor":9,"key":"War Paint"},{"floor":9,"key":"The Courier"},{"floor":13,"key":"Ancient Tea Set"}],"event_choices":[{"cards_removed":["Defend_G"],"damage_healed":0,"gold_gain":0,"player_choice":"Card Removal","damage_taken":0,"max_hp_gain":0,"max_hp_loss":0,"event_name":"The Cleric","floor":2,"gold_loss":50},{"cards_removed":["Strike_G"],"damage_healed":0,"gold_gain":0,"player_choice":"Card Removal","damage_taken":7,"max_hp_gain":0,"max_hp_loss":0,"event_name":"Golden Wing","floor":4,"gold_loss":0},{"damage_healed":0,"gold_gain":0,"player_choice":"Shed Blood","damage_taken":18,"max_hp_gain":5,"max_hp_loss":0,"event_name":"Forgotten Altar","floor":22,"gold_loss":0}],"is_beta":false,"boss_relics":[{"not_picked":["Velvet Choker","White Beast Statue"],"picked":"Ring of the Serpent"}],"items_purged_floors":[],"is_endless":false,"potions_floor_spawned":[1,6,11,13,16,19,21],"killed_by":"Gremlin Leader","ascension_level":5}