{"gold_per_floor":[211,211,22,42,60,60,89,102,126,126,146,180,196,211,211,283,283,303,83,83,28,47,47,47],"floor_reached":24,"playtime":1980,"items_purged":["Strike_R"],"score":416,"play_id":"12e13686-2857-4fab-9b45-12ab3ae71d2e","local_time":"20190818183058","is_ascension_mode":true,"campfire_choices":[{"data":"Metamorphosis","floor":6,"key":"SMITH"},{"data":"True Grit","floor":10,"key":"SMITH"},{"data":"Armaments","floor":15,"key":"SMITH"},{"data":"Impatience","floor":23,"key":"SMITH"}],"neow_cost":"NONE","seed_source_timestamp":965983850600,"circlet_count":0,"master_deck":["AscendersBane","Strike_R+1","Strike_R","Strike_R+1","Defend_R","Defend_R","Defend_R","Defend_R","Bash","Shrug It Off","Metamorphosis+1","True Grit+1","Uppercut","Shrug It Off","Blood for Blood","Armaments+1","Warcry","Fiend Fire","True Grit","Exhume","Impatience+1","Shrug It Off"],"relics":["Burning Blood","Whetstone","Regal Pillow","Juzu Bracelet","Busted Crown","Nilry\u0027s Codex"],"potions_floor_usage":[12,16,24,24],"damage_taken":[{"damage":6,"enemies":"Cultist","floor":1,"turns":3},{"damage":8,"enemies":"Jaw Worm","floor":4,"turns":4},{"damage":8,"enemies":"2 Louse","floor":5,"turns":2},{"damage":16,"enemies":"Lagavulin","floor":7,"turns":4},{"damage":10,"enemies":"Exordium Wildlife","floor":8,"turns":3},{"damage":11,"enemies":"Red Slaver","floor":11,"turns":4},{"damage":24,"enemies":"3 Sentries","floor":12,"turns":5},{"damage":8,"enemies":"Exordium Thugs","floor":13,"turns":4},{"damage":6,"enemies":"Looter","floor":14,"turns":4},{"damage":13,"enemies":"Hexaghost","floor":16,"turns":10},{"damage":15,"enemies":"Chosen","floor":18,"turns":5},{"damage":6,"enemies":"3 Byrds","floor":22,"turns":5},{"damage":41,"enemies":"Slavers","floor":24,"turns":3}],"seed_played":"3229586156188959506","potions_obtained":[{"floor":5,"key":"SpeedPotion"},{"floor":8,"key":"Strength Potion"},{"floor":12,"key":"Swift Potion"},{"floor":18,"key":"AttackPotion"}],"is_trial":false,"path_per_floor":["M","?","$","M","M","R","E","M","T","R","M","E","M","M","R","B",null,"M","$","?","$","M","R","E"],"character_chosen":"IRONCLAD","items_purchased":["Metamorphosis","Impatience","Shrug It Off","Swift Potion"],"campfire_rested":0,"item_purchase_floors":[3,19,19,21],"current_hp_per_floor":[68,68,68,66,64,64,54,50,50,50,45,27,25,25,25,18,61,52,52,31,31,31,31,0],"gold":47,"neow_bonus":"HUNDRED_GOLD","is_prod":false,"is_daily":false,"chose_seed":false,"campfire_upgraded":4,"win_rate":0,"timestamp":1566145858,"path_taken":["M","?","$","M","?","R","E","M","T","R","M","E","M","M","R","BOSS","M","$","?","$","M","R","E"],"build_version":"2019-07-17","purchased_purges":1,"victory":false,"max_hp_per_floor":[75,75,75,75,75,75,75,75,75,75,75,75,75,75,75,75,75,75,75,75,75,75,75,75],"card_choices":[{"not_picked":["Havoc","Warcry"],"picked":"Shrug It Off","floor":1},{"not_picked":["Heavy Blade","Sword Boomerang"],"picked":"True Grit","floor":4},{"not_picked":["Thunderclap","Intimidate"],"picked":"Uppercut","floor":5},{"not_picked":["Pommel Strike","Flex"],"picked":"Shrug It Off","floor":7},{"not_picked":["Clothesline","Fiend Fire"],"picked":"Blood for Blood","floor":8},{"not_picked":["Shrug It Off","Inflame"],"picked":"Armaments","floor":11},{"not_picked":["Heavy Blade","Clothesline"],"picked":"Warcry","floor":12},{"not_picked":["Flex","Clash"],"picked":"Fiend Fire","floor":13},{"not_picked":["Shrug It Off","Armaments"],"picked":"True Grit","floor":14},{"not_picked":["Reaper","Immolate"],"picked":"Exhume","floor":16},{"not_picked":["Clash"],"picked":"SKIP","floor":18},{"not_picked":["Flex"],"picked":"SKIP","floor":22}],"player_experience":1508177,"relics_obtained":[{"floor":7,"key":"Whetstone"},{"floor":9,"key":"Regal Pillow"},{"floor":12,"key":"Juzu Bracelet"},{"floor":20,"key":"Nilry\u0027s Codex"}],"event_choices":[{"cards_removed":["Strike_R"],"damage_healed":0,"gold_gain":0,"player_choice":"Offered Basic","damage_taken":0,"max_hp_gain":0,"max_hp_loss":0,"event_name":"Bonfire Elementals","floor":2,"gold_loss":0},{"damage_healed":0,"gold_gain":0,"player_choice":"Obtained Book","damage_taken":21,"max_hp_gain":0,"max_hp_loss":0,"event_name":"Cursed Tome","floor":20,"gold_loss":0}],"is_beta":false,"boss_relics":[{"not_picked":["Empty Cage","Runic Cube"],"picked":"Busted Crown"}],"items_purged_floors":[19],"is_endless":false,"potions_floor_spawned":[5,8,12,18],"killed_by":"Slavers","ascension_level":20}