{"gold_per_floor":[112,124,124,2,14,14,27,53,104,104,163,56,69,102,102,203,203,215,215,205,219,70,70,81,101,146,157,82,82,7,34,34,130,130,147,159,159,170,189,189,224,224,270,270,30,47,58,74,74,74],"floor_reached":50,"playtime":4208,"items_purged":["Strike_R"],"score":689,"play_id":"61ddf685-1aaf-4c9b-8472-f2ee3fae469b","local_time":"20180821213404","is_ascension_mode":true,"campfire_choices":[{"data":"Searing Blow","floor":6,"key":"SMITH"},{"data":"Searing Blow+1","floor":10,"key":"SMITH"},{"data":"Searing Blow+2","floor":15,"key":"SMITH"},{"data":"Searing Blow+3","floor":23,"key":"SMITH"},{"data":"Searing Blow+4","floor":29,"key":"SMITH"},{"data":"Searing Blow+5","floor":32,"key":"SMITH"},{"data":"Searing Blow+6","floor":40,"key":"SMITH"},{"data":"Searing Blow+7","floor":42,"key":"SMITH"},{"data":"Searing Blow+8","floor":44,"key":"SMITH"},{"data":"Searing Blow+9","floor":49,"key":"SMITH"}],"neow_cost":"NONE","seed_source_timestamp":362300279553509,"circlet_count":0,"master_deck":["Strike_R","Strike_R","Defend_R","Defend_R","Defend_R","Defend_R","Bash","Sword Boomerang","Pommel Strike","True Grit","Searing Blow+10","Thunderclap","Iron Wave","Warcry","Feel No Pain","Battle Trance","Dropkick","Rampage","Clash","Exhume","Burning Pact","Ghostly","Ghostly","Ghostly","Ghostly","Ghostly","Havoc","Inflame","Havoc","Immolate","Pommel Strike+1","Exhume","Armaments+1","The Bomb","Inflame+1","Pummel+1","Searing Blow+9","Feel No Pain","Armaments+1"],"relics":["Sozu","Pear","Centennial Puzzle","Regal Pillow","Meat on the Bone","Velvet Choker","Pen Nib","Vajra","Anchor","Snecko Eye","Bottled Tornado","Bag of Marbles","DollysMirror"],"potions_floor_usage":[],"damage_taken":[{"damage":0,"enemies":"Cultist","floor":1,"turns":3},{"damage":4,"enemies":"2 Louse","floor":2,"turns":2},{"damage":0,"enemies":"Small Slimes","floor":5,"turns":4},{"damage":26,"enemies":"Gremlin Gang","floor":7,"turns":4},{"damage":22,"enemies":"Gremlin Nob","floor":8,"turns":4},{"damage":6,"enemies":"Gremlin Nob","floor":11,"turns":3},{"damage":0,"enemies":"Large Slime","floor":13,"turns":2},{"damage":13,"enemies":"Lagavulin","floor":14,"turns":4},{"damage":2,"enemies":"Hexaghost","floor":16,"turns":9},{"damage":9,"enemies":"3 Byrds","floor":18,"turns":5},{"damage":2,"enemies":"2 Thieves","floor":20,"turns":4},{"damage":4,"enemies":"Centurion and Healer","floor":21,"turns":8},{"damage":14,"enemies":"Snake Plant","floor":24,"turns":3},{"damage":0,"enemies":"Sentry and Sphere","floor":25,"turns":5},{"damage":1,"enemies":"Snecko","floor":27,"turns":5},{"damage":3,"enemies":"Gremlin Leader","floor":31,"turns":6},{"damage":0,"enemies":"Collector","floor":33,"turns":8},{"damage":18,"enemies":"3 Shapes","floor":35,"turns":4},{"damage":0,"enemies":"Flame Bruiser 1 Orb","floor":36,"turns":4},{"damage":12,"enemies":"Sphere and 2 Shapes","floor":38,"turns":6},{"damage":2,"enemies":"3 Darklings","floor":39,"turns":3},{"damage":7,"enemies":"2 Orb Walkers","floor":41,"turns":4},{"damage":0,"enemies":"Spire Growth","floor":46,"turns":4},{"damage":0,"enemies":"4 Shapes","floor":47,"turns":2},{"damage":0,"enemies":"Maw","floor":48,"turns":6},{"damage":34,"enemies":"Time Eater","floor":50,"turns":9}],"seed_played":"2542630626110702631","potions_obtained":[],"is_trial":false,"path_per_floor":["M","M","?","$","M","R","M","E","T","R","?","$","M","E","R","B",null,"M","?","M","M","$","R","M","M","T","M","$","R","?","E","R","B",null,"M","M","?","M","M","R","E","R","T","R","$","M","M","M","R"],"character_chosen":"IRONCLAD","items_purchased":["True Grit","Searing Blow","Battle Trance","Dropkick","Pen Nib","DollysMirror","Feel No Pain"],"campfire_rested":0,"item_purchase_floors":[4,4,12,12,22,45,45],"current_hp_per_floor":[80,76,76,76,76,76,50,38,38,38,32,32,32,19,19,29,90,81,45,43,39,39,39,25,25,25,24,24,24,24,33,33,33,45,27,27,27,27,25,25,30,30,30,30,30,30,30,30,30,0],"gold":74,"neow_bonus":"BOSS_RELIC","is_prod":false,"is_daily":false,"chose_seed":false,"campfire_upgraded":10,"win_rate":0,"timestamp":1534880044,"path_taken":["M","?","?","$","?","R","M","E","T","R","?","$","M","E","R","BOSS","M","?","M","?","$","R","M","M","T","?","?","R","?","E","R","BOSS","M","?","?","M","M","R","E","R","T","R","$","?","M","?","R","BOSS"],"build_version":"2018-08-16","purchased_purges":1,"victory":false,"max_hp_per_floor":[80,80,80,80,80,80,80,90,90,90,90,90,90,90,90,90,90,90,45,45,45,45,45,45,45,45,45,45,45,45,45,45,45,45,45,45,45,45,45,45,45,45,45,45,45,45,45,45,45,45],"card_choices":[{"not_picked":["Combust","Reckless Charge"],"picked":"Sword Boomerang","floor":1},{"not_picked":["Headbutt","Heavy Blade"],"picked":"Pommel Strike","floor":2},{"not_picked":["Power Through","Heavy Blade"],"picked":"Thunderclap","floor":5},{"not_picked":["Uppercut","Entrench"],"picked":"Iron Wave","floor":7},{"not_picked":["Perfected Strike","Twin Strike"],"picked":"Warcry","floor":8},{"not_picked":["Pummel","Flex"],"picked":"Feel No Pain","floor":11},{"not_picked":["Armaments","Battle Trance"],"picked":"Rampage","floor":13},{"not_picked":["Combust","Wild Strike"],"picked":"Clash","floor":14},{"not_picked":["Bludgeon","Impervious"],"picked":"Exhume","floor":16},{"not_picked":["Wild Strike","Fire Breathing+1"],"picked":"Burning Pact","floor":18},{"not_picked":["Disarm","Shrug It Off","Anger"],"picked":"SKIP","floor":20},{"not_picked":["Cleave","Rage"],"picked":"Havoc","floor":21},{"not_picked":["Fire Breathing","Armaments"],"picked":"Inflame","floor":24},{"not_picked":["Feel No Pain","Rage"],"picked":"Havoc","floor":25},{"not_picked":["Disarm","Iron Wave+1"],"picked":"Immolate","floor":27},{"not_picked":["Warcry","Cleave+1"],"picked":"Pommel Strike+1","floor":31},{"not_picked":["Dark Embrace","Berserk"],"picked":"Exhume","floor":33},{"not_picked":["Power Through+1","Heavy Blade","Disarm+1"],"picked":"SKIP","floor":35},{"not_picked":["Disarm+1","Perfected Strike"],"picked":"Armaments+1","floor":36},{"not_picked":["PanicButton","Mind Blast"],"picked":"The Bomb","floor":37},{"not_picked":["Iron Wave","Body Slam+1"],"picked":"Inflame+1","floor":38},{"not_picked":["Warcry","Body Slam+1","Iron Wave"],"picked":"SKIP","floor":39},{"not_picked":["Brutality","Fire Breathing+1"],"picked":"Pummel+1","floor":41},{"not_picked":["Sword Boomerang+1","Twin Strike+1","Clothesline+1"],"picked":"SKIP","floor":46},{"not_picked":["Perfected Strike+1","True Grit+1"],"picked":"Armaments+1","floor":47},{"not_picked":["Headbutt","Carnage","True Grit"],"picked":"SKIP","floor":48}],"player_experience":345307,"relics_obtained":[{"floor":8,"key":"Pear"},{"floor":9,"key":"Centennial Puzzle"},{"floor":14,"key":"Meat on the Bone"},{"floor":26,"key":"Vajra"},{"floor":31,"key":"Anchor"},{"floor":41,"key":"Bottled Tornado"},{"floor":43,"key":"Bag of Marbles"}],"event_choices":[{"event_name":"Purifier","player_choice":"One Purge","floor":3,"damage_taken":0},{"event_name":"Dead Adventurer","player_choice":"Searched \u00273\u0027 times","floor":11,"damage_taken":0},{"event_name":"Ghosts","player_choice":"Became a Ghost","floor":19,"damage_taken":0},{"event_name":"Beggar","player_choice":"Gave Gold","floor":30,"damage_taken":0},{"event_name":"SensoryStone","player_choice":"Memory 1","floor":37,"damage_taken":0}],"is_beta":false,"boss_relics":[{"not_picked":["Runic Dome","Philosopher\u0027s Stone"],"picked":"Velvet Choker"},{"not_picked":["Pandora\u0027s Box","Eternal Feather"],"picked":"Snecko Eye"}],"items_purged_floors":[28],"is_endless":false,"potions_floor_spawned":[1,2,11,13,16,18,21,24,33,36,41,46,48],"killed_by":"Time Eater","ascension_level":2}