{"gold_per_floor":[114,39,39,39,56,90,90,100,100,100,100,434,445,445,445,522,522,522,4,4,4,4,4,4,4,4,0,0,0],"floor_reached":29,"playtime":1820,"items_purged":["Shame","Regret"],"score":502,"play_id":"007e71ae-5ab2-4f59-a862-c31a632fe94f","local_time":"20190813131657","is_ascension_mode":true,"campfire_choices":[{"floor":7,"key":"REST"},{"data":"Doom and Gloom","floor":10,"key":"SMITH"},{"floor":15,"key":"REST"},{"data":"Go for the Eyes","floor":23,"key":"SMITH"}],"neow_cost":"CURSE","seed_source_timestamp":752251321093000,"circlet_count":0,"master_deck":["AscendersBane","Strike_B+1","Strike_B+1","Strike_B+1","Defend_B+1","Defend_B+1","Defend_B+1","Defend_B+1","Zap","Dualcast","Compile Driver","Cold Snap","Gash","Sunder","Doom and Gloom+1","Go for the Eyes+1","Core Surge","Rebound","Coolheaded+1","Blind+1","White Noise+1","Conserve Battery+1","Tempest+1","Go for the Eyes","Writhe"],"relics":["Cracked Core","Nunchaku","Sundial","Toxic Egg 2","Symbiotic Virus","Old Coin","Ectoplasm","Membership Card","Cables","Juzu Bracelet","Meat on the Bone","Question Card"],"potions_floor_usage":[12,16,18,22,29,29],"damage_taken":[{"damage":12,"enemies":"Jaw Worm","floor":1,"turns":3},{"damage":2,"enemies":"2 Louse","floor":5,"turns":3},{"damage":36,"enemies":"Lagavulin","floor":6,"turns":9},{"damage":0,"enemies":"Cultist","floor":8,"turns":2},{"damage":14,"enemies":"3 Sentries","floor":12,"turns":3},{"damage":13,"enemies":"Blue Slaver","floor":13,"turns":4},{"damage":17,"enemies":"Slime Boss","floor":16,"turns":8},{"damage":4,"enemies":"Spheric Guardian","floor":18,"turns":3},{"damage":19,"enemies":"Shell Parasite","floor":20,"turns":3},{"damage":0,"enemies":"Centurion and Healer","floor":22,"turns":4},{"damage":16,"enemies":"Book of Stabbing","floor":24,"turns":5},{"damage":0,"enemies":"Cultist and Chosen","floor":25,"turns":3},{"damage":19,"enemies":"Slavers","floor":29,"turns":2}],"seed_played":"-764168208932689351","potions_obtained":[{"floor":6,"key":"Dexterity Potion"},{"floor":12,"key":"GamblersBrew"},{"floor":13,"key":"FocusPotion"},{"floor":20,"key":"EssenceOfSteel"},{"floor":22,"key":"SpeedPotion"},{"floor":25,"key":"AttackPotion"}],"is_trial":false,"path_per_floor":["M","$","?","?","M","E","R","M","T","R","?","E","M","?","R","B",null,"M","$","M","?","M","R","E","M","T","?","?","E"],"character_chosen":"DEFECT","items_purchased":["Membership Card","Cables","Coolheaded+1","Blind+1","White Noise+1"],"campfire_rested":2,"item_purchase_floors":[19,19,19,19,19],"current_hp_per_floor":[52,52,45,45,43,7,28,28,28,28,28,14,1,1,22,5,55,51,51,32,32,32,32,16,16,16,16,16,0],"gold":0,"neow_bonus":"ONE_RARE_RELIC","is_prod":false,"is_daily":false,"chose_seed":false,"campfire_upgraded":2,"win_rate":0,"timestamp":1565695017,"path_taken":["M","$","?","?","?","E","R","M","T","R","?","E","M","?","R","BOSS","M","$","M","?","M","R","E","M","T","?","?","E"],"build_version":"2019-07-17","purchased_purges":2,"victory":false,"max_hp_per_floor":[71,71,71,71,71,71,71,71,71,71,71,71,71,71,71,71,71,71,71,71,71,71,71,71,71,71,71,71,71],"card_choices":[{"not_picked":["Conserve Battery","Rebound"],"picked":"Compile Driver","floor":1},{"not_picked":["Conserve Battery","Hello World"],"picked":"Gash","floor":5},{"not_picked":["Beam Cell","Turbo"],"picked":"Sunder","floor":6},{"not_picked":["Conserve Battery","Redo"],"picked":"Doom and Gloom","floor":8},{"not_picked":["Streamline","Blizzard","Amplify+1"],"picked":"SKIP","floor":12},{"not_picked":["Aggregate+1","White Noise+1"],"picked":"Go for the Eyes","floor":13},{"not_picked":["Rainbow+1","Seek+1"],"picked":"Core Surge","floor":16},{"not_picked":["Stack+1","Streamline"],"picked":"Rebound","floor":18},{"not_picked":["Rebound","Storm"],"picked":"Conserve Battery+1","floor":20},{"not_picked":["Hologram+1","Steam+1"],"picked":"Tempest+1","floor":22},{"not_picked":["Gash","Leap+1"],"picked":"Go for the Eyes","floor":24},{"not_picked":["Aggregate+1","Cold Snap+1","Turbo+1"],"picked":"SKIP","floor":25}],"player_experience":1486170,"relics_obtained":[{"floor":6,"key":"Sundial"},{"floor":9,"key":"Toxic Egg 2"},{"floor":12,"key":"Old Coin"},{"floor":24,"key":"Juzu Bracelet"},{"floor":26,"key":"Meat on the Bone"}],"event_choices":[{"cards_removed":["Strike_B"],"damage_healed":0,"gold_gain":0,"player_choice":"Card Removal","damage_taken":7,"max_hp_gain":0,"max_hp_loss":0,"event_name":"Golden Wing","floor":3,"gold_loss":0},{"damage_healed":0,"gold_gain":0,"player_choice":"1 cards matched","damage_taken":0,"max_hp_gain":0,"max_hp_loss":0,"event_name":"Match and Keep!","floor":4,"gold_loss":0,"cards_obtained":["Cold Snap"]},{"damage_healed":0,"gold_gain":0,"player_choice":"Box","damage_taken":0,"relics_obtained":["Symbiotic Virus"],"max_hp_gain":0,"max_hp_loss":0,"event_name":"Big Fish","floor":11,"gold_loss":0,"cards_obtained":["Regret"]},{"damage_healed":0,"gold_gain":0,"player_choice":"Ignored","damage_taken":0,"max_hp_gain":0,"max_hp_loss":0,"event_name":"Liars Game","floor":14,"gold_loss":0},{"damage_healed":0,"gold_gain":0,"player_choice":"Simplicity","damage_taken":0,"max_hp_gain":0,"max_hp_loss":0,"event_name":"Back to Basics","floor":21,"gold_loss":0,"cards_upgraded":["Strike_B","Strike_B","Strike_B","Defend_B","Defend_B","Defend_B","Defend_B"]},{"damage_healed":0,"gold_gain":0,"player_choice":"Paid Fearfully","damage_taken":0,"max_hp_gain":0,"max_hp_loss":0,"event_name":"Masked Bandits","floor":27,"gold_loss":4},{"damage_healed":0,"gold_gain":0,"player_choice":"Opened","damage_taken":0,"relics_obtained":["Question Card"],"max_hp_gain":0,"max_hp_loss":0,"event_name":"The Mausoleum","floor":28,"gold_loss":0,"cards_obtained":["Writhe"]}],"is_beta":false,"boss_relics":[{"not_picked":["Inserter","White Beast Statue"],"picked":"Ectoplasm"}],"items_purged_floors":[2,19],"is_endless":false,"potions_floor_spawned":[6,12,13,20,22,25],"killed_by":"Slavers","ascension_level":20}