{"gold_per_floor":[16,36,36,50,50,82,9,26,71,71,82,94,109,142,142,242,242,260,260,110,122,72,103,118,118,197,197],"floor_reached":27,"playtime":2494,"items_purged":["Strike_G"],"score":257,"play_id":"1c3a35f5-a80a-450a-84f5-c43afe4cdf76","local_time":"20180813175154","is_ascension_mode":true,"campfire_choices":[{"floor":15,"key":"REST"},{"floor":25,"key":"REST"}],"neow_cost":"NO_GOLD","seed_source_timestamp":230736662948154,"circlet_count":0,"master_deck":["Defend_G","Defend_G","Defend_G","Defend_G","Defend_G","Strike_G","Strike_G","Strike_G","Survivor","Neutralize","Noxious Fumes","Bane","Bane","Dagger Throw","Noxious Fumes","Poisoned Stab","Bouncing Flask","Poisoned Stab","Dodge and Roll","Venomology","Bane+1","Crippling Poison","Deadly Poison"],"relics":["Ring of the Snake","Du-Vu Doll","Pear","Lantern","Vajra","Bottled Lightning","White Beast Statue","Shuriken","Singing Bowl","Matryoshka"],"potions_floor_usage":[6,14,16,18,21,21,23,23,24,24,27,27,27],"damage_taken":[{"damage":4,"enemies":"Cultist","floor":1,"turns":5},{"damage":0,"enemies":"Jaw Worm","floor":2,"turns":5},{"damage":0,"enemies":"2 Louse","floor":4,"turns":2},{"damage":24,"enemies":"Gremlin Nob","floor":6,"turns":5},{"damage":10,"enemies":"Looter","floor":8,"turns":2},{"damage":0,"enemies":"Gremlin Gang","floor":11,"turns":4},{"damage":0,"enemies":"3 Louse","floor":12,"turns":3},{"damage":4,"enemies":"Exordium Thugs","floor":13,"turns":4},{"damage":19,"enemies":"3 Sentries","floor":14,"turns":6},{"damage":24,"enemies":"Hexaghost","floor":16,"turns":7},{"damage":12,"enemies":"Shell Parasite","floor":18,"turns":4},{"damage":0,"enemies":"Spheric Guardian","floor":21,"turns":4},{"damage":54,"enemies":"Slavers","floor":23,"turns":5},{"damage":27,"enemies":"Cultist and Chosen","floor":24,"turns":6},{"damage":40,"enemies":"Book of Stabbing","floor":27,"turns":4}],"seed_played":"8525047142239469232","potions_obtained":[{"floor":2,"key":"Dexterity Potion"},{"floor":11,"key":"Weak Potion"},{"floor":12,"key":"Block Potion"},{"floor":13,"key":"Poison Potion"},{"floor":14,"key":"Energy Potion"},{"floor":16,"key":"Strength Potion"},{"floor":18,"key":"Block Potion"},{"floor":21,"key":"Regen Potion"},{"floor":23,"key":"Poison Potion"},{"floor":24,"key":"Swift Potion"}],"is_trial":false,"path_per_floor":["M","M","?","M","?","E","$","M","T","?","M","M","M","E","R","B",null,"M","?","$","M","?","E","M","R","T"],"character_chosen":"THE_SILENT","items_purchased":["Noxious Fumes","Crippling Poison"],"campfire_rested":2,"item_purchase_floors":[7,20],"current_hp_per_floor":[66,66,59,59,69,45,45,35,35,35,35,35,31,12,36,12,80,68,68,68,68,68,31,6,31,31,0],"gold":197,"neow_bonus":"ONE_RARE_RELIC","is_prod":false,"is_daily":false,"chose_seed":false,"campfire_upgraded":0,"win_rate":0,"timestamp":1534175514,"path_taken":["M","?","?","M","?","E","$","M","T","?","M","?","M","E","R","BOSS","M","?","$","M","?","E","?","R","T","E"],"build_version":"2018-08-09","purchased_purges":1,"victory":false,"max_hp_per_floor":[70,70,70,70,80,80,80,80,80,80,80,80,80,80,80,80,80,80,80,80,80,80,82,84,84,84,84],"card_choices":[{"not_picked":["Bane","Poisoned Stab"],"picked":"Noxious Fumes","floor":1},{"not_picked":["Dagger Spray","Dodge and Roll"],"picked":"Bane","floor":2},{"not_picked":["Quick Slash","Concentrate"],"picked":"Bane","floor":4},{"not_picked":["Blade Dance","Calculated Gamble"],"picked":"Dagger Throw","floor":6},{"not_picked":["Blade Dance","Concentrate","Infinite Blades"],"picked":"SKIP","floor":8},{"not_picked":["Terror","Predator"],"picked":"Poisoned Stab","floor":11},{"not_picked":["Phantasmal Killer","Outmaneuver"],"picked":"Bouncing Flask","floor":12},{"not_picked":["Distraction","Setup"],"picked":"Poisoned Stab","floor":13},{"not_picked":["Bullet Time","Slice"],"picked":"Dodge and Roll","floor":14},{"not_picked":["Adrenaline","After Image"],"picked":"Venomology","floor":16},{"not_picked":["Accuracy","Poisoned Stab"],"picked":"Bane+1","floor":18},{"not_picked":["Deflect","Concentrate"],"picked":"Deadly Poison","floor":21},{"not_picked":["Eviscerate","Tools of the Trade","Blade Dance"],"picked":"Singing Bowl","floor":23},{"not_picked":["Cloak And Dagger","Leg Sweep","Prepared"],"picked":"Singing Bowl","floor":24}],"player_experience":295561,"relics_obtained":[{"floor":6,"key":"Lantern"},{"floor":9,"key":"Vajra"},{"floor":14,"key":"Bottled Lightning"},{"floor":23,"key":"Singing Bowl"},{"floor":26,"key":"Matryoshka"}],"event_choices":[{"event_name":"Golden Wing","player_choice":"Card Removal","floor":3,"damage_taken":0},{"event_name":"Big Fish","player_choice":"Box","floor":5,"damage_taken":0},{"event_name":"Fountain of Cleansing","player_choice":"Removed Curse","floor":10,"damage_taken":0},{"event_name":"The Mausoleum","player_choice":"Yes","floor":19,"damage_taken":0},{"event_name":"The Joust","player_choice":"Bet on Murderer","floor":22,"damage_taken":0}],"is_beta":false,"boss_relics":[{"not_picked":["Philosopher\u0027s Stone","Ring of the Serpent"],"picked":"White Beast Statue"}],"items_purged_floors":[20],"is_endless":false,"potions_floor_spawned":[2,11,12,13,14,16,18,21,23,24],"killed_by":"Book of Stabbing","ascension_level":1}