{"gold_per_floor":[111,111,124,7,26,26,55,55,125,150,163,163,163,178,178,271,271,285,305,152,152,94,94],"floor_reached":23,"playtime":2225,"items_purged":["Strike_G"],"score":403,"play_id":"ddaf3e68-4285-45cf-9800-c6e397cd6f19","local_time":"20190801143544","is_ascension_mode":true,"campfire_choices":[{"data":"Venomology","floor":6.0,"key":"SMITH"},{"floor":8.0,"key":"REST"},{"floor":12.0,"key":"REST"},{"data":"Footwork","floor":15.0,"key":"SMITH"}],"neow_cost":"NONE","seed_source_timestamp":711350068496946,"circlet_count":0,"master_deck":["AscendersBane","Defend_G","Defend_G","Defend_G","Defend_G","Defend_G","Survivor","Neutralize","Venomology+1","Sucker Punch","Blur","Footwork+1","Backflip","Dagger Throw","Riddle With Holes","Dodge and Roll","Outmaneuver","Adrenaline","PiercingWail","Blade Dance","Well Laid Plans","Bite","Bite","Bite","Bite","Bite","Outmaneuver"],"special_seed":0,"relics":["Ring of the Snake","Pear","Juzu Bracelet","Shuriken","Bird Faced Urn","Golden Idol","Black Star"],"potions_floor_usage":[23,23,23],"damage_taken":[{"damage":2.0,"enemies":"Cultist","floor":1.0,"turns":4.0},{"damage":0.0,"enemies":"2 Louse","floor":3.0,"turns":5.0},{"damage":0.0,"enemies":"Small Slimes","floor":5.0,"turns":8.0},{"damage":36.0,"enemies":"3 Sentries","floor":7.0,"turns":15.0},{"damage":26.0,"enemies":"Gremlin Nob","floor":10.0,"turns":5.0},{"damage":2.0,"enemies":"2 Fungi Beasts","floor":11.0,"turns":7.0},{"damage":8.0,"enemies":"Exordium Thugs","floor":14.0,"turns":10.0},{"damage":24.0,"enemies":"The Guardian","floor":16.0,"turns":16.0},{"damage":20.0,"enemies":"Spheric Guardian","floor":18.0,"turns":22.0},{"damage":8.0,"enemies":"Chosen","floor":19.0,"turns":7.0},{"damage":51,"enemies":"Slavers","floor":23,"turns":5}],"seed_played":"5703885382282421401","potions_obtained":[{"floor":3.0,"key":"Explosive Potion"},{"floor":7.0,"key":"Weak Potion"},{"floor":11.0,"key":"Weak Potion"},{"floor":19.0,"key":"Block Potion"}],"is_trial":false,"path_per_floor":["M","T","M","$","M","R","E","R","T","E","M","R","?","M","R","B",null,"M","M","$","?","$","E"],"character_chosen":"THE_SILENT","items_purchased":["Footwork","Backflip","Well Laid Plans","Outmaneuver"],"campfire_rested":2,"item_purchase_floors":[4,4,20,22],"current_hp_per_floor":[57,67,67,67,67,67,31,53,53,27,27,49,49,43,43,21,57,39,33,33,33,33,0],"gold":94,"neow_bonus":"TRANSFORM_CARD","is_prod":false,"is_daily":false,"chose_seed":false,"campfire_upgraded":2,"win_rate":0,"timestamp":1564695344,"path_taken":["M","?","M","$","M","R","E","R","T","E","M","R","?","M","R","BOSS","M","M","$","?","$","E"],"build_version":"2019-07-17","purchased_purges":1,"victory":false,"max_hp_per_floor":[66,76,76,76,76,76,76,76,76,76,76,76,69,69,69,69,69,69,69,69,48,48,48],"card_choices":[{"not_picked":["Deadly Poison","Expertise"],"picked":"Sucker Punch","floor":1.0},{"not_picked":["Acrobatics","Prepared"],"picked":"Blur","floor":3.0},{"not_picked":["Sucker Punch","Poisoned Stab"],"picked":"Dagger Throw","floor":5.0},{"not_picked":["Reflex","Escape Plan"],"picked":"Riddle With Holes","floor":7.0},{"not_picked":["Eviscerate","Slice","Bane"],"picked":"SKIP","floor":10.0},{"not_picked":["Slice","Heel Hook"],"picked":"Dodge and Roll","floor":11.0},{"not_picked":["Bane","Deadly Poison"],"picked":"Outmaneuver","floor":14.0},{"not_picked":["Corpse Explosion","Wraith Form v2"],"picked":"Adrenaline","floor":16.0},{"not_picked":["Infinite Blades","Escape Plan"],"picked":"PiercingWail","floor":18.0},{"not_picked":["Eviscerate","Dash+1"],"picked":"Blade Dance","floor":19.0}],"player_experience":608887,"relics_obtained":[{"floor":2.0,"key":"Pear"},{"floor":7.0,"key":"Juzu Bracelet"},{"floor":9.0,"key":"Shuriken"},{"floor":10.0,"key":"Bird Faced Urn"}],"event_choices":[{"damage_healed":0.0,"max_hp_gain":0.0,"max_hp_loss":7.0,"gold_gain":0.0,"event_name":"Golden Idol","player_choice":"Lose Max HP","floor":13.0,"gold_loss":0.0,"damage_taken":0.0,"relics_obtained":["Golden Idol"]},{"damage_healed":0.0,"max_hp_gain":0.0,"max_hp_loss":21.0,"gold_gain":0.0,"event_name":"Vampires","player_choice":"Became a vampire","floor":21.0,"gold_loss":0.0,"damage_taken":0.0,"cards_obtained":["Bite","Bite","Bite","Bite","Bite"]}],"is_beta":false,"boss_relics":[{"not_picked":["HoveringKite","Orrery"],"picked":"Black Star"}],"items_purged_floors":[20],"is_endless":false,"potions_floor_spawned":[3,7,11,19],"killed_by":"Slavers","ascension_level":18}