{"gold_per_floor":[111,134,150,150,160,188,205,235,312,312,326,326,401,24,24,24],"floor_reached":16,"playtime":1074,"items_purged":[],"score":127,"play_id":"832c9da9-595e-4b8f-872f-c78985992afa","local_time":"20180827231745","is_ascension_mode":true,"campfire_choices":[{"data":"Loop","floor":15,"key":"SMITH"}],"neow_cost":"NONE","seed_source_timestamp":890088406020239,"circlet_count":0,"master_deck":["Strike_B","Strike_B","Strike_B","Defend_B","Defend_B","Defend_B","Defend_B","Zap","Dualcast","FTL","Stack","Streamline","Core Surge","Conserve Battery","Buffer","Turbo","Regret","Loop+1"],"relics":["Nuclear Battery","Bronze Scales","Ancient Tea Set","Vajra","Mummified Hand","Shuriken","Bag of Preparation","Oddly Smooth Stone","Anchor"],"potions_floor_usage":[7,8,8,16],"damage_taken":[{"damage":0,"enemies":"Cultist","floor":1,"turns":4},{"damage":2,"enemies":"Jaw Worm","floor":3,"turns":3},{"damage":0,"enemies":"2 Louse","floor":5,"turns":3},{"damage":20,"enemies":"3 Sentries","floor":6,"turns":6},{"damage":4,"enemies":"Exordium Wildlife","floor":7,"turns":3},{"damage":8,"enemies":"Gremlin Nob","floor":8,"turns":3},{"damage":0,"enemies":"Large Slime","floor":11,"turns":5},{"damage":28,"enemies":"The Guardian","floor":16,"turns":7}],"seed_played":"-1124130455082097520","potions_obtained":[{"floor":1,"key":"Strength Potion"},{"floor":6,"key":"Swift Potion"},{"floor":7,"key":"Fruit Juice"},{"floor":11,"key":"LiquidBronze"}],"is_trial":false,"path_per_floor":["M","T","M","?","M","E","M","E","T","?","M","?","?","$","R"],"character_chosen":"DEFECT","items_purchased":["Oddly Smooth Stone","Anchor","Loop"],"campfire_rested":0,"item_purchase_floors":[14,14,14],"current_hp_per_floor":[75,75,73,66,66,46,47,39,39,39,39,39,28,28,28,0],"gold":24,"neow_bonus":"BOSS_RELIC","is_prod":false,"is_daily":false,"chose_seed":false,"campfire_upgraded":1,"win_rate":0,"timestamp":1535404665,"path_taken":["M","?","M","?","M","E","?","E","T","?","?","?","?","$","R","BOSS"],"build_version":"2018-08-23v2","purchased_purges":0,"victory":false,"max_hp_per_floor":[75,75,75,75,75,75,80,80,80,80,80,80,80,80,80,80],"card_choices":[{"not_picked":["Reinforced Body","Coolheaded"],"picked":"FTL","floor":1},{"not_picked":["Gash","Hologram"],"picked":"Stack","floor":3},{"not_picked":["Cold Snap","Steam"],"picked":"Streamline","floor":5},{"not_picked":["Barrage","Go for the Eyes"],"picked":"Core Surge","floor":6},{"not_picked":["Go for the Eyes","Compile Driver"],"picked":"Conserve Battery","floor":7},{"not_picked":["Compile Driver","Genetic Algorithm"],"picked":"Buffer","floor":8},{"not_picked":["Melter","Genetic Algorithm"],"picked":"Turbo","floor":11}],"player_experience":391984,"relics_obtained":[{"floor":2,"key":"Bronze Scales"},{"floor":6,"key":"Vajra"},{"floor":8,"key":"Mummified Hand"},{"floor":9,"key":"Shuriken"}],"event_choices":[{"event_name":"Scrap Ooze","player_choice":"success","floor":4,"damage_taken":7},{"event_name":"Living Wall","player_choice":"Forget","floor":10,"damage_taken":0},{"event_name":"Big Fish","player_choice":"Box","floor":12,"damage_taken":0},{"event_name":"World of Goop","player_choice":"Gather Gold","floor":13,"damage_taken":0}],"is_beta":false,"boss_relics":[],"items_purged_floors":[],"is_endless":false,"potions_floor_spawned":[1,6,7,11],"killed_by":"The Guardian","ascension_level":3}