{"gold_per_floor":[219,237,252,252,265,290,290,41,93,122,4,21,21,37,37,136,136,148,163,182,182,192,192,192],"floor_reached":24,"playtime":1732,"items_purged":[],"score":315,"play_id":"4ea99f09-da70-4971-9199-77624212c64c","local_time":"20190722164331","is_ascension_mode":true,"campfire_choices":[{"floor":7,"key":"REST"},{"floor":13,"key":"REST"},{"data":"Concentrate","floor":15,"key":"SMITH"},{"floor":23,"key":"REST"}],"neow_cost":"NONE","seed_source_timestamp":29727450798507,"circlet_count":0,"master_deck":["AscendersBane","Strike_G","Strike_G","Strike_G","Strike_G","Defend_G","Defend_G","Defend_G","Defend_G","Defend_G","Survivor","Neutralize","Leg Sweep","Masterful Stab","Outmaneuver","Blind","Dash","Backflip","Terror","Flechettes","Concentrate+1","Noxious Fumes","PiercingWail","Deflect","After Image","Deflect","Heel Hook","Well Laid Plans","All Out Attack","Masterful Stab","Underhanded Strike+1","Tools of the Trade"],"special_seed":0,"relics":["Ring of the Snake","Ninja Scroll","Bottled Lightning","Centennial Puzzle","Bag of Preparation","Orrery"],"potions_floor_usage":[10,16,24,24],"damage_taken":[{"damage":0.0,"enemies":"2 Louse","floor":1.0,"turns":6.0},{"damage":12.0,"enemies":"Cultist","floor":2.0,"turns":8.0},{"damage":0.0,"enemies":"Small Slimes","floor":3.0,"turns":5.0},{"damage":1,"enemies":"Blue Slaver","floor":5,"turns":4},{"damage":46,"enemies":"Gremlin Nob","floor":6,"turns":6},{"damage":12,"enemies":"Lagavulin","floor":10,"turns":7},{"damage":8,"enemies":"Large Slime","floor":12,"turns":6},{"damage":0,"enemies":"Looter","floor":14,"turns":3},{"damage":15,"enemies":"The Guardian","floor":16,"turns":13},{"damage":5,"enemies":"Chosen","floor":18,"turns":6},{"damage":21,"enemies":"Spheric Guardian","floor":19,"turns":6},{"damage":8,"enemies":"Snake Plant","floor":20,"turns":7},{"damage":15,"enemies":"Cultist and Chosen","floor":22,"turns":8},{"damage":37,"enemies":"Gremlin Leader","floor":24,"turns":7}],"seed_played":"1485236652942058742","potions_obtained":[{"floor":6,"key":"EssenceOfSteel"},{"floor":12,"key":"GhostInAJar"},{"floor":14,"key":"FearPotion"},{"floor":16,"key":"FearPotion"},{"floor":19,"key":"LiquidBronze"}],"is_trial":false,"path_per_floor":["M","M","M","?","M","E","R","$","T","E","$","M","R","M","R","B",null,"M","M","M","?","M","R","E"],"character_chosen":"THE_SILENT","items_purchased":["Bottled Lightning","Concentrate","Noxious Fumes"],"campfire_rested":3,"item_purchase_floors":[8,11,11],"current_hp_per_floor":[63,51,51,51,50,4,25,25,25,13,13,5,26,26,26,11,55,50,29,21,21,6,27,0],"gold":192,"neow_bonus":"HUNDRED_GOLD","is_prod":false,"is_daily":false,"chose_seed":false,"campfire_upgraded":1,"win_rate":0,"timestamp":1563839011,"path_taken":["M","M","M","?","?","E","R","$","T","E","$","M","R","M","R","BOSS","M","M","M","?","M","R","E"],"build_version":"2019-07-17","purchased_purges":0,"victory":false,"max_hp_per_floor":[70,70,70,70,70,70,70,70,70,70,70,70,70,70,70,70,70,70,70,70,70,70,70,70],"card_choices":[{"not_picked":["Deadly Poison","Deflect"],"picked":"Leg Sweep","floor":1.0},{"not_picked":["Dodge and Roll","Slice"],"picked":"Masterful Stab","floor":2.0},{"not_picked":["Cloak And Dagger","Dash"],"picked":"Outmaneuver","floor":3.0},{"not_picked":["Sucker Punch","Bane"],"picked":"Backflip","floor":5},{"not_picked":["Calculated Gamble","Dodge and Roll"],"picked":"Terror","floor":6},{"not_picked":["Endless Agony","Poisoned Stab"],"picked":"Flechettes","floor":10},{"not_picked":["Grand Finale","Backflip"],"picked":"PiercingWail","floor":12},{"not_picked":["Cloak And Dagger","Slice"],"picked":"Deflect","floor":14},{"not_picked":["Unload","Die Die Die"],"picked":"After Image","floor":16},{"not_picked":["PiercingWail","Bane"],"picked":"Deflect","floor":17},{"not_picked":["Deadly Poison","PiercingWail"],"picked":"Heel Hook","floor":17},{"not_picked":["PiercingWail","Eviscerate"],"picked":"Well Laid Plans","floor":17},{"not_picked":["Expertise","Backflip"],"picked":"All Out Attack","floor":17},{"not_picked":["Reflex","Quick Slash"],"picked":"Masterful Stab","floor":18},{"not_picked":["Bane","Distraction","Backflip"],"picked":"SKIP","floor":19},{"not_picked":["Cloak And Dagger","Dagger Throw"],"picked":"Underhanded Strike+1","floor":20},{"not_picked":["All Out Attack","Slice"],"picked":"Tools of the Trade","floor":22}],"player_experience":423924,"relics_obtained":[{"floor":6,"key":"Ninja Scroll"},{"floor":9,"key":"Centennial Puzzle"},{"floor":10,"key":"Bag of Preparation"}],"event_choices":[{"damage_healed":0,"gold_gain":0,"player_choice":"2 cards matched","damage_taken":0,"max_hp_gain":0,"max_hp_loss":0,"event_name":"Match and Keep!","floor":4,"gold_loss":0,"cards_obtained":["Blind","Dash"]},{"cards_removed":["Strike_G"],"damage_healed":0,"gold_gain":0,"player_choice":"Elegance","damage_taken":0,"max_hp_gain":0,"max_hp_loss":0,"event_name":"Back to Basics","floor":21,"gold_loss":0}],"is_beta":false,"boss_relics":[{"not_picked":["WristBlade","Busted Crown"],"picked":"Orrery"}],"items_purged_floors":[],"is_endless":false,"potions_floor_spawned":[6,12,14,16,19],"killed_by":"Gremlin Leader","ascension_level":10}