{"gold_per_floor":[116,129,129,204,217,217,249,249,249,249,274,79,92,108,108,203,203,159,173,173,15,36,36,36,55,107,119,131],"floor_reached":28,"playtime":1399,"items_purged":["Strike_G","Shame"],"score":440,"play_id":"60012d70-7183-4389-bc45-c219bd07d011","local_time":"20190613204252","is_ascension_mode":true,"campfire_choices":[{"data":"Quick Slash","floor":6.0,"key":"SMITH"},{"floor":10,"key":"REST"},{"floor":15,"key":"REST"},{"data":"Blur","floor":23,"key":"SMITH"},{"floor":27,"key":"REST"}],"neow_cost":"NONE","seed_source_timestamp":1542294410345280,"circlet_count":0,"master_deck":["AscendersBane","Defend_G","Defend_G","Defend_G","Defend_G","Defend_G","Strike_G","Strike_G","Strike_G","Strike_G","Survivor","Neutralize","Footwork","Deadly Poison","Quick Slash+1","Deflect","Backstab+1","Dash+1","Footwork","Dodge and Roll","Adrenaline","Blur+1","Dodge and Roll+1","Quick Slash+1","Sucker Punch+1","PiercingWail+1"],"special_seed":0,"relics":["Ring of the Snake","NeowsBlessing","Singing Bowl","Dream Catcher","Golden Idol","Molten Egg 2","Runic Pyramid","The Courier","MawBank"],"potions_floor_usage":[7,16,25,28,28],"damage_taken":[{"damage":0.0,"enemies":"Jaw Worm","floor":1.0,"turns":1.0},{"damage":0.0,"enemies":"2 Louse","floor":2.0,"turns":1.0},{"damage":0.0,"enemies":"Small Slimes","floor":5.0,"turns":1.0},{"damage":36,"enemies":"Gremlin Nob","floor":7,"turns":4},{"damage":9,"enemies":"Exordium Thugs","floor":11,"turns":4},{"damage":3,"enemies":"Exordium Wildlife","floor":13,"turns":7},{"damage":0,"enemies":"Blue Slaver","floor":14,"turns":3},{"damage":4,"enemies":"The Guardian","floor":16,"turns":16},{"damage":23,"enemies":"2 Thieves","floor":18,"turns":5},{"damage":0,"enemies":"Chosen","floor":19,"turns":8},{"damage":17,"enemies":"Snake Plant","floor":22,"turns":6},{"damage":30,"enemies":"Shelled Parasite and Fungi","floor":25,"turns":10},{"damage":26,"enemies":"3 Cultists","floor":28,"turns":5}],"seed_played":"6976876767197688569","potions_obtained":[{"floor":5.0,"key":"Strength Potion"},{"floor":11,"key":"SpeedPotion"},{"floor":16,"key":"Swift Potion"},{"floor":22,"key":"Regen Potion"},{"floor":25,"key":"Weak Potion"}],"is_trial":false,"path_per_floor":["M","M","?","?","M","R","E","?","T","R","M","$","M","M","R","B",null,"M","M","?","$","M","R","?","M","T","R","M"],"character_chosen":"THE_SILENT","items_purchased":["Dash+1","Footwork","Quick Slash+1","Sucker Punch+1"],"campfire_rested":3,"item_purchase_floors":[12,12,21,21],"current_hp_per_floor":[59,59,48,37,37,37,1,1,1,19,12,12,11,11,32,28,57,34,34,34,34,19,19,19,4,4,26,0],"gold":131,"neow_bonus":"THREE_ENEMY_KILL","is_prod":false,"is_daily":false,"chose_seed":false,"campfire_upgraded":2,"win_rate":0,"timestamp":1560451372,"path_taken":["M","M","?","?","M","R","E","?","T","R","M","$","M","M","R","BOSS","M","M","?","?","M","R","?","M","T","R","M"],"build_version":"2019-01-23","purchased_purges":2,"victory":false,"max_hp_per_floor":[66,66,66,66,66,66,66,60,60,60,62,62,64,64,66,66,66,66,66,66,66,68,68,68,68,68,70,70],"card_choices":[{"not_picked":["Poisoned Stab","Flying Knee"],"picked":"Footwork","floor":1.0},{"not_picked":["Quick Slash","Blade Dance"],"picked":"Deadly Poison","floor":2.0},{"not_picked":["Bane","Outmaneuver"],"picked":"Quick Slash","floor":5.0},{"not_picked":["Calculated Gamble","A Thousand Cuts"],"picked":"Deflect","floor":7},{"not_picked":["Quick Slash+1","Backflip"],"picked":"Backstab+1","floor":10},{"not_picked":["Prepared","Accuracy","Endless Agony+1"],"picked":"Singing Bowl","floor":11},{"not_picked":["Poisoned Stab+1","Slice+1","Blade Dance"],"picked":"Singing Bowl","floor":13},{"not_picked":["Backflip","Deadly Poison"],"picked":"Dodge and Roll","floor":14},{"not_picked":["Bouncing Flask","Bane+1","Concentrate"],"picked":"Singing Bowl","floor":15},{"not_picked":["Unload+1","Wraith Form v2"],"picked":"Adrenaline","floor":16},{"not_picked":["Backflip","Prepared"],"picked":"Blur","floor":18},{"not_picked":["Dagger Throw+1","Deflect"],"picked":"Dodge and Roll+1","floor":19},{"not_picked":["Grand Finale+1","Backflip","Blade Dance+1"],"picked":"Singing Bowl","floor":22},{"not_picked":["Bouncing Flask","Sucker Punch+1"],"picked":"PiercingWail+1","floor":25},{"not_picked":["Concentrate","Blade Dance","Dodge and Roll"],"picked":"Singing Bowl","floor":27}],"player_experience":1354067,"relics_obtained":[{"floor":7,"key":"Dream Catcher"},{"floor":9,"key":"Molten Egg 2"},{"floor":26,"key":"MawBank"}],"event_choices":[{"damage_healed":0.0,"max_hp_gain":0.0,"max_hp_loss":0.0,"gold_gain":0.0,"event_name":"Scrap Ooze","player_choice":"Success","floor":3.0,"gold_loss":0.0,"damage_taken":11.0,"relics_obtained":["Singing Bowl"]},{"damage_healed":0.0,"max_hp_gain":0.0,"max_hp_loss":0.0,"gold_gain":75.0,"event_name":"World of Goop","player_choice":"Gather Gold","floor":4.0,"gold_loss":0.0,"damage_taken":11.0},{"damage_healed":0,"gold_gain":0,"player_choice":"Lose Max HP","damage_taken":0,"relics_obtained":["Golden Idol"],"max_hp_gain":0,"max_hp_loss":6,"event_name":"Golden Idol","floor":8,"gold_loss":0},{"damage_healed":0,"gold_gain":0,"player_choice":"Stole Relic","damage_taken":0,"relics_obtained":["The Courier"],"max_hp_gain":0,"max_hp_loss":0,"event_name":"Addict","floor":20,"gold_loss":0,"cards_obtained":["Shame"]},{"damage_healed":0,"gold_gain":0,"player_choice":"Ignored","damage_taken":0,"max_hp_gain":0,"max_hp_loss":0,"event_name":"Beggar","floor":24,"gold_loss":0}],"is_beta":false,"boss_relics":[{"not_picked":["Astrolabe","Coffee Dripper"],"picked":"Runic Pyramid"}],"items_purged_floors":[12,21],"is_endless":false,"potions_floor_spawned":[5,11,16,22,25],"killed_by":"3 Cultists","ascension_level":20}