{"gold_per_floor":[112,287,300,316,335,360,360,374,374,374],"floor_reached":10,"playtime":765,"items_purged":[],"score":84,"play_id":"4fbf1def-78cb-46ff-b0c4-e399bc0675a0","local_time":"20180919134207","is_ascension_mode":true,"campfire_choices":[{"data":"Scrape","floor":7,"key":"SMITH"}],"neow_cost":"CURSE","seed_source_timestamp":58479070001794,"circlet_count":0,"master_deck":["Strike_B","Strike_B","Strike_B","Defend_B","Defend_B","Defend_B","Zap","Dualcast","Injury","Core Surge","Compile Driver","Scrape","Doubt","Scrape+1","Go for the Eyes","Stack","Skim","Redo"],"relics":["Cracked Core","Boot","Gremlin Horn"],"potions_floor_usage":[6,6,10],"damage_taken":[{"damage":0,"enemies":"Cultist","floor":1,"turns":3},{"damage":3,"enemies":"Jaw Worm","floor":3,"turns":4},{"damage":0,"enemies":"Small Slimes","floor":4,"turns":3},{"damage":21,"enemies":"Gremlin Gang","floor":5,"turns":4},{"damage":15,"enemies":"Lagavulin","floor":6,"turns":6},{"damage":27,"enemies":"Large Slime","floor":8,"turns":7},{"damage":12,"enemies":"3 Sentries","floor":10,"turns":2}],"seed_played":"7977945338489073073","potions_obtained":[{"floor":1,"key":"LiquidBronze"},{"floor":4,"key":"AttackPotion"},{"floor":5,"key":"SteroidPotion"},{"floor":6,"key":"LiquidBronze"}],"is_trial":false,"path_per_floor":["M","?","M","M","M","E","R","M","T"],"character_chosen":"DEFECT","items_purchased":[],"campfire_rested":0,"item_purchase_floors":[],"current_hp_per_floor":[75,75,72,72,51,36,36,9,9,0],"gold":374,"neow_bonus":"TRANSFORM_TWO_CARDS","is_prod":false,"is_daily":false,"chose_seed":false,"campfire_upgraded":1,"win_rate":0,"timestamp":1537357327,"path_taken":["M","?","M","M","M","E","R","M","T","E"],"build_version":"2018-09-06","purchased_purges":0,"victory":false,"max_hp_per_floor":[75,75,75,75,75,75,75,75,75,75],"card_choices":[{"not_picked":["Storm","Lockon"],"picked":"Scrape","floor":1},{"not_picked":["Steam Power","Compile Driver"],"picked":"Scrape","floor":3},{"not_picked":["Chaos","Undo"],"picked":"Go for the Eyes","floor":4},{"not_picked":["Barrage","Cold Snap"],"picked":"Stack","floor":5},{"not_picked":["Undo","Thunder Strike"],"picked":"Skim","floor":6},{"not_picked":["Sunder","Reinforced Body"],"picked":"Redo","floor":8}],"player_experience":483068,"relics_obtained":[{"floor":6,"key":"Boot"},{"floor":9,"key":"Gremlin Horn"}],"event_choices":[{"event_name":"Liars Game","player_choice":"agreed","floor":2,"damage_taken":0}],"is_beta":false,"boss_relics":[],"items_purged_floors":[],"is_endless":false,"potions_floor_spawned":[1,4,5,6],"killed_by":"3 Sentries","ascension_level":4}