{"gold_per_floor":[119,129,142,17,17,52,52,227,227,242,317,328,344,294,294,294],"floor_reached":16,"playtime":753,"items_purged":["Strike_G"],"score":102,"play_id":"ba47fe97-9055-4b5b-9316-f87c1dacaf3e","local_time":"20190620140638","is_ascension_mode":false,"campfire_choices":[{"data":"Sucker Punch","floor":7,"key":"SMITH"},{"data":"Infinite Blades","floor":15,"key":"SMITH"}],"neow_cost":"NONE","seed_source_timestamp":309319725265200,"circlet_count":0,"master_deck":["Defend_G","Defend_G","Defend_G","Defend_G","Defend_G","Strike_G","Strike_G","Strike_G","Strike_G","Survivor","Neutralize","Quick Slash","Sucker Punch+1","Poisoned Stab","PiercingWail","Heel Hook","Infinite Blades+1","Caltrops"],"relics":["White Beast Statue"],"potions_floor_usage":[6,6,13,13,16,16],"damage_taken":[{"damage":0,"enemies":"2 Louse","floor":1,"turns":3},{"damage":3,"enemies":"Jaw Worm","floor":2,"turns":4},{"damage":4,"enemies":"Cultist","floor":3,"turns":4},{"damage":26,"enemies":"Lagavulin","floor":6,"turns":9},{"damage":14,"enemies":"Exordium Thugs","floor":10,"turns":5},{"damage":14,"enemies":"Red Slaver","floor":12,"turns":6},{"damage":0,"enemies":"Large Slime","floor":13,"turns":3},{"damage":4,"enemies":"Hexaghost","floor":16,"turns":11}],"seed_played":"-4031683831073848975","potions_obtained":[{"floor":1,"key":"Weak Potion"},{"floor":2,"key":"EssenceOfSteel"},{"floor":3,"key":"Weak Potion"},{"floor":6,"key":"PowerPotion"},{"floor":10,"key":"AttackPotion"},{"floor":12,"key":"GhostInAJar"},{"floor":13,"key":"Dexterity Potion"}],"is_trial":false,"path_per_floor":["M","M","M","$","?","E","R","?","T","M","?","M","M","?","R","B"],"character_chosen":"THE_SILENT","items_purchased":["PiercingWail"],"campfire_rested":0,"item_purchase_floors":[4],"current_hp_per_floor":[70,67,63,63,68,42,42,42,42,28,17,3,3,3,3,0],"gold":294,"neow_bonus":"BOSS_RELIC","is_prod":false,"is_daily":false,"chose_seed":false,"campfire_upgraded":2,"win_rate":0,"timestamp":1561032398,"path_taken":["M","M","M","$","?","E","R","?","T","M","?","?","M","?","R","BOSS"],"build_version":"2019-01-23","purchased_purges":1,"victory":false,"max_hp_per_floor":[70,70,70,70,75,75,75,75,75,75,75,75,75,75,75,75],"card_choices":[{"not_picked":["Cloak And Dagger","Acrobatics"],"picked":"Quick Slash","floor":1},{"not_picked":["Riddle With Holes","Outmaneuver"],"picked":"Sucker Punch","floor":2},{"not_picked":["Flying Knee","Infinite Blades"],"picked":"Poisoned Stab","floor":3},{"not_picked":["Catalyst","Footwork"],"picked":"Heel Hook","floor":6},{"not_picked":["Choke","Flying Knee","Underhanded Strike"],"picked":"SKIP","floor":10},{"not_picked":["Tactician","Choke"],"picked":"Infinite Blades","floor":12},{"not_picked":["Bane","After Image"],"picked":"Caltrops","floor":13}],"player_experience":1366444,"relics_obtained":[],"event_choices":[{"damage_healed":0,"gold_gain":0,"player_choice":"Donut","damage_taken":0,"max_hp_gain":5,"max_hp_loss":0,"event_name":"Big Fish","floor":5,"gold_loss":0},{"damage_healed":0,"gold_gain":175,"player_choice":"AGREE","damage_taken":0,"max_hp_gain":0,"max_hp_loss":0,"event_name":"Liars Game","floor":8,"gold_loss":0,"cards_obtained":["Doubt"]},{"damage_healed":0,"gold_gain":75,"player_choice":"Gather Gold","damage_taken":11,"max_hp_gain":0,"max_hp_loss":0,"event_name":"World of Goop","floor":11,"gold_loss":0},{"cards_removed":["Doubt"],"damage_healed":0,"gold_gain":0,"player_choice":"Card Removal","damage_taken":0,"max_hp_gain":0,"max_hp_loss":0,"event_name":"The Cleric","floor":14,"gold_loss":50}],"is_beta":false,"boss_relics":[],"items_purged_floors":[4],"is_endless":false,"potions_floor_spawned":[1,2,3,6,10,12,13],"killed_by":"Hexaghost","ascension_level":0}