{"gold_per_floor":[114,131,3,3,15,41,54,54],"floor_reached":8,"playtime":620,"items_purged":[],"score":87,"play_id":"2a2b990d-ba7f-4a16-9704-0852975d6878","local_time":"20190724121419","is_ascension_mode":true,"campfire_choices":[],"neow_cost":"TEN_PERCENT_HP_LOSS","seed_source_timestamp":13778523620620,"circlet_count":0,"master_deck":["AscendersBane","Strike_G","Strike_G","Strike_G","Strike_G","Strike_G","Defend_G","Defend_G","Defend_G","Defend_G","Defend_G","Survivor","Neutralize","Wraith Form v2","Noxious Fumes","Poisoned Stab","Tools of the Trade","Dodge and Roll","Caltrops","Outmaneuver","Blur"],"relics":["Ring of the Snake","Mercury Hourglass"],"potions_floor_usage":[8],"damage_taken":[{"damage":7,"enemies":"Cultist","floor":1,"turns":5},{"damage":4,"enemies":"Jaw Worm","floor":2,"turns":6},{"damage":4,"enemies":"Small Slimes","floor":5,"turns":4},{"damage":23,"enemies":"Lagavulin","floor":6,"turns":10},{"damage":0,"enemies":"Blue Slaver","floor":7,"turns":4},{"damage":42,"enemies":"Gremlin Nob","floor":8,"turns":4}],"seed_played":"-7078753039231237065","potions_obtained":[{"floor":1,"key":"Regen Potion"},{"floor":5,"key":"SpeedPotion"},{"floor":6,"key":"FearPotion"}],"is_trial":false,"path_per_floor":["M","M","$","?","M","E","M","E"],"character_chosen":"THE_SILENT","items_purchased":["Tools of the Trade","Dodge and Roll"],"campfire_rested":0,"item_purchase_floors":[3,3],"current_hp_per_floor":[56,52,52,57,53,30,30,0],"gold":54,"neow_bonus":"THREE_RARE_CARDS","is_prod":false,"is_daily":false,"chose_seed":false,"campfire_upgraded":0,"win_rate":0,"timestamp":1563995659,"path_taken":["M","M","$","?","M","E","M","E"],"build_version":"2019-07-17","purchased_purges":0,"victory":false,"max_hp_per_floor":[63,63,63,68,68,68,68,68],"card_choices":[{"not_picked":["Burst","Tools of the Trade"],"picked":"Wraith Form v2","floor":0},{"not_picked":["Slice","PiercingWail"],"picked":"Noxious Fumes","floor":1},{"not_picked":["Dagger Spray","Sucker Punch"],"picked":"Poisoned Stab","floor":2},{"not_picked":["Setup","Slice"],"picked":"Caltrops","floor":5},{"not_picked":["Unload","Deflect"],"picked":"Outmaneuver","floor":6},{"not_picked":["Deflect","Cloak And Dagger"],"picked":"Blur","floor":7}],"player_experience":457004,"relics_obtained":[{"floor":6,"key":"Mercury Hourglass"}],"event_choices":[{"damage_healed":0,"gold_gain":0,"player_choice":"Donut","damage_taken":0,"max_hp_gain":5,"max_hp_loss":0,"event_name":"Big Fish","floor":4,"gold_loss":0}],"is_beta":false,"boss_relics":[],"items_purged_floors":[],"is_endless":false,"potions_floor_spawned":[1,5,6],"killed_by":"Gremlin Nob","ascension_level":10}