{"gold_per_floor":[114,133,151,7,7,35,35,61,61,61,91,91,118,118,118,215,215,225,18,18,117,133,133,133,168,168,16,29,29],"floor_reached":29,"playtime":2454,"items_purged":["Strike_B"],"score":320,"play_id":"dffc6a73-0fd9-4f37-9ce0-aaf090ddc82c","local_time":"20180919131214","is_ascension_mode":true,"campfire_choices":[{"data":"Hologram","floor":7,"key":"SMITH"},{"floor":10,"key":"REST"},{"data":"Coolheaded","floor":12,"key":"SMITH"},{"floor":15,"key":"REST"},{"floor":23,"key":"REST"}],"neow_cost":"TEN_PERCENT_HP_LOSS","seed_source_timestamp":54996557037535,"circlet_count":0,"master_deck":["Strike_B","Strike_B","Strike_B","Defend_B","Defend_B","Defend_B","Defend_B","Zap","Dualcast","Gash","Hologram+1","Coolheaded+1","Skim","Ball Lightning","Skim","Rebound","Cold Snap","Creative AI","Ball Lightning","Compile Driver","Capacitor+1","Rainbow+1","Gash","Coolheaded+1","Hologram+1"],"relics":["Cracked Core","Emotion Chip","FaceOfCleric","Singing Bowl","Sundial","Gremlin Horn","Torii","Pantograph","Toxic Egg 2","Nuclear Battery","Ancient Tea Set","Bag of Marbles","Darkstone Periapt","Peace Pipe"],"potions_floor_usage":[8,11,22,25,25,29],"damage_taken":[{"damage":2,"enemies":"Jaw Worm","floor":1,"turns":3},{"damage":1,"enemies":"Cultist","floor":2,"turns":3},{"damage":0,"enemies":"2 Louse","floor":3,"turns":2},{"damage":29,"enemies":"Lagavulin","floor":6,"turns":8},{"damage":16,"enemies":"Gremlin Nob","floor":8,"turns":3},{"damage":24,"enemies":"3 Sentries","floor":11,"turns":5},{"damage":32,"enemies":"Gremlin Nob","floor":13,"turns":4},{"damage":23,"enemies":"The Guardian","floor":16,"turns":11},{"damage":31,"enemies":"Shell Parasite","floor":18,"turns":5},{"damage":32,"enemies":"3 Byrds","floor":22,"turns":7},{"damage":18,"enemies":"Gremlin Leader","floor":25,"turns":6},{"damage":2,"enemies":"Cultist and Chosen","floor":28,"turns":4},{"damage":24,"enemies":"Snake Plant","floor":29,"turns":4}],"seed_played":"5763458002661502098","potions_obtained":[{"floor":1,"key":"FairyPotion"},{"floor":6,"key":"SteroidPotion"},{"floor":8,"key":"Regen Potion"},{"floor":22,"key":"Poison Potion"},{"floor":25,"key":"FearPotion"}],"is_trial":false,"path_per_floor":["M","M","M","$","?","E","R","E","T","R","E","R","E","T","R","B",null,"M","$","?","?","M","R","T","E","T","$","M"],"character_chosen":"DEFECT","items_purchased":["Skim","Ancient Tea Set","Compile Driver","Gash","Coolheaded+1","Block Potion"],"campfire_rested":3,"item_purchase_floors":[4,19,19,27,27,27],"current_hp_per_floor":[66,65,65,65,65,37,37,22,22,43,34,34,3,3,24,27,73,43,43,22,22,6,28,28,11,11,11,10,0],"gold":29,"neow_bonus":"ONE_RARE_RELIC","is_prod":false,"is_daily":false,"chose_seed":false,"campfire_upgraded":2,"win_rate":0,"timestamp":1537355534,"path_taken":["M","M","M","$","?","E","R","E","T","R","E","R","E","?","R","BOSS","M","?","?","?","?","R","?","E","T","$","M","M"],"build_version":"2018-09-06","purchased_purges":1,"victory":false,"max_hp_per_floor":[68,68,68,68,68,69,69,70,70,70,71,71,72,72,72,73,73,74,74,74,74,75,75,75,76,76,76,77,77],"card_choices":[{"not_picked":["Auto Shields","Turbo"],"picked":"Gash","floor":1},{"not_picked":["Sweeping Beam","Undo"],"picked":"Hologram","floor":2},{"not_picked":["Barrage","Leap"],"picked":"Coolheaded","floor":3},{"not_picked":["Leap","Barrage"],"picked":"Ball Lightning","floor":6},{"not_picked":["Streamline","Storm"],"picked":"Skim","floor":8},{"not_picked":["Compile Driver","Loop"],"picked":"Rebound","floor":11},{"not_picked":["Barrage","Rip and Tear"],"picked":"Cold Snap","floor":13},{"not_picked":["Amplify+1","Hyperbeam"],"picked":"Creative AI","floor":16},{"not_picked":["Rip and Tear","Turbo+1"],"picked":"Ball Lightning","floor":18},{"not_picked":["Barrage","Turbo+1"],"picked":"Capacitor+1","floor":22},{"not_picked":["Turbo+1","Double Energy+1"],"picked":"Rainbow+1","floor":25},{"not_picked":["Streamline+1","Loop"],"picked":"Hologram+1","floor":28}],"player_experience":480614,"relics_obtained":[{"floor":6,"key":"Singing Bowl"},{"floor":8,"key":"Sundial"},{"floor":9,"key":"Gremlin Horn"},{"floor":11,"key":"Torii"},{"floor":13,"key":"Pantograph"},{"floor":14,"key":"Toxic Egg 2"},{"floor":24,"key":"Bag of Marbles"},{"floor":25,"key":"Darkstone Periapt"},{"floor":26,"key":"Peace Pipe"}],"event_choices":[{"event_name":"FaceTrader","player_choice":"Trade","floor":5,"damage_taken":0},{"event_name":"Knowing Skull","player_choice":"POTION POTION ","floor":20,"damage_taken":0},{"event_name":"Nest","player_choice":"Stole From Cult","floor":21,"damage_taken":0}],"is_beta":false,"boss_relics":[{"not_picked":["Lizard Tail","Velvet Choker"],"picked":"Nuclear Battery"}],"items_purged_floors":[4],"is_endless":false,"potions_floor_spawned":[1,6,8,22,25],"killed_by":"Snake Plant","ascension_level":4}