{"gold_per_floor":[219,235,85,85,1,1,29,29,29,56,70,70,70,84,84,183,183,149,99,127,146,1,1,30,30,105,119,145,145,42,42],"floor_reached":31,"playtime":3204,"items_purged":["Strike_G","Backflip","Strike_G"],"score":494,"play_id":"fbfc9131-af8e-4147-803f-92876268ef64","local_time":"20190723143258","is_ascension_mode":true,"campfire_choices":[{"data":"Tactician","floor":6.0,"key":"SMITH"},{"data":"Footwork","floor":8.0,"key":"SMITH"},{"data":"Footwork","floor":12.0,"key":"SMITH"},{"floor":15.0,"key":"REST"},{"data":"Neutralize","floor":23,"key":"SMITH"},{"data":"Survivor","floor":29,"key":"SMITH"}],"neow_cost":"NONE","seed_source_timestamp":0,"circlet_count":0,"master_deck":["AscendersBane","Strike_G","Strike_G","Strike_G","Defend_G","Defend_G","Defend_G","Defend_G","Defend_G","Survivor+1","Neutralize+1","Dagger Throw","Tactician+1","Footwork+1","Escape Plan","Footwork+1","Dagger Throw","PiercingWail+1","Outmaneuver+1","Backflip+1","Adrenaline+1","Blur+1","Backflip+1","Quick Slash","Deflect+1","Dodge and Roll+1","Tactician+1","Adrenaline+1","Underhanded Strike+1"],"special_seed":0,"relics":["Ring of the Snake","Bag of Marbles","Letter Opener","Toxic Egg 2","Smiling Mask","Eternal Feather","Red Mask","Molten Egg 2","Meat on the Bone","Snake Skull"],"potions_floor_usage":[16,18,20,27,31],"damage_taken":[{"damage":0.0,"enemies":"Cultist","floor":1.0,"turns":5.0},{"damage":0.0,"enemies":"Small Slimes","floor":2.0,"turns":3.0},{"damage":28.0,"enemies":"3 Sentries","floor":7.0,"turns":14.0},{"damage":5.0,"enemies":"Lagavulin","floor":10.0,"turns":11.0},{"damage":0.0,"enemies":"2 Louse","floor":11.0,"turns":1.0},{"damage":8.0,"enemies":"Exordium Wildlife","floor":14.0,"turns":4.0},{"damage":20,"enemies":"Slime Boss","floor":16,"turns":27},{"damage":1,"enemies":"2 Thieves","floor":18,"turns":5},{"damage":2,"enemies":"Masked Bandits","floor":20,"turns":7},{"damage":0,"enemies":"3 Byrds","floor":21,"turns":7},{"damage":0,"enemies":"Slavers","floor":24,"turns":14},{"damage":0,"enemies":"3 Cultists","floor":27,"turns":8},{"damage":0,"enemies":"Book of Stabbing","floor":28,"turns":9},{"damage":81,"enemies":"Gremlin Leader","floor":31,"turns":13}],"seed_played":"-8818441732767912449","potions_obtained":[{"floor":7.0,"key":"GhostInAJar"},{"floor":11.0,"key":"SpeedPotion"},{"floor":18,"key":"SkillPotion"},{"floor":20,"key":"Energy Potion"},{"floor":24,"key":"Fire Potion"},{"floor":27,"key":"EssenceOfSteel"}],"is_trial":false,"path_per_floor":["M","M","$","?","$","R","E","R","T","E","M","R","?","M","R","B",null,"M","$","?","M","$","R","E","?","T","M","E","R","$","E"],"character_chosen":"THE_SILENT","items_purchased":["Footwork","Escape Plan","Footwork","Backflip","Deflect+1","Dodge and Roll+1","Underhanded Strike+1"],"campfire_rested":1,"item_purchase_floors":[3,3,5,5,22,22,30],"current_hp_per_floor":[63,63,63,56,56,56,28,28,28,23,23,23,23,15,36,16,57,56,56,54,54,54,69,69,69,69,69,69,70,70,0],"gold":42,"neow_bonus":"HUNDRED_GOLD","is_prod":false,"is_daily":false,"chose_seed":false,"campfire_upgraded":5,"win_rate":0,"timestamp":1563917578,"path_taken":["M","M","$","?","$","R","E","R","T","E","M","R","?","M","R","BOSS","M","$","?","M","$","R","E","?","T","M","E","R","$","E"],"build_version":"2019-07-17","purchased_purges":3,"victory":false,"max_hp_per_floor":[70,70,70,70,70,70,70,70,70,70,70,70,70,70,70,70,70,70,70,70,70,70,70,70,70,70,70,70,70,70,70],"card_choices":[{"not_picked":["Bane","Quick Slash"],"picked":"Dagger Throw","floor":1.0},{"not_picked":["Caltrops","Calculated Gamble"],"picked":"Tactician","floor":2.0},{"not_picked":["Prepared","PiercingWail"],"picked":"Dagger Throw","floor":7.0},{"not_picked":["Riddle With Holes","Infinite Blades"],"picked":"PiercingWail+1","floor":10.0},{"not_picked":["Backflip+1","Crippling Poison+1"],"picked":"Outmaneuver+1","floor":11.0},{"not_picked":["Dagger Spray","Poisoned Stab"],"picked":"Backflip+1","floor":14.0},{"not_picked":["Wraith Form v2","Glass Knife"],"picked":"Adrenaline+1","floor":16},{"not_picked":["Quick Slash","Dodge and Roll+1"],"picked":"Blur+1","floor":18},{"not_picked":["Slice","Dagger Throw"],"picked":"Backflip+1","floor":20},{"not_picked":["Backflip+1","Bane"],"picked":"Quick Slash","floor":21},{"not_picked":["Poisoned Stab","Bane"],"picked":"Tactician+1","floor":24},{"not_picked":["Riddle With Holes+1","Bane+1"],"picked":"Adrenaline+1","floor":27},{"not_picked":["Heel Hook+1","Bane+1","Bouncing Flask+1"],"picked":"SKIP","floor":28}],"player_experience":432137,"relics_obtained":[{"floor":7.0,"key":"Letter Opener"},{"floor":9.0,"key":"Toxic Egg 2"},{"floor":10.0,"key":"Smiling Mask"},{"floor":20,"key":"Red Mask"},{"floor":24,"key":"Molten Egg 2"},{"floor":26,"key":"Meat on the Bone"},{"floor":28,"key":"Snake Skull"}],"event_choices":[{"damage_healed":0.0,"max_hp_gain":0.0,"max_hp_loss":0.0,"gold_gain":0.0,"event_name":"Scrap Ooze","player_choice":"Success","floor":4.0,"gold_loss":0.0,"damage_taken":7.0,"relics_obtained":["Bag of Marbles"]},{"damage_healed":0.0,"max_hp_gain":0.0,"max_hp_loss":0.0,"gold_gain":0.0,"event_name":"Liars Game","player_choice":"Ignored","floor":13.0,"gold_loss":0.0,"damage_taken":0.0},{"damage_healed":0,"gold_gain":0,"player_choice":"Fought Bandits","damage_taken":0,"max_hp_gain":0,"max_hp_loss":0,"event_name":"Masked Bandits","floor":20,"gold_loss":0},{"damage_healed":0,"gold_gain":0,"player_choice":"Ignored","damage_taken":0,"max_hp_gain":0,"max_hp_loss":0,"event_name":"The Mausoleum","floor":25,"gold_loss":0}],"is_beta":false,"boss_relics":[{"not_picked":["Philosopher\u0027s Stone","Fusion Hammer"],"picked":"Eternal Feather"}],"items_purged_floors":[19,22,30],"is_endless":false,"potions_floor_spawned":[7,11,18,20,24,27],"killed_by":"Gremlin Leader","ascension_level":10}