{"gold_per_floor":[113,113,73,89,21,21,37,62,62,62],"floor_reached":10,"playtime":615,"items_purged":[],"score":122,"play_id":"1ace35e5-a520-4497-b864-b6624f4d3259","local_time":"20190730150750","is_ascension_mode":true,"campfire_choices":[{"data":"Flechettes","floor":6.0,"key":"SMITH"}],"neow_cost":"NONE","seed_source_timestamp":542150116675311,"circlet_count":0,"master_deck":["AscendersBane","Strike_G","Strike_G","Strike_G","Strike_G","Defend_G","Defend_G","Defend_G","Defend_G","Defend_G","Survivor","Neutralize+1","Outmaneuver","Flechettes+1","Underhanded Strike","Tactician","Outmaneuver"],"special_seed":0,"relics":["Ring of the Snake","Strawberry","Tingsha","Letter Opener"],"potions_floor_usage":[10,10],"damage_taken":[{"damage":7.0,"enemies":"Jaw Worm","floor":1.0,"turns":5.0},{"damage":1.0,"enemies":"Cultist","floor":4.0,"turns":5.0},{"damage":0.0,"enemies":"2 Louse","floor":7.0,"turns":2.0},{"damage":39.0,"enemies":"Gremlin Nob","floor":8.0,"turns":6.0},{"damage":12,"enemies":"3 Sentries","floor":10,"turns":2}],"seed_played":"4396751095533982538","potions_obtained":[{"floor":4.0,"key":"AttackPotion"},{"floor":7.0,"key":"LiquidBronze"},{"floor":8.0,"key":"Strength Potion"}],"is_trial":false,"path_per_floor":["M","?","$","M","?","R","M","E","T","E"],"character_chosen":"THE_SILENT","items_purchased":["Flechettes"],"campfire_rested":0,"item_purchase_floors":[3],"current_hp_per_floor":[52,45,45,44,51,51,51,12,12,0],"gold":62,"neow_bonus":"UPGRADE_CARD","is_prod":false,"is_daily":false,"chose_seed":false,"campfire_upgraded":1,"win_rate":0,"timestamp":1564524470,"path_taken":["M","?","$","M","?","R","M","E","T","E"],"build_version":"2019-07-17","purchased_purges":0,"victory":false,"max_hp_per_floor":[66,66,66,66,73,73,73,73,73,73],"card_choices":[{"not_picked":["Blade Dance","Deadly Poison"],"picked":"Outmaneuver","floor":1.0},{"not_picked":["Bane","Dagger Throw"],"picked":"Underhanded Strike","floor":4.0},{"not_picked":["Poisoned Stab","Dodge and Roll"],"picked":"Tactician","floor":7.0},{"not_picked":["Infinite Blades","Bane"],"picked":"Outmaneuver","floor":8.0}],"player_experience":562230,"relics_obtained":[{"floor":8.0,"key":"Tingsha"},{"floor":9.0,"key":"Letter Opener"}],"event_choices":[{"cards_removed":["Strike_G"],"damage_healed":0.0,"max_hp_gain":0.0,"max_hp_loss":0.0,"gold_gain":0.0,"event_name":"Golden Wing","player_choice":"Card Removal","floor":2.0,"gold_loss":0.0,"damage_taken":7.0},{"damage_healed":0.0,"max_hp_gain":0.0,"max_hp_loss":0.0,"gold_gain":0.0,"event_name":"WeMeetAgain","player_choice":"Paid Gold","floor":5.0,"gold_loss":68.0,"damage_taken":0.0,"relics_obtained":["Strawberry"]}],"is_beta":false,"boss_relics":[],"items_purged_floors":[],"is_endless":false,"potions_floor_spawned":[4,7,8],"killed_by":"3 Sentries","ascension_level":17}