{"gold_per_floor":[15,15,15,15,15,15,29,29,83,83,96,19,59,83,83,83],"floor_reached":16,"playtime":549,"items_purged":[],"score":196,"play_id":"ab79c6d3-813b-4a8c-a38b-1f640b7d9f65","local_time":"20190815083222","is_ascension_mode":true,"campfire_choices":[{"data":"Neutralize","floor":6.0,"key":"SMITH"},{"data":"Dash","floor":8.0,"key":"SMITH"},{"data":"Survivor","floor":10.0,"key":"SMITH"},{"floor":15.0,"key":"REST"}],"neow_cost":"NO_GOLD","seed_source_timestamp":1900812397238901,"circlet_count":0,"master_deck":["AscendersBane","Strike_G+1","Strike_G","Strike_G+1","Strike_G","Strike_G","Defend_G","Defend_G","Defend_G","Defend_G","Defend_G","Survivor+1","Neutralize+1","Dodge and Roll+1","Dash+1","Caltrops","Footwork","Footwork","Dodge and Roll"],"special_seed":0,"relics":["Ring of the Snake","Bird Faced Urn","Golden Idol","Strawberry","Potion Belt"],"potions_floor_usage":[16,16],"damage_taken":[{"damage":4.0,"enemies":"Small Slimes","floor":1.0,"turns":3.0},{"damage":0.0,"enemies":"2 Louse","floor":7.0,"turns":2.0},{"damage":1.0,"enemies":"Jaw Worm","floor":11.0,"turns":3.0},{"damage":22.0,"enemies":"3 Sentries","floor":13.0,"turns":10.0},{"damage":0.0,"enemies":"Looter","floor":14.0,"turns":3.0},{"damage":51,"enemies":"Hexaghost","floor":16,"turns":15}],"seed_played":"6701662655425297590","potions_obtained":[{"floor":1.0,"key":"Swift Potion"},{"floor":14.0,"key":"Swift Potion"}],"is_trial":false,"path_per_floor":["M","?","?","?","$","R","M","R","T","R","M","$","E","M","R","B"],"character_chosen":"THE_SILENT","items_purchased":["Footwork"],"campfire_rested":1,"item_purchase_floors":[12],"current_hp_per_floor":[55,55,55,37,37,37,37,37,44,44,43,43,25,25,45,0],"gold":83,"neow_bonus":"ONE_RARE_RELIC","is_prod":false,"is_daily":false,"chose_seed":false,"campfire_upgraded":3,"win_rate":0,"timestamp":1565883142,"path_taken":["M","?","?","?","$","R","M","R","T","R","M","$","E","M","R","BOSS"],"build_version":"2019-07-17","purchased_purges":0,"victory":false,"max_hp_per_floor":[66,60,60,60,60,60,60,60,67,67,67,67,67,67,67,67],"card_choices":[{"not_picked":["Calculated Gamble","Bane"],"picked":"Dodge and Roll","floor":1.0},{"not_picked":["Infinite Blades","Flying Knee"],"picked":"Dash","floor":7.0},{"not_picked":["PiercingWail","Bane"],"picked":"Caltrops","floor":11.0},{"not_picked":["Die Die Die","Dagger Spray"],"picked":"Footwork","floor":13.0},{"not_picked":["Backstab","Quick Slash"],"picked":"Dodge and Roll","floor":14.0}],"player_experience":735449,"relics_obtained":[{"floor":9.0,"key":"Strawberry"},{"floor":13.0,"key":"Potion Belt"}],"event_choices":[{"damage_healed":0.0,"max_hp_gain":0.0,"max_hp_loss":6.0,"gold_gain":0.0,"event_name":"Golden Idol","player_choice":"Lose Max HP","floor":2.0,"gold_loss":0.0,"damage_taken":0.0,"relics_obtained":["Golden Idol"]},{"damage_healed":0.0,"max_hp_gain":0.0,"max_hp_loss":0.0,"gold_gain":0.0,"event_name":"Living Wall","player_choice":"Grow","floor":3.0,"gold_loss":0.0,"damage_taken":0.0,"cards_upgraded":["Dodge and Roll"]},{"damage_healed":0.0,"max_hp_gain":0.0,"max_hp_loss":0.0,"gold_gain":0.0,"event_name":"Shining Light","player_choice":"Entered Light","floor":4.0,"gold_loss":0.0,"damage_taken":18.0,"cards_upgraded":["Strike_G","Strike_G"]}],"is_beta":false,"boss_relics":[],"items_purged_floors":[],"is_endless":false,"potions_floor_spawned":[1,14],"killed_by":"Hexaghost","ascension_level":20}