{"gold_per_floor":[117,135,153,125,144,144,176,194,217,217,6,33,33,61,61,164,164,176,156,166,166],"floor_reached":21,"playtime":1759,"items_purged":[],"score":380,"play_id":"1001a160-52e3-4c58-9640-0c3110d70753","local_time":"20190719141634","is_ascension_mode":true,"campfire_choices":[{"data":"Noxious Fumes","floor":6,"key":"SMITH"},{"floor":10,"key":"REST"},{"floor":15,"key":"REST"}],"neow_cost":"NONE","seed_source_timestamp":605369453012678,"circlet_count":0,"master_deck":["AscendersBane","Strike_G","Strike_G","Strike_G","Strike_G","Strike_G","Defend_G","Defend_G","Defend_G","Defend_G","Defend_G","Survivor","Neutralize","Blur","Deflect","Acrobatics","Predator","Noxious Fumes+1","Noxious Fumes","Crippling Poison","Catalyst","Noxious Fumes","Bane","Bane","Cloak And Dagger","Burst","Poisoned Stab","Blade Dance+1","Escape Plan"],"relics":["Ring of the Snake","Bag of Preparation","Potion Belt","Frozen Egg 2","FaceOfCleric","Boot","HoveringKite"],"potions_floor_usage":[4,7,12,14,16,21],"damage_taken":[{"damage":4,"enemies":"Small Slimes","floor":1,"turns":4},{"damage":10,"enemies":"Cultist","floor":2,"turns":7},{"damage":0,"enemies":"2 Louse","floor":3,"turns":4},{"damage":8,"enemies":"Exordium Thugs","floor":4,"turns":10},{"damage":3,"enemies":"2 Fungi Beasts","floor":5,"turns":7},{"damage":50,"enemies":"Gremlin Nob","floor":7,"turns":6},{"damage":1,"enemies":"Looter","floor":8,"turns":5},{"damage":14,"enemies":"3 Sentries","floor":12,"turns":5},{"damage":11,"enemies":"Lagavulin","floor":14,"turns":6},{"damage":0,"enemies":"Slime Boss","floor":16,"turns":8},{"damage":3,"enemies":"Chosen","floor":18,"turns":4},{"damage":22,"enemies":"2 Thieves","floor":19,"turns":4},{"damage":37,"enemies":"Centurion and Healer","floor":20,"turns":10},{"damage":10,"enemies":"Chosen and Byrds","floor":21,"turns":6}],"seed_played":"-988661901374155349","potions_obtained":[{"floor":1,"key":"Regen Potion"},{"floor":4,"key":"GamblersBrew"},{"floor":5,"key":"EssenceOfSteel"},{"floor":7,"key":"GamblersBrew"},{"floor":12,"key":"GhostInAJar"},{"floor":19,"key":"SkillPotion"},{"floor":20,"key":"FearPotion"}],"is_trial":false,"path_per_floor":["M","M","M","M","M","R","E","M","T","R","$","E","?","E","R","B",null,"M","M","M","M"],"character_chosen":"THE_SILENT","items_purchased":["Catalyst","Noxious Fumes","Bane"],"campfire_rested":2,"item_purchase_floors":[11,11,11],"current_hp_per_floor":[66,56,56,63,60,60,10,9,9,32,32,18,18,8,31,32,67,65,44,8,0],"gold":166,"neow_bonus":"TEN_PERCENT_HP_BONUS","is_prod":false,"is_daily":false,"chose_seed":false,"campfire_upgraded":1,"win_rate":0,"timestamp":1563570994,"path_taken":["M","M","M","M","M","R","E","M","T","R","$","E","?","E","R","BOSS","M","?","M","M"],"build_version":"2019-07-17","purchased_purges":0,"victory":false,"max_hp_per_floor":[77,77,77,77,77,77,77,77,77,77,77,77,77,78,78,79,79,80,81,82,82],"card_choices":[{"not_picked":["Setup","Deadly Poison"],"picked":"Blur","floor":1},{"not_picked":["Escape Plan","Sucker Punch"],"picked":"Deflect","floor":2},{"not_picked":["Poisoned Stab","Catalyst"],"picked":"Acrobatics","floor":3},{"not_picked":["Accuracy","Blur"],"picked":"Predator","floor":4},{"not_picked":["Endless Agony","Predator"],"picked":"Noxious Fumes","floor":5},{"not_picked":["Deadly Poison","Dagger Throw"],"picked":"Noxious Fumes","floor":7},{"not_picked":["Calculated Gamble","Finisher"],"picked":"Crippling Poison","floor":8},{"not_picked":["Reflex","Quick Slash"],"picked":"Bane","floor":12},{"not_picked":["Underhanded Strike","Dagger Throw"],"picked":"Cloak And Dagger","floor":14},{"not_picked":["Die Die Die","Unload"],"picked":"Burst","floor":16},{"not_picked":["Flechettes","Dagger Throw"],"picked":"Poisoned Stab","floor":18},{"not_picked":["Dagger Throw","Choke+1"],"picked":"Blade Dance+1","floor":19},{"not_picked":["Backstab","Dagger Spray"],"picked":"Escape Plan","floor":20}],"player_experience":382789,"relics_obtained":[{"floor":7,"key":"Bag of Preparation"},{"floor":9,"key":"Potion Belt"},{"floor":12,"key":"Frozen Egg 2"},{"floor":14,"key":"Boot"}],"event_choices":[{"damage_healed":0,"gold_gain":0,"player_choice":"Trade","damage_taken":0,"relics_obtained":["FaceOfCleric"],"max_hp_gain":0,"max_hp_loss":0,"event_name":"FaceTrader","floor":13,"gold_loss":0}],"is_beta":false,"boss_relics":[{"not_picked":["Tiny House","Snecko Eye"],"picked":"HoveringKite"}],"items_purged_floors":[],"is_endless":false,"potions_floor_spawned":[1,4,5,7,12,19,20],"killed_by":"Chosen and Byrds","ascension_level":10}