{"gold_per_floor":[113,127,202,218,218,218,251,251,251,278,278],"floor_reached":11,"playtime":1161,"items_purged":[],"score":89,"play_id":"d9820658-6bc3-448f-a6d0-2cc812e19d41","local_time":"20190702144029","is_ascension_mode":true,"campfire_choices":[{"data":"Accuracy","floor":6,"key":"SMITH"},{"floor":8,"key":"REST"}],"neow_cost":"NONE","seed_source_timestamp":14134622743554,"circlet_count":0,"master_deck":["Strike_G","Strike_G","Strike_G","Strike_G","Strike_G","Defend_G","Defend_G","Defend_G","Defend_G","Defend_G","Survivor","Neutralize","Cloak And Dagger","Escape Plan","Accuracy+1","Storm of Steel","Cloak And Dagger"],"relics":["Ring of the Snake","Strawberry","FaceOfCleric","Peace Pipe","Bottled Tornado","Sundial"],"potions_floor_usage":[7],"damage_taken":[{"damage":4,"enemies":"Small Slimes","floor":1,"turns":4},{"damage":1,"enemies":"Cultist","floor":2,"turns":4},{"damage":2,"enemies":"Jaw Worm","floor":4,"turns":6},{"damage":44,"enemies":"Lagavulin","floor":7,"turns":15},{"damage":37,"enemies":"3 Sentries","floor":10,"turns":9},{"damage":5,"enemies":"2 Fungi Beasts","floor":11,"turns":2}],"seed_played":"2080932758043176755","potions_obtained":[{"floor":1,"key":"LiquidBronze"}],"is_trial":false,"path_per_floor":["M","M","?","M","?","R","E","R","T","E","M"],"character_chosen":"THE_SILENT","items_purchased":[],"campfire_rested":1,"item_purchase_floors":[],"current_hp_per_floor":[73,72,61,59,59,59,16,39,39,3,0],"gold":278,"neow_bonus":"RANDOM_COMMON_RELIC","is_prod":false,"is_daily":false,"chose_seed":false,"campfire_upgraded":1,"win_rate":0,"timestamp":1562103629,"path_taken":["M","M","?","M","?","R","E","R","T","E","M"],"build_version":"2019-07-01","purchased_purges":0,"victory":false,"max_hp_per_floor":[77,77,77,77,77,77,78,78,78,79,79],"card_choices":[{"not_picked":["Well Laid Plans","Backflip"],"picked":"Cloak And Dagger","floor":1},{"not_picked":["Underhanded Strike","Deflect"],"picked":"Escape Plan","floor":2},{"not_picked":["Deflect","Adrenaline"],"picked":"Accuracy","floor":4},{"not_picked":["Dagger Spray","Riddle With Holes"],"picked":"Storm of Steel","floor":7},{"not_picked":["Outmaneuver","Dodge and Roll"],"picked":"Cloak And Dagger","floor":10}],"player_experience":83920,"relics_obtained":[{"floor":7,"key":"Peace Pipe"},{"floor":9,"key":"Bottled Tornado"},{"floor":10,"key":"Sundial"}],"event_choices":[{"damage_healed":0,"gold_gain":75,"player_choice":"Gather Gold","damage_taken":11,"max_hp_gain":0,"max_hp_loss":0,"event_name":"World of Goop","floor":3,"gold_loss":0},{"damage_healed":0,"gold_gain":0,"player_choice":"Trade","damage_taken":0,"relics_obtained":["FaceOfCleric"],"max_hp_gain":0,"max_hp_loss":0,"event_name":"FaceTrader","floor":5,"gold_loss":0}],"is_beta":false,"boss_relics":[],"items_purged_floors":[],"is_endless":false,"potions_floor_spawned":[1],"killed_by":"2 Fungi Beasts","ascension_level":2}