{"gold_per_floor":[111,111,111,111,129,129,161,161,214,214,214,237,265,265,265,339,339,356,281,201,201,201,201,218,218],"floor_reached":25,"playtime":1177,"items_purged":[],"score":581,"play_id":"3cc9df6b-ddf0-4ed4-a1ef-a6f2730d92d0","local_time":"20190819125046","is_ascension_mode":true,"campfire_choices":[{"data":"Compile Driver","floor":6,"key":"SMITH"},{"data":"Defend_B","floor":8,"key":"SMITH"},{"data":"Defend_B","floor":11,"key":"SMITH"},{"data":"Glacier","floor":15,"key":"SMITH"},{"floor":23,"key":"REST"}],"neow_cost":"NONE","seed_source_timestamp":67764842911300,"circlet_count":0,"master_deck":["AscendersBane","Strike_B","Strike_B","Strike_B+1","Defend_B+1","Defend_B+1","Defend_B+1","Defend_B+1","Zap","Dualcast","Gash+1","Compile Driver+1","Machine Learning+1","Glacier+1","Echo Form+1","Doubt","Doubt","Glacier","Ball Lightning","Scrape"],"relics":["NeowsBlessing","Frozen Egg 2","Pear","Whetstone","Dream Catcher","Oddly Smooth Stone","Thread and Needle","Calling Bell","Omamori","Cables","Girya","Nloth\u0027s Gift"],"potions_floor_usage":[16,25],"damage_taken":[{"damage":0,"enemies":"Jaw Worm","floor":1,"turns":1},{"damage":0,"enemies":"Small Slimes","floor":5,"turns":1},{"damage":0,"enemies":"Gremlin Nob","floor":7,"turns":1},{"damage":4,"enemies":"Lagavulin","floor":13,"turns":7},{"damage":0,"enemies":"The Guardian","floor":16,"turns":12},{"damage":26,"enemies":"Chosen","floor":18,"turns":6},{"damage":3,"enemies":"2 Thieves","floor":20,"turns":4},{"damage":5,"enemies":"Snecko","floor":24,"turns":8},{"damage":61,"enemies":"Book of Stabbing","floor":25,"turns":7}],"seed_played":"-5946293436274044613","potions_obtained":[{"floor":5,"key":"Regen Potion"},{"floor":13,"key":"Strength Potion"},{"floor":16,"key":"FocusPotion"},{"floor":18,"key":"Weak Potion"},{"floor":24,"key":"Fire Potion"}],"is_trial":false,"path_per_floor":["M","?","T","?","M","R","E","R","T","?","R","T","E","?","R","B",null,"M","?","M","?","?","R","M","E"],"character_chosen":"DEFECT","items_purchased":[],"campfire_rested":1,"item_purchase_floors":[],"current_hp_per_floor":[64,43,43,43,43,43,53,53,53,42,42,42,38,43,43,43,75,49,49,46,21,21,48,43,0],"gold":218,"neow_bonus":"THREE_ENEMY_KILL","is_prod":false,"is_daily":false,"chose_seed":false,"campfire_upgraded":4,"win_rate":0,"timestamp":1566211846,"path_taken":["M","?","?","?","?","R","E","R","T","?","R","?","E","?","R","BOSS","M","?","M","?","?","R","?","E"],"build_version":"2019-07-17","purchased_purges":0,"victory":false,"max_hp_per_floor":[71,71,71,71,71,71,81,81,81,81,81,81,81,86,86,86,86,86,86,86,91,91,91,91,91],"card_choices":[{"not_picked":["Hologram","Sweeping Beam"],"picked":"Gash","floor":1},{"not_picked":["Lockon","Stack"],"picked":"Compile Driver","floor":5},{"not_picked":["Conserve Battery","Stack"],"picked":"Machine Learning+1","floor":7},{"not_picked":["Sweeping Beam","Turbo"],"picked":"Glacier","floor":13},{"not_picked":["Hyperbeam","Meteor Strike"],"picked":"Echo Form+1","floor":16},{"not_picked":["Blizzard","Cold Snap"],"picked":"Glacier","floor":18},{"not_picked":["Glacier","Conserve Battery","Redo"],"picked":"SKIP","floor":20},{"not_picked":["Streamline","Go for the Eyes"],"picked":"Ball Lightning","floor":23},{"not_picked":["Multi-Cast","Steam Power"],"picked":"Scrape","floor":24}],"player_experience":1523318,"relics_obtained":[{"floor":3,"key":"Frozen Egg 2"},{"floor":7,"key":"Pear"},{"floor":9,"key":"Whetstone"},{"floor":12,"key":"Oddly Smooth Stone"},{"floor":13,"key":"Thread and Needle"},{"floor":17,"key":"Omamori"},{"floor":17,"key":"Cables"},{"floor":17,"key":"Girya"}],"event_choices":[{"damage_healed":0,"gold_gain":0,"player_choice":"Entered Light","damage_taken":21,"max_hp_gain":0,"max_hp_loss":0,"event_name":"Shining Light","floor":2,"gold_loss":0,"cards_upgraded":["Defend_B","Defend_B"]},{"cards_removed":["Strike_B"],"damage_healed":0,"gold_gain":0,"player_choice":"Forget","damage_taken":0,"max_hp_gain":0,"max_hp_loss":0,"event_name":"Living Wall","floor":4,"gold_loss":0},{"damage_healed":0,"gold_gain":0,"player_choice":"Success","damage_taken":11,"relics_obtained":["Dream Catcher"],"max_hp_gain":0,"max_hp_loss":0,"event_name":"Scrap Ooze","floor":10,"gold_loss":0},{"damage_healed":0,"gold_gain":0,"player_choice":"Donut","damage_taken":0,"max_hp_gain":5,"max_hp_loss":0,"event_name":"Big Fish","floor":14,"gold_loss":0},{"cards_removed":["Normality"],"damage_healed":0,"gold_gain":0,"player_choice":"Gave Gold","damage_taken":0,"max_hp_gain":0,"max_hp_loss":0,"event_name":"Beggar","floor":19,"gold_loss":75},{"damage_healed":0,"gold_gain":0,"player_choice":"Shed Blood","damage_taken":30,"max_hp_gain":5,"max_hp_loss":0,"event_name":"Forgotten Altar","floor":21,"gold_loss":0},{"damage_healed":0,"gold_gain":0,"player_choice":"Traded Relic","damage_taken":0,"relics_obtained":["Nloth\u0027s Gift"],"max_hp_gain":0,"max_hp_loss":0,"event_name":"N\u0027loth","floor":22,"relics_lost":["Cracked Core"],"gold_loss":0}],"is_beta":false,"boss_relics":[{"not_picked":["Coffee Dripper","Ectoplasm"],"picked":"Calling Bell"}],"items_purged_floors":[],"is_endless":false,"potions_floor_spawned":[5,13,16,18,24],"killed_by":"Book of Stabbing","ascension_level":20}