{"gold_per_floor":[112,131,17,17,35,60,79,79,102,22,38,56,56,75,75,170,170,158,169,169],"floor_reached":20,"playtime":2414,"items_purged":[],"score":196,"play_id":"8667f122-0bd4-4129-8c22-145bdd2e9c38","local_time":"20190708145355","is_ascension_mode":true,"campfire_choices":[{"floor":8,"key":"REST"},{"floor":13,"key":"REST"},{"data":"Terror","floor":15,"key":"SMITH"}],"neow_cost":"NONE","seed_source_timestamp":532086689179033,"circlet_count":0,"master_deck":["Strike_G","Strike_G","Strike_G","Strike_G","Strike_G","Defend_G","Defend_G","Defend_G","Defend_G","Defend_G","Survivor","Neutralize","Sucker Punch","Endless Agony","Noxious Fumes","Cloak And Dagger","Purity","Terror+1","Choke","Dagger Throw","Distraction","Slice","Blade Dance","Phantasmal Killer","Cloak And Dagger","Burst","Underhanded Strike+1","Acrobatics"],"relics":["Ring of the Snake","Boot","Black Star"],"potions_floor_usage":[6,16,16],"damage_taken":[{"damage":0,"enemies":"Cultist","floor":1,"turns":4},{"damage":3,"enemies":"Jaw Worm","floor":2,"turns":5},{"damage":0,"enemies":"2 Louse","floor":5,"turns":2},{"damage":19,"enemies":"3 Sentries","floor":6,"turns":8},{"damage":21,"enemies":"Gremlin Gang","floor":7,"turns":4},{"damage":12,"enemies":"Lots of Slimes","floor":11,"turns":4},{"damage":9,"enemies":"2 Fungi Beasts","floor":12,"turns":2},{"damage":10,"enemies":"Large Slime","floor":14,"turns":5},{"damage":34,"enemies":"Hexaghost","floor":16,"turns":9},{"damage":27,"enemies":"2 Thieves","floor":18,"turns":4},{"damage":31,"enemies":"Shell Parasite","floor":19,"turns":6},{"damage":35,"enemies":"Centurion and Healer","floor":20,"turns":6}],"seed_played":"1815774697081939938","potions_obtained":[{"floor":5,"key":"AttackPotion"},{"floor":7,"key":"AttackPotion"},{"floor":11,"key":"Poison Potion"},{"floor":18,"key":"GamblersBrew"}],"is_trial":false,"path_per_floor":["M","M","$","?","M","E","M","R","T","$","M","M","R","M","R","B",null,"M","M","M"],"character_chosen":"THE_SILENT","items_purchased":["Noxious Fumes","Cloak And Dagger","Distraction","Slice"],"campfire_rested":2,"item_purchase_floors":[3,3,10,10],"current_hp_per_floor":[77,74,74,74,74,55,34,57,57,57,45,36,59,49,49,15,77,50,19,0],"gold":169,"neow_bonus":"TEN_PERCENT_HP_BONUS","is_prod":false,"is_daily":false,"chose_seed":false,"campfire_upgraded":1,"win_rate":0,"timestamp":1562622835,"path_taken":["M","?","$","?","M","E","?","R","T","$","M","M","R","M","R","BOSS","M","M","M"],"build_version":"2019-07-05","purchased_purges":0,"victory":false,"max_hp_per_floor":[77,77,77,77,77,77,77,77,77,77,77,77,77,77,77,77,77,77,77,77],"card_choices":[{"not_picked":["Outmaneuver","Poisoned Stab"],"picked":"Sucker Punch","floor":1},{"not_picked":["Underhanded Strike","Bouncing Flask"],"picked":"Endless Agony","floor":2},{"not_picked":["Dagger Spray","Deadly Poison"],"picked":"Terror","floor":5},{"not_picked":["Blur","Underhanded Strike"],"picked":"Choke","floor":6},{"not_picked":["Dagger Spray","PiercingWail"],"picked":"Dagger Throw","floor":7},{"not_picked":["Dagger Throw","Predator"],"picked":"Blade Dance","floor":11},{"not_picked":["Blade Dance","Outmaneuver"],"picked":"Phantasmal Killer","floor":12},{"not_picked":["Flechettes","Predator"],"picked":"Cloak And Dagger","floor":14},{"not_picked":["Die Die Die","Corpse Explosion"],"picked":"Burst","floor":16},{"not_picked":["Deadly Poison","Concentrate"],"picked":"Underhanded Strike+1","floor":18},{"not_picked":["Dagger Throw","Slice+1"],"picked":"Acrobatics","floor":19}],"player_experience":139270,"relics_obtained":[{"floor":6,"key":"Boot"}],"event_choices":[{"damage_healed":0,"gold_gain":0,"player_choice":"1 cards matched","damage_taken":0,"max_hp_gain":0,"max_hp_loss":0,"event_name":"Match and Keep!","floor":4,"gold_loss":0,"cards_obtained":["Purity"]}],"is_beta":false,"boss_relics":[{"not_picked":["Snecko Eye","Ring of the Serpent"],"picked":"Black Star"}],"items_purged_floors":[],"is_endless":false,"potions_floor_spawned":[5,7,11,18],"killed_by":"Centurion and Healer","ascension_level":2}