{"gold_per_floor":[115,43,62,62,75,75,92,92,138,11,31,31,42,77,77,173,173,185,197,197,197],"floor_reached":21,"playtime":3311,"items_purged":[],"score":253,"play_id":"c13ea0ca-179b-4ad2-acd3-c5e2ae72cf9b","local_time":"20190717104837","is_ascension_mode":true,"campfire_choices":[{"data":"Terror","floor":6,"key":"SMITH"},{"data":"Envenom","floor":8,"key":"SMITH"},{"data":"Outmaneuver","floor":12,"key":"SMITH"},{"data":"Footwork","floor":15,"key":"SMITH"}],"neow_cost":"NONE","seed_source_timestamp":418542116547885,"circlet_count":0,"master_deck":["Strike_G","Strike_G","Strike_G","Strike_G","Strike_G","Defend_G","Defend_G","Defend_G","Defend_G","Defend_G","Survivor","Neutralize","All Out Attack","Well Laid Plans","Cloak And Dagger","Terror+1","Envenom+1","Footwork+1","Quick Slash","Outmaneuver+1","Expertise","Dodge and Roll","Envenom","Quick Slash","Quick Slash+1"],"relics":["Ring of the Snake","Orichalcum","Omamori","HoveringKite"],"potions_floor_usage":[19,19],"damage_taken":[{"damage":2,"enemies":"Small Slimes","floor":1,"turns":7},{"damage":0,"enemies":"Jaw Worm","floor":3,"turns":5},{"damage":2,"enemies":"Cultist","floor":5,"turns":4},{"damage":9,"enemies":"Exordium Wildlife","floor":7,"turns":4},{"damage":6,"enemies":"Blue Slaver","floor":11,"turns":3},{"damage":1,"enemies":"Lots of Slimes","floor":13,"turns":2},{"damage":5,"enemies":"Lagavulin","floor":14,"turns":8},{"damage":17,"enemies":"The Guardian","floor":16,"turns":16},{"damage":19,"enemies":"Chosen","floor":18,"turns":7},{"damage":22,"enemies":"Spheric Guardian","floor":19,"turns":8},{"damage":25,"enemies":"Shelled Parasite and Fungi","floor":21,"turns":9}],"seed_played":"-4404944491874511218","potions_obtained":[{"floor":1,"key":"FearPotion"},{"floor":13,"key":"SteroidPotion"},{"floor":18,"key":"Weak Potion"}],"is_trial":false,"path_per_floor":["M","$","M","?","M","R","M","R","T","$","M","R","M","E","R","B",null,"M","M","?","M"],"character_chosen":"THE_SILENT","items_purchased":["Well Laid Plans","Footwork","Quick Slash"],"campfire_rested":0,"item_purchase_floors":[2,10,10],"current_hp_per_floor":[68,68,68,68,66,66,57,57,57,57,51,51,50,45,45,28,65,46,24,24,0],"gold":197,"neow_bonus":"TEN_PERCENT_HP_BONUS","is_prod":false,"is_daily":false,"chose_seed":false,"campfire_upgraded":4,"win_rate":0,"timestamp":1563385717,"path_taken":["M","$","M","?","M","R","M","R","T","$","M","R","M","E","R","BOSS","M","M","?","M"],"build_version":"2019-07-05","purchased_purges":0,"victory":false,"max_hp_per_floor":[77,77,77,77,77,77,77,77,77,77,77,77,77,77,77,77,77,77,77,77,77],"card_choices":[{"not_picked":["Slice","Poisoned Stab"],"picked":"All Out Attack","floor":1},{"not_picked":["Poisoned Stab","Dagger Spray"],"picked":"Cloak And Dagger","floor":3},{"not_picked":["Infinite Blades","Deflect"],"picked":"Terror","floor":5},{"not_picked":["Blade Dance","Prepared"],"picked":"Envenom","floor":7},{"not_picked":["Concentrate","Caltrops"],"picked":"Outmaneuver","floor":11},{"not_picked":["Dagger Throw","Bane"],"picked":"Expertise","floor":13},{"not_picked":["All Out Attack","Finisher"],"picked":"Dodge and Roll","floor":14},{"not_picked":["Storm of Steel","Venomology"],"picked":"Envenom","floor":16},{"not_picked":["Caltrops","Distraction"],"picked":"Quick Slash","floor":18},{"not_picked":["Blur","Flying Knee+1"],"picked":"Quick Slash+1","floor":19}],"player_experience":326145,"relics_obtained":[{"floor":9,"key":"Orichalcum"},{"floor":14,"key":"Omamori"}],"event_choices":[{"damage_healed":0,"gold_gain":0,"player_choice":"Ignored","damage_taken":0,"max_hp_gain":0,"max_hp_loss":0,"event_name":"Liars Game","floor":4,"gold_loss":0},{"damage_healed":0,"gold_gain":0,"player_choice":"Ignored","damage_taken":0,"max_hp_gain":0,"max_hp_loss":0,"event_name":"Beggar","floor":20,"gold_loss":0}],"is_beta":false,"boss_relics":[{"not_picked":["Runic Pyramid","Ectoplasm"],"picked":"HoveringKite"}],"items_purged_floors":[],"is_endless":false,"potions_floor_spawned":[1,13,18],"killed_by":"Shelled Parasite and Fungi","ascension_level":8}