{"gold_per_floor":[116,134,149,169,169,169,199,49,49,49,49,49,67,87,87,189,239,220,220,220,220,238,238,254,254,254,254,271,29,47,57,57,57],"floor_reached":33,"playtime":3297,"items_purged":["Strike_G","Strike_G"],"score":346,"play_id":"510b3b3c-5719-4a8e-b6aa-81c2c60780a3","local_time":"20180901162138","is_ascension_mode":true,"campfire_choices":[{"floor":6,"key":"REST"},{"floor":12,"key":"REST"},{"floor":15,"key":"REST"},{"floor":25,"key":"REST"},{"floor":27,"key":"REST"},{"floor":32,"key":"REST"}],"neow_cost":"PERCENT_DAMAGE","seed_source_timestamp":1294933131718540,"circlet_count":0,"master_deck":["Defend_G","Defend_G+1","Defend_G","Defend_G+1","Defend_G","Strike_G+1","Survivor","Neutralize","Distraction+1","Caltrops","Cloak And Dagger","Deflect+1","Heel Hook","Sucker Punch+1","Sucker Punch","Dodge and Roll","Dash","All Out Attack","Terror","PiercingWail","Dodge and Roll","A Thousand Cuts","Cloak And Dagger","Endless Agony","Cloak And Dagger","Injury","Backstab","Slice","Heel Hook","Sucker Punch+1","Dash","Swift Strike","Sucker Punch","Dash+1","Deflect","Leg Sweep+1","Prepared"],"relics":["Ring of the Snake","Prayer Wheel","War Paint","Kunai","Odd Mushroom","Tiny House","Ninja Scroll"],"potions_floor_usage":[2,7,13,16,18,20,30,33],"damage_taken":[{"damage":1,"enemies":"2 Louse","floor":1,"turns":5},{"damage":0,"enemies":"Jaw Worm","floor":2,"turns":5},{"damage":3,"enemies":"Small Slimes","floor":3,"turns":3},{"damage":4,"enemies":"Exordium Wildlife","floor":4,"turns":4},{"damage":24,"enemies":"Gremlin Nob","floor":7,"turns":4},{"damage":0,"enemies":"Gremlin Gang","floor":13,"turns":2},{"damage":19,"enemies":"The Mushroom Lair","floor":14,"turns":6},{"damage":21,"enemies":"Slime Boss","floor":16,"turns":14},{"damage":30,"enemies":"2 Thieves","floor":18,"turns":4},{"damage":20,"enemies":"Colosseum Slavers","floor":20,"turns":8},{"damage":11,"enemies":"3 Byrds","floor":22,"turns":8},{"damage":10,"enemies":"Centurion and Healer","floor":24,"turns":11},{"damage":4,"enemies":"Snecko","floor":28,"turns":4},{"damage":7,"enemies":"3 Cultists","floor":30,"turns":7},{"damage":14,"enemies":"Centurion and Healer","floor":31,"turns":6},{"damage":45,"enemies":"Automaton","floor":33,"turns":10}],"seed_played":"7583922443188269297","potions_obtained":[{"floor":1,"key":"Weak Potion"},{"floor":2,"key":"SteroidPotion"},{"floor":3,"key":"Explosive Potion"},{"floor":14,"key":"Energy Potion"},{"floor":17,"key":"Fire Potion"},{"floor":18,"key":"Energy Potion"},{"floor":24,"key":"LiquidBronze"},{"floor":28,"key":"SpeedPotion"}],"is_trial":false,"path_per_floor":["M","M","M","M","?","R","E","$","T","?","?","R","M","?","R","B",null,"M","?","?","?","M","?","M","R","T","R","M","$","M","M","R"],"character_chosen":"THE_SILENT","items_purchased":["Dash","Swift Strike","Sucker Punch"],"campfire_rested":6,"item_purchase_floors":[8,29,29],"current_hp_per_floor":[48,48,45,41,27,48,24,24,24,17,17,38,38,19,40,19,75,45,45,25,25,14,14,4,26,26,48,44,44,37,23,45,0],"gold":57,"neow_bonus":"ONE_RARE_RELIC","is_prod":false,"is_daily":false,"chose_seed":false,"campfire_upgraded":0,"win_rate":0,"timestamp":1535811698,"path_taken":["M","M","M","M","?","R","E","?","T","?","?","R","?","?","R","BOSS","M","?","?","?","?","?","M","R","T","R","?","$","M","?","R","BOSS"],"build_version":"2018-08-23v2","purchased_purges":2,"victory":false,"max_hp_per_floor":[70,70,70,70,70,70,70,70,70,70,70,70,70,70,70,70,75,75,75,75,75,75,75,75,75,75,75,75,75,75,75,75,75],"card_choices":[{"not_picked":["Deadly Poison","Flechettes"],"picked":"Distraction","floor":1},{"not_picked":["Riddle With Holes","Setup"],"picked":"Caltrops","floor":1},{"not_picked":["Flying Knee","Blade Dance"],"picked":"Cloak And Dagger","floor":2},{"not_picked":["Infinite Blades","Bane"],"picked":"Deflect","floor":2},{"not_picked":["Cloak And Dagger","Flying Knee"],"picked":"Heel Hook","floor":3},{"not_picked":["Poisoned Stab","Blade Dance"],"picked":"Sucker Punch","floor":3},{"not_picked":["Outmaneuver","Deflect"],"picked":"Sucker Punch","floor":4},{"not_picked":["Grand Finale","Setup","Outmaneuver"],"picked":"SKIP","floor":4},{"not_picked":["Bouncing Flask","Deadly Poison"],"picked":"Dodge and Roll","floor":7},{"not_picked":["Prepared","Bane"],"picked":"Terror","floor":13},{"not_picked":["Deadly Poison","All Out Attack"],"picked":"PiercingWail","floor":13},{"not_picked":["Caltrops","Underhanded Strike"],"picked":"Dodge and Roll","floor":14},{"not_picked":["Phantasmal Killer","Tools of the Trade"],"picked":"A Thousand Cuts","floor":16},{"not_picked":["Well Laid Plans","Predator"],"picked":"Cloak And Dagger","floor":17},{"not_picked":["Crippling Poison","Underhanded Strike"],"picked":"Endless Agony","floor":18},{"not_picked":["Dodge and Roll","Reflex"],"picked":"Cloak And Dagger","floor":18},{"not_picked":["Blur","Deflect"],"picked":"Backstab","floor":22},{"not_picked":["Quick Slash+1","Flechettes"],"picked":"Slice","floor":22},{"not_picked":["Acrobatics","Quick Slash"],"picked":"Sucker Punch+1","floor":24},{"not_picked":["Noxious Fumes","Flying Knee","Quick Slash"],"picked":"SKIP","floor":24},{"not_picked":["Bane","Blade Dance"],"picked":"Dash","floor":28},{"not_picked":["Quick Slash","Poisoned Stab+1","Calculated Gamble"],"picked":"SKIP","floor":28},{"not_picked":["Underhanded Strike+1","Dagger Spray"],"picked":"Dash+1","floor":30},{"not_picked":["Masterful Stab+1","Deadly Poison"],"picked":"Deflect","floor":30},{"not_picked":["Underhanded Strike","Masterful Stab+1"],"picked":"Leg Sweep+1","floor":31},{"not_picked":["Leg Sweep","Cloak And Dagger"],"picked":"Prepared","floor":31}],"player_experience":421821,"relics_obtained":[{"floor":7,"key":"War Paint"},{"floor":9,"key":"Kunai"},{"floor":14,"key":"Odd Mushroom"},{"floor":26,"key":"Ninja Scroll"}],"event_choices":[{"event_name":"Shining Light","player_choice":"Entered Light","floor":5,"damage_taken":0},{"event_name":"Golden Wing","player_choice":"Card Removal","floor":10,"damage_taken":0},{"event_name":"Living Wall","player_choice":"Change","floor":11,"damage_taken":0},{"event_name":"Mushrooms","player_choice":"Fought Mushrooms","floor":14,"damage_taken":0},{"event_name":"Accursed Blacksmith","player_choice":"Forge","floor":19,"damage_taken":0},{"event_name":"Colosseum","player_choice":"Fight","floor":20,"damage_taken":0},{"event_name":"Colosseum","player_choice":"Fled From Nobs","floor":20,"damage_taken":0},{"event_name":"Ghosts","player_choice":"Ignored","floor":21,"damage_taken":0},{"event_name":"The Library","player_choice":"Read","floor":23,"damage_taken":0}],"is_beta":false,"boss_relics":[{"not_picked":["Fusion Hammer","Astrolabe"],"picked":"Tiny House"}],"items_purged_floors":[8,29],"is_endless":false,"potions_floor_spawned":[1,2,3,14,18,24,28],"killed_by":"Automaton","ascension_level":4}