{"gold_per_floor":[116,5,5,5,5,32,32,61,61,80,90,90,90,104,104,194,194,208,133,133,8,29,29,68,83,110,110],"floor_reached":27,"playtime":1145,"items_purged":["Writhe"],"score":578,"play_id":"83eacac7-9bfb-4314-a7ac-2b9a9ad1eb5a","local_time":"20190813101848","is_ascension_mode":true,"campfire_choices":[{"data":"Catalyst","floor":7.0,"key":"SMITH"},{"data":"Bouncing Flask","floor":13,"key":"SMITH"},{"data":"Footwork","floor":15,"key":"SMITH"},{"data":"Bullet Time","floor":23,"key":"SMITH"}],"neow_cost":"NONE","seed_source_timestamp":1734302569329974,"circlet_count":0,"master_deck":["AscendersBane","Strike_G","Strike_G","Strike_G","Strike_G","Defend_G","Defend_G","Defend_G","Defend_G","Defend_G","Survivor","Neutralize","Bouncing Flask+1","Footwork+1","Cloak And Dagger","Catalyst+1","Bane","Bane","Acrobatics","Calculated Gamble","Bullet Time+1","Noxious Fumes+1","Outmaneuver","Dash+1","Wraith Form v2+1"],"special_seed":0,"relics":["Ring of the Serpent","NeowsBlessing","Mercury Hourglass","Lantern","Bottled Lightning","Vajra","Golden Idol","Frozen Egg 2","Ancient Tea Set","Centennial Puzzle"],"potions_floor_usage":[24,27,27],"damage_taken":[{"damage":0.0,"enemies":"Cultist","floor":1.0,"turns":1.0},{"damage":0.0,"enemies":"Gremlin Nob","floor":6.0,"turns":1.0},{"damage":0.0,"enemies":"Lagavulin","floor":8.0,"turns":1.0},{"damage":0,"enemies":"Jaw Worm","floor":10,"turns":4},{"damage":0,"enemies":"Small Slimes","floor":11,"turns":2},{"damage":2,"enemies":"3 Louse","floor":14,"turns":3},{"damage":11,"enemies":"The Guardian","floor":16,"turns":8},{"damage":2,"enemies":"Chosen","floor":18,"turns":3},{"damage":0,"enemies":"Spheric Guardian","floor":22,"turns":2},{"damage":34,"enemies":"Book of Stabbing","floor":24,"turns":5},{"damage":16,"enemies":"Centurion and Healer","floor":25,"turns":7},{"damage":16,"enemies":"Snake Plant","floor":27,"turns":1}],"seed_played":"-7531401587502880907","potions_obtained":[{"floor":1.0,"key":"AttackPotion"},{"floor":16,"key":"Poison Potion"},{"floor":25,"key":"Fire Potion"}],"is_trial":false,"path_per_floor":["M","$","?","T","$","E","R","E","T","M","M","?","R","M","R","B",null,"M","?","?","$","M","R","E","M","T","M"],"character_chosen":"THE_SILENT","items_purchased":["Footwork","Cloak And Dagger","Outmaneuver"],"campfire_rested":0,"item_purchase_floors":[2,2,21],"current_hp_per_floor":[59,59,64,64,64,64,64,64,64,64,64,64,64,62,62,51,61,59,59,59,59,59,59,25,9,9,0],"gold":110,"neow_bonus":"THREE_ENEMY_KILL","is_prod":false,"is_daily":false,"chose_seed":false,"campfire_upgraded":4,"win_rate":0,"timestamp":1565716728,"path_taken":["M","$","?","?","$","E","R","E","T","M","?","?","R","M","R","BOSS","M","?","?","$","M","R","E","M","T","M"],"build_version":"2019-07-17","purchased_purges":1,"victory":false,"max_hp_per_floor":[66,66,71,71,71,71,71,71,71,71,71,64,64,64,64,64,64,64,64,64,64,64,64,64,64,64,64],"card_choices":[{"not_picked":["Prepared","Backflip"],"picked":"Bouncing Flask","floor":1.0},{"not_picked":["Tactician","Poisoned Stab"],"picked":"Catalyst","floor":6.0},{"not_picked":["Endless Agony","Quick Slash"],"picked":"Bane","floor":8},{"not_picked":["Flechettes","Terror"],"picked":"Bane","floor":10},{"not_picked":["Flying Knee","Prepared"],"picked":"Acrobatics","floor":11},{"not_picked":["Backstab","Prepared"],"picked":"Calculated Gamble","floor":14},{"not_picked":["Envenom","Malaise"],"picked":"Bullet Time","floor":16},{"not_picked":["Flying Knee","Dagger Spray"],"picked":"Noxious Fumes+1","floor":18},{"not_picked":["Calculated Gamble+1","Slice"],"picked":"Dash+1","floor":22},{"not_picked":["Tactician","All Out Attack+1"],"picked":"Wraith Form v2+1","floor":24},{"not_picked":["Flying Knee","Quick Slash","Slice"],"picked":"SKIP","floor":25}],"player_experience":700729,"relics_obtained":[{"floor":4.0,"key":"Mercury Hourglass"},{"floor":6.0,"key":"Lantern"},{"floor":8,"key":"Bottled Lightning"},{"floor":9,"key":"Vajra"},{"floor":24,"key":"Ancient Tea Set"},{"floor":26,"key":"Centennial Puzzle"}],"event_choices":[{"damage_healed":0.0,"max_hp_gain":5.0,"max_hp_loss":0.0,"gold_gain":0.0,"event_name":"Big Fish","player_choice":"Donut","floor":3.0,"gold_loss":0.0,"damage_taken":0.0},{"damage_healed":0,"gold_gain":0,"player_choice":"Lose Max HP","damage_taken":0,"relics_obtained":["Golden Idol"],"max_hp_gain":0,"max_hp_loss":7,"event_name":"Golden Idol","floor":12,"gold_loss":0},{"cards_removed":["Strike_G"],"damage_healed":0,"gold_gain":0,"player_choice":"Gave Gold","damage_taken":0,"max_hp_gain":0,"max_hp_loss":0,"event_name":"Beggar","floor":19,"gold_loss":75},{"damage_healed":0,"gold_gain":0,"player_choice":"Opened","damage_taken":0,"relics_obtained":["Frozen Egg 2"],"max_hp_gain":0,"max_hp_loss":0,"event_name":"The Mausoleum","floor":20,"gold_loss":0,"cards_obtained":["Writhe"]}],"is_beta":false,"boss_relics":[{"not_picked":["HoveringKite","Velvet Choker"],"picked":"Ring of the Serpent"}],"items_purged_floors":[21],"is_endless":false,"potions_floor_spawned":[1,16,22,25],"killed_by":"Snake Plant","ascension_level":20}