{"gold_per_floor":[113,126,126,141,91,125,125,141,165,178,196,196,259,276,276,381,381,394,411,210,228,153,153],"floor_reached":23,"playtime":2371,"items_purged":["Strike_G"],"score":234,"play_id":"18cc85f9-fad2-4b9a-8f32-f7a6cfba3c50","local_time":"20180901152613","is_ascension_mode":true,"campfire_choices":[{"floor":7,"key":"REST"},{"floor":12,"key":"REST"},{"floor":15,"key":"REST"}],"neow_cost":"CURSE","seed_source_timestamp":1292530205906065,"circlet_count":0,"master_deck":["Defend_G","Defend_G","Defend_G","Defend_G","Defend_G","Strike_G","Strike_G+1","Strike_G+1","Survivor","Neutralize","Storm of Steel","Noxious Fumes","Acrobatics","Backflip","Sucker Punch","PiercingWail","Cloak And Dagger","Noxious Fumes","Phantasmal Killer","Envenom","Bane","Infinite Blades","Blade Dance"],"relics":["Ring of the Snake","Oddly Smooth Stone","Centennial Puzzle","Ancient Tea Set","Busted Crown"],"potions_floor_usage":[11,13,16,23],"damage_taken":[{"damage":3,"enemies":"Jaw Worm","floor":1,"turns":4},{"damage":0,"enemies":"2 Louse","floor":2,"turns":3},{"damage":0,"enemies":"Cultist","floor":4,"turns":4},{"damage":38,"enemies":"Lagavulin","floor":6,"turns":8},{"damage":8,"enemies":"Looter","floor":8,"turns":4},{"damage":15,"enemies":"Exordium Wildlife","floor":10,"turns":6},{"damage":0,"enemies":"Blue Slaver","floor":11,"turns":6},{"damage":29,"enemies":"Lagavulin Event","floor":13,"turns":8},{"damage":0,"enemies":"Red Slaver","floor":14,"turns":4},{"damage":10,"enemies":"Hexaghost","floor":16,"turns":10},{"damage":3,"enemies":"Chosen","floor":18,"turns":4},{"damage":14,"enemies":"Spheric Guardian","floor":19,"turns":4},{"damage":28,"enemies":"Snake Plant","floor":21,"turns":5},{"damage":25,"enemies":"Book of Stabbing","floor":23,"turns":6}],"seed_played":"7694937078394201335","potions_obtained":[{"floor":8,"key":"Strength Potion"},{"floor":11,"key":"Ancient Potion"},{"floor":14,"key":"PowerPotion"},{"floor":21,"key":"PowerPotion"}],"is_trial":false,"path_per_floor":["M","M","?","M","?","E","R","M","T","M","M","R","?","M","R","B",null,"M","M","$","M","?"],"character_chosen":"THE_SILENT","items_purchased":["Infinite Blades","Blade Dance"],"campfire_rested":3,"item_purchase_floors":[20,20],"current_hp_per_floor":[67,67,53,53,53,15,36,28,28,13,13,34,5,5,26,16,70,67,53,53,25,25,0],"gold":153,"neow_bonus":"THREE_RARE_CARDS","is_prod":false,"is_daily":false,"chose_seed":false,"campfire_upgraded":0,"win_rate":0,"timestamp":1535808373,"path_taken":["M","M","?","M","?","E","R","M","T","M","M","R","?","?","R","BOSS","M","M","$","M","?","E"],"build_version":"2018-08-23v2","purchased_purges":1,"victory":false,"max_hp_per_floor":[70,70,70,70,70,70,70,70,70,70,70,70,70,70,70,70,70,70,70,70,70,70,70],"card_choices":[{"not_picked":["Wraith Form v2","Adrenaline"],"picked":"Storm of Steel","floor":0},{"not_picked":["PiercingWail","All Out Attack"],"picked":"Noxious Fumes","floor":1},{"not_picked":["Quick Slash","Blade Dance"],"picked":"Acrobatics","floor":2},{"not_picked":["Deflect","Slice"],"picked":"Backflip","floor":4},{"not_picked":["Flying Knee","All Out Attack"],"picked":"Sucker Punch","floor":6},{"not_picked":["Poisoned Stab","Dagger Throw"],"picked":"PiercingWail","floor":8},{"not_picked":["Caltrops","Riddle With Holes","Poisoned Stab"],"picked":"SKIP","floor":10},{"not_picked":["Prepared","Concentrate"],"picked":"Cloak And Dagger","floor":11},{"not_picked":["Underhanded Strike","Poisoned Stab"],"picked":"Noxious Fumes","floor":13},{"not_picked":["Riddle With Holes","All Out Attack"],"picked":"Phantasmal Killer","floor":14},{"not_picked":["Die Die Die","Phantasmal Killer"],"picked":"Envenom","floor":16},{"not_picked":["Dagger Spray"],"picked":"SKIP","floor":18},{"not_picked":[],"picked":"Bane","floor":19},{"not_picked":["Flying Knee"],"picked":"SKIP","floor":21}],"player_experience":419450,"relics_obtained":[{"floor":6,"key":"Oddly Smooth Stone"},{"floor":9,"key":"Centennial Puzzle"},{"floor":13,"key":"Ancient Tea Set"}],"event_choices":[{"event_name":"Shining Light","player_choice":"Entered Light","floor":3,"damage_taken":0},{"event_name":"The Cleric","player_choice":"Card Removal","floor":5,"damage_taken":0},{"event_name":"Dead Adventurer","player_choice":"Searched \u00273\u0027 times","floor":13,"damage_taken":0},{"event_name":"Beggar","player_choice":"Gave Gold","floor":22,"damage_taken":0}],"is_beta":false,"boss_relics":[{"not_picked":["Sozu","Snecko Eye"],"picked":"Busted Crown"}],"items_purged_floors":[20],"is_endless":false,"potions_floor_spawned":[8,11,14,21],"killed_by":"Book of Stabbing","ascension_level":4}