{"gold_per_floor":[217,228,228,241,211,211,242,38,63,36,48,48,112,112,112,207,207,227,243,13,24,24],"floor_reached":22,"playtime":1714,"items_purged":[],"score":281,"play_id":"d7932afa-b6a4-42bc-a365-f8aa5838d886","local_time":"20190719085405","is_ascension_mode":true,"campfire_choices":[{"data":"Accuracy","floor":6,"key":"SMITH"},{"floor":12,"key":"REST"},{"floor":15,"key":"REST"}],"neow_cost":"NONE","seed_source_timestamp":586064971860040,"circlet_count":0,"master_deck":["Strike_G","Strike_G","Strike_G","Strike_G","Defend_G","Defend_G","Defend_G","Defend_G","Defend_G","Survivor+1","Neutralize","Accuracy+1","Dodge and Roll","Footwork","Deflect","Blade Dance","Noxious Fumes","Cloak And Dagger","Heel Hook","Outmaneuver+1","Bane","A Thousand Cuts","Well Laid Plans","Terror","Caltrops","Dodge and Roll"],"relics":["Ring of the Snake","Snake Skull","Lantern","MawBank","Tiny Chest","Velvet Choker","Vajra"],"potions_floor_usage":[7,11,21],"damage_taken":[{"damage":0,"enemies":"2 Louse","floor":1,"turns":6},{"damage":5,"enemies":"Cultist","floor":2,"turns":6},{"damage":3,"enemies":"Small Slimes","floor":4,"turns":6},{"damage":2,"enemies":"Looter","floor":5,"turns":4},{"damage":39,"enemies":"Gremlin Nob","floor":7,"turns":5},{"damage":0,"enemies":"Exordium Wildlife","floor":11,"turns":5},{"damage":13,"enemies":"3 Sentries","floor":13,"turns":7},{"damage":9,"enemies":"The Guardian","floor":16,"turns":16},{"damage":10,"enemies":"Chosen","floor":18,"turns":6},{"damage":0,"enemies":"Shell Parasite","floor":19,"turns":7},{"damage":21,"enemies":"Centurion and Healer","floor":21,"turns":7},{"damage":30,"enemies":"Snake Plant","floor":22,"turns":5}],"seed_played":"-4103803698962340801","potions_obtained":[{"floor":1,"key":"Poison Potion"},{"floor":7,"key":"Weak Potion"},{"floor":16,"key":"GhostInAJar"}],"is_trial":false,"path_per_floor":["M","M","?","M","M","R","E","$","T","$","M","R","E","?","R","B",null,"M","M","$","M","M"],"character_chosen":"THE_SILENT","items_purchased":["Lantern","Cloak And Dagger","Heel Hook","Vajra","Caltrops"],"campfire_rested":2,"item_purchase_floors":[8,8,10,20,20],"current_hp_per_floor":[63,58,58,55,53,53,14,14,14,14,14,35,22,8,29,20,58,48,48,48,27,0],"gold":24,"neow_bonus":"HUNDRED_GOLD","is_prod":false,"is_daily":false,"chose_seed":false,"campfire_upgraded":1,"win_rate":0,"timestamp":1563551645,"path_taken":["M","M","?","M","M","R","E","$","T","?","M","R","E","?","R","BOSS","M","M","$","M","M"],"build_version":"2019-07-17","purchased_purges":0,"victory":false,"max_hp_per_floor":[70,70,70,70,70,70,70,70,70,70,70,70,70,70,70,70,70,70,70,70,70,70],"card_choices":[{"not_picked":["Poisoned Stab","Deadly Poison"],"picked":"Accuracy","floor":1},{"not_picked":["Deadly Poison","Dagger Spray"],"picked":"Dodge and Roll","floor":2},{"not_picked":["Riddle With Holes","Slice"],"picked":"Deflect","floor":4},{"not_picked":["Quick Slash","Choke"],"picked":"Blade Dance","floor":5},{"not_picked":["Slice","Endless Agony"],"picked":"Noxious Fumes","floor":7},{"not_picked":["Poisoned Stab","Prepared"],"picked":"Outmaneuver","floor":11},{"not_picked":["Flechettes","Riddle With Holes"],"picked":"Bane","floor":13},{"not_picked":["Bullet Time","Phantasmal Killer"],"picked":"A Thousand Cuts","floor":16},{"not_picked":["Dodge and Roll","Cloak And Dagger"],"picked":"Well Laid Plans","floor":18},{"not_picked":["Deflect","Prepared+1"],"picked":"Terror","floor":19},{"not_picked":["Prepared","Choke"],"picked":"Dodge and Roll","floor":21}],"player_experience":370687,"relics_obtained":[{"floor":7,"key":"Snake Skull"},{"floor":9,"key":"MawBank"},{"floor":13,"key":"Tiny Chest"}],"event_choices":[{"damage_healed":0,"gold_gain":0,"cards_transformed":["Strike_G"],"player_choice":"Transformed","damage_taken":0,"max_hp_gain":0,"max_hp_loss":0,"event_name":"Transmorgrifier","floor":3,"gold_loss":0,"cards_obtained":["Footwork"]},{"damage_healed":0,"gold_gain":0,"player_choice":"Entered Light","damage_taken":14,"max_hp_gain":0,"max_hp_loss":0,"event_name":"Shining Light","floor":14,"gold_loss":0,"cards_upgraded":["Outmaneuver","Survivor"]}],"is_beta":false,"boss_relics":[{"not_picked":["Busted Crown","Calling Bell"],"picked":"Velvet Choker"}],"items_purged_floors":[],"is_endless":false,"potions_floor_spawned":[1,7,16],"killed_by":"Snake Plant","ascension_level":9}