{"gold_per_floor":[119,138,153,32,45,45,63,138,138,138,168,168,168,207,207,303,303,303,218,218,218,218,218],"floor_reached":23,"playtime":1057,"items_purged":[],"score":407,"play_id":"a2b65b8c-fa47-49cb-ab85-044ae56ca78d","local_time":"20190801153417","is_ascension_mode":true,"campfire_choices":[{"data":"Bouncing Flask","floor":6.0,"key":"SMITH"},{"floor":13.0,"key":"REST"},{"floor":15.0,"key":"DIG"}],"neow_cost":"NONE","seed_source_timestamp":716182482336261,"circlet_count":0,"master_deck":["AscendersBane","Defend_G","Defend_G","Defend_G","Defend_G","Defend_G","Survivor","Neutralize","Bouncing Flask+1","Deflect","Sucker Punch","Noxious Fumes","Crippling Poison","Deflect","Blur","A Thousand Cuts","Die Die Die","After Image","Bouncing Flask+1","Bite","Bite","Bite","Bite","Bite","Masterful Stab","Bane+1"],"special_seed":0,"relics":["Ring of the Snake","NeowsBlessing","The Courier","Ancient Tea Set","Golden Idol","Shovel","Toxic Egg 2","Ectoplasm","Blood Vial"],"potions_floor_usage":[21],"damage_taken":[{"damage":0.0,"enemies":"Jaw Worm","floor":1.0,"turns":1.0},{"damage":0.0,"enemies":"Small Slimes","floor":2.0,"turns":1.0},{"damage":0.0,"enemies":"2 Louse","floor":3.0,"turns":1.0},{"damage":0.0,"enemies":"2 Fungi Beasts","floor":5.0,"turns":4.0},{"damage":1.0,"enemies":"3 Louse","floor":7.0,"turns":4.0},{"damage":37.0,"enemies":"Gremlin Nob","floor":11.0,"turns":5.0},{"damage":15.0,"enemies":"Lagavulin","floor":14.0,"turns":6.0},{"damage":10,"enemies":"Hexaghost","floor":16,"turns":9},{"damage":17,"enemies":"Spheric Guardian","floor":18,"turns":7},{"damage":9,"enemies":"Chosen","floor":21,"turns":4},{"damage":14,"enemies":"Snecko","floor":22,"turns":6},{"damage":39,"enemies":"Book of Stabbing","floor":23,"turns":5}],"seed_played":"6649124018792583939","potions_obtained":[{"floor":7.0,"key":"Regen Potion"},{"floor":11.0,"key":"AttackPotion"},{"floor":14.0,"key":"SteroidPotion"},{"floor":22,"key":"Swift Potion"}],"is_trial":false,"path_per_floor":["M","M","M","$","M","R","M","?","T","?","E","?","R","E","R","B",null,"M","?","?","M","M","E"],"character_chosen":"THE_SILENT","items_purchased":["Noxious Fumes","Crippling Poison"],"campfire_rested":1,"item_purchase_floors":[4,4],"current_hp_per_floor":[59,59,59,59,59,59,58,47,47,40,18,18,36,21,21,11,48,31,31,31,30,28,0],"gold":218,"neow_bonus":"THREE_ENEMY_KILL","is_prod":false,"is_daily":false,"chose_seed":false,"campfire_upgraded":1,"win_rate":0,"timestamp":1564698857,"path_taken":["M","M","M","$","M","R","M","?","T","?","E","?","R","E","R","BOSS","M","?","?","M","M","E"],"build_version":"2019-07-17","purchased_purges":0,"victory":false,"max_hp_per_floor":[66,66,66,66,66,66,66,66,66,66,66,60,60,60,60,60,60,60,60,42,42,42,42],"card_choices":[{"not_picked":["Acrobatics","Blade Dance"],"picked":"Bouncing Flask","floor":1.0},{"not_picked":["Underhanded Strike","Riddle With Holes"],"picked":"Deflect","floor":2.0},{"not_picked":["Outmaneuver","Deflect"],"picked":"Sucker Punch","floor":3.0},{"not_picked":["Riddle With Holes","Underhanded Strike"],"picked":"Deflect","floor":5.0},{"not_picked":["Reflex","Dagger Throw"],"picked":"Blur","floor":7.0},{"not_picked":["Bouncing Flask","Backflip"],"picked":"A Thousand Cuts","floor":11.0},{"not_picked":["Riddle With Holes","Dagger Spray"],"picked":"Die Die Die","floor":14.0},{"not_picked":["Venomology+1","Malaise+1"],"picked":"After Image","floor":16},{"not_picked":["Quick Slash","Calculated Gamble+1"],"picked":"Bouncing Flask+1","floor":18},{"not_picked":["Sucker Punch","Dash+1"],"picked":"Masterful Stab","floor":21},{"not_picked":["Dodge and Roll+1","Predator"],"picked":"Bane+1","floor":22}],"player_experience":612556,"relics_obtained":[{"floor":9.0,"key":"The Courier"},{"floor":11.0,"key":"Ancient Tea Set"},{"floor":14.0,"key":"Shovel"},{"floor":15.0,"key":"Toxic Egg 2"}],"event_choices":[{"damage_healed":0.0,"max_hp_gain":0.0,"max_hp_loss":0.0,"gold_gain":75.0,"event_name":"World of Goop","player_choice":"Gather Gold","floor":8.0,"gold_loss":0.0,"damage_taken":11.0},{"cards_removed":["Strike_G"],"damage_healed":0.0,"max_hp_gain":0.0,"max_hp_loss":0.0,"gold_gain":0.0,"event_name":"Golden Wing","player_choice":"Card Removal","floor":10.0,"gold_loss":0.0,"damage_taken":7.0},{"damage_healed":0.0,"max_hp_gain":0.0,"max_hp_loss":6.0,"gold_gain":0.0,"event_name":"Golden Idol","player_choice":"Lose Max HP","floor":12.0,"gold_loss":0.0,"damage_taken":0.0,"relics_obtained":["Golden Idol"]},{"damage_healed":0,"gold_gain":0,"player_choice":"Obtained Relic","damage_taken":0,"relics_obtained":["Blood Vial"],"max_hp_gain":0,"max_hp_loss":0,"event_name":"Addict","floor":19,"gold_loss":85},{"damage_healed":0,"gold_gain":0,"player_choice":"Became a vampire","damage_taken":0,"max_hp_gain":0,"max_hp_loss":18,"event_name":"Vampires","floor":20,"gold_loss":0,"cards_obtained":["Bite","Bite","Bite","Bite","Bite"]}],"is_beta":false,"boss_relics":[{"not_picked":["Fusion Hammer","Runic Pyramid"],"picked":"Ectoplasm"}],"items_purged_floors":[],"is_endless":false,"potions_floor_spawned":[7,11,14,16,22],"killed_by":"Book of Stabbing","ascension_level":18}