{"gold_per_floor":[18,18,38,49,49,49,87,87,158,158,171,189,209,169,169,169],"floor_reached":16,"playtime":790,"items_purged":[],"score":204,"play_id":"3da3cd65-a863-4bc6-ba0b-957f5477dbfe","local_time":"20190618213822","is_ascension_mode":true,"campfire_choices":[{"data":"Dagger Spray","floor":6,"key":"SMITH"},{"data":"Survivor","floor":10,"key":"SMITH"},{"floor":15,"key":"REST"}],"neow_cost":"NO_GOLD","seed_source_timestamp":163588354185431,"circlet_count":0,"master_deck":["AscendersBane","Defend_G","Defend_G","Defend_G","Defend_G","Defend_G","Strike_G","Strike_G","Strike_G","Strike_G","Survivor+1","Neutralize","Grand Finale","Caltrops","Dagger Spray+1","Dagger Spray","Well Laid Plans","Cloak And Dagger","Dagger Spray","Dagger Throw"],"relics":["Ring of the Snake","Golden Idol","Dream Catcher","Ninja Scroll"],"potions_floor_usage":[7,11,16,16],"damage_taken":[{"damage":3,"enemies":"2 Louse","floor":1,"turns":4},{"damage":4,"enemies":"Jaw Worm","floor":3,"turns":7},{"damage":0,"enemies":"Cultist","floor":4,"turns":4},{"damage":39,"enemies":"Lagavulin","floor":7,"turns":6},{"damage":11,"enemies":"Exordium Thugs","floor":11,"turns":5},{"damage":0,"enemies":"2 Fungi Beasts","floor":12,"turns":2},{"damage":0,"enemies":"Blue Slaver","floor":13,"turns":4},{"damage":20,"enemies":"Slime Boss","floor":16,"turns":6}],"seed_played":"-8186827672680459585","potions_obtained":[{"floor":1,"key":"Strength Potion"},{"floor":4,"key":"GhostInAJar"},{"floor":13,"key":"GamblersBrew"},{"floor":14,"key":"PowerPotion"},{"floor":14,"key":"SkillPotion"}],"is_trial":false,"path_per_floor":["M","?","M","M","?","R","E","?","T","R","M","M","M","?","R","B"],"character_chosen":"THE_SILENT","items_purchased":[],"campfire_rested":1,"item_purchase_floors":[],"current_hp_per_floor":[56,56,52,52,52,52,13,13,13,13,2,2,2,2,20,0],"gold":169,"neow_bonus":"THREE_RARE_CARDS","is_prod":false,"is_daily":false,"chose_seed":false,"campfire_upgraded":2,"win_rate":0,"timestamp":1560886702,"path_taken":["M","?","M","M","?","R","E","?","T","R","?","M","M","?","R","BOSS"],"build_version":"2019-01-23","purchased_purges":0,"victory":false,"max_hp_per_floor":[66,66,66,66,60,60,60,60,60,60,60,60,60,60,60,60],"card_choices":[{"not_picked":["Doppelganger","A Thousand Cuts"],"picked":"Grand Finale","floor":0},{"not_picked":["Riddle With Holes","Choke","Outmaneuver"],"picked":"SKIP","floor":1},{"not_picked":["Underhanded Strike","Riddle With Holes"],"picked":"Caltrops","floor":3},{"not_picked":["All Out Attack","Choke"],"picked":"Dagger Spray","floor":4},{"not_picked":["Outmaneuver","Underhanded Strike"],"picked":"Dagger Spray","floor":7},{"not_picked":["Calculated Gamble","Sucker Punch"],"picked":"Well Laid Plans","floor":11},{"not_picked":["Flying Knee","Outmaneuver"],"picked":"Cloak And Dagger","floor":12},{"not_picked":["Deadly Poison","Slice"],"picked":"Dagger Spray","floor":13},{"not_picked":["Outmaneuver","Flechettes"],"picked":"Dagger Throw","floor":15}],"player_experience":1357060,"relics_obtained":[{"floor":7,"key":"Dream Catcher"},{"floor":9,"key":"Ninja Scroll"}],"event_choices":[{"cards_removed":["Strike_G"],"damage_healed":0,"gold_gain":0,"player_choice":"Forget","damage_taken":0,"max_hp_gain":0,"max_hp_loss":0,"event_name":"Living Wall","floor":2,"gold_loss":0},{"damage_healed":0,"gold_gain":0,"player_choice":"Lose Max HP","damage_taken":0,"relics_obtained":["Golden Idol"],"max_hp_gain":0,"max_hp_loss":6,"event_name":"Golden Idol","floor":5,"gold_loss":0},{"damage_healed":0,"gold_gain":0,"player_choice":"Ignored","damage_taken":0,"max_hp_gain":0,"max_hp_loss":0,"event_name":"Shining Light","floor":8,"gold_loss":0},{"damage_healed":0,"gold_gain":0,"player_choice":"Bought 3 Potions","damage_taken":0,"max_hp_gain":0,"max_hp_loss":0,"event_name":"The Woman in Blue","floor":14,"gold_loss":0}],"is_beta":false,"boss_relics":[],"items_purged_floors":[],"is_endless":false,"potions_floor_spawned":[1,4,13],"killed_by":"Slime Boss","ascension_level":20}