{"gold_per_floor":[110,36,51,1,20,20,20,46,46,46,72,72],"floor_reached":12,"playtime":726,"items_purged":["Strike_G"],"score":172,"play_id":"df1322d9-a647-4074-b735-09da28561680","local_time":"20190805101513","is_ascension_mode":true,"campfire_choices":[{"data":"Bouncing Flask","floor":6.0,"key":"SMITH"},{"data":"Well Laid Plans","floor":10.0,"key":"SMITH"}],"neow_cost":"NONE","seed_source_timestamp":1043069197544045,"circlet_count":0,"master_deck":["AscendersBane","Strike_G","Strike_G","Strike_G","Strike_G","Defend_G","Defend_G","Defend_G","Defend_G","Defend_G","Survivor","Neutralize","Masterful Stab","Well Laid Plans+1","Blade Dance","Bouncing Flask+1","Deadly Poison","Caltrops+1"],"special_seed":0,"relics":["Ring of the Snake","Smiling Mask","Frozen Egg 2","Bottled Tornado","Pantograph"],"potions_floor_usage":[12],"damage_taken":[{"damage":3.0,"enemies":"Cultist","floor":1.0,"turns":5.0},{"damage":2.0,"enemies":"Jaw Worm","floor":3.0,"turns":4.0},{"damage":6.0,"enemies":"2 Louse","floor":5.0,"turns":3.0},{"damage":10.0,"enemies":"3 Sentries","floor":8.0,"turns":10.0},{"damage":20.0,"enemies":"Lagavulin","floor":11.0,"turns":6.0},{"damage":19,"enemies":"Gremlin Gang","floor":12,"turns":4}],"seed_played":"-4364995716445134985","potions_obtained":[{"floor":1.0,"key":"PowerPotion"},{"floor":11.0,"key":"GhostInAJar"}],"is_trial":false,"path_per_floor":["M","$","M","$","M","R","$","E","T","R","E","M"],"character_chosen":"THE_SILENT","items_purchased":["Well Laid Plans"],"campfire_rested":0,"item_purchase_floors":[2],"current_hp_per_floor":[56,56,54,54,48,48,48,38,38,38,18,0],"gold":72,"neow_bonus":"RANDOM_COMMON_RELIC","is_prod":false,"is_daily":false,"chose_seed":false,"campfire_upgraded":2,"win_rate":0,"timestamp":1565025313,"path_taken":["M","$","M","?","M","R","$","E","T","R","E","M"],"build_version":"2019-07-17","purchased_purges":1,"victory":false,"max_hp_per_floor":[66,66,66,66,66,66,66,66,66,66,66,66],"card_choices":[{"not_picked":["Dodge and Roll","Acrobatics"],"picked":"Masterful Stab","floor":1.0},{"not_picked":["Underhanded Strike","Heel Hook"],"picked":"Blade Dance","floor":3.0},{"not_picked":["Underhanded Strike","Quick Slash"],"picked":"Bouncing Flask","floor":5.0},{"not_picked":["Poisoned Stab","Blade Dance"],"picked":"Deadly Poison","floor":8.0},{"not_picked":["Crippling Poison","Flying Knee"],"picked":"Caltrops+1","floor":11.0}],"player_experience":641176,"relics_obtained":[{"floor":8.0,"key":"Frozen Egg 2"},{"floor":9.0,"key":"Bottled Tornado"},{"floor":11.0,"key":"Pantograph"}],"event_choices":[],"is_beta":false,"boss_relics":[],"items_purged_floors":[4],"is_endless":false,"potions_floor_spawned":[1,11],"killed_by":"Gremlin Gang","ascension_level":20}