{"gold_per_floor":[112,29,40,40,56,56,83,83,132,53,68,83,83,83,83,178,178,197,33,333,1,1,1],"floor_reached":23,"playtime":1102,"items_purged":[],"score":281,"play_id":"e19bd405-85ce-471b-8a4e-a54d7d6a87fe","local_time":"20190719153103","is_ascension_mode":true,"campfire_choices":[{"data":"Accuracy","floor":6,"key":"SMITH"},{"data":"Envenom","floor":13,"key":"SMITH"},{"data":"Acrobatics","floor":15,"key":"SMITH"}],"neow_cost":"NONE","seed_source_timestamp":610495369838360,"circlet_count":0,"master_deck":["AscendersBane","Survivor","Neutralize","Quick Slash","Accuracy+1","Flying Knee","Footwork+1","Cloak And Dagger","Cloak And Dagger","Sucker Punch","Deflect","Envenom+1","Acrobatics+1","Wraith Form v2","Tools of the Trade","Infinite Blades","Concentrate","Eviscerate","Concentrate","Bouncing Flask","PiercingWail","Phantasmal Killer","Sucker Punch","Eviscerate","Caltrops","Footwork","Acrobatics","Calculated Gamble","Deflect","Footwork"],"relics":["Ring of the Snake","Boot","Juzu Bracelet","War Paint","Pandora\u0027s Box","Old Coin","Meat on the Bone"],"potions_floor_usage":[7,23],"damage_taken":[{"damage":8,"enemies":"2 Louse","floor":1,"turns":4},{"damage":0,"enemies":"Cultist","floor":3,"turns":4},{"damage":1,"enemies":"Jaw Worm","floor":5,"turns":4},{"damage":38,"enemies":"Gremlin Nob","floor":7,"turns":6},{"damage":0,"enemies":"Looter","floor":11,"turns":4},{"damage":1,"enemies":"3 Louse","floor":12,"turns":3},{"damage":19,"enemies":"The Guardian","floor":16,"turns":14},{"damage":50,"enemies":"3 Byrds","floor":18,"turns":9},{"damage":14,"enemies":"Slavers","floor":23,"turns":2}],"seed_played":"8930233061023906870","potions_obtained":[{"floor":5,"key":"Block Potion"},{"floor":11,"key":"SpeedPotion"},{"floor":12,"key":"Dexterity Potion"}],"is_trial":false,"path_per_floor":["M","$","M","?","M","R","E","?","T","$","M","M","R","?","R","B",null,"M","$","?","$","?","E"],"character_chosen":"THE_SILENT","items_purchased":["Accuracy","Flying Knee","Sucker Punch","Deflect","Footwork","Acrobatics","Calculated Gamble","Meat on the Bone","Deflect","Footwork"],"campfire_rested":0,"item_purchase_floors":[2,2,10,10,19,19,19,21,21,21],"current_hp_per_floor":[62,62,62,62,61,61,23,16,16,16,16,15,15,40,40,21,63,13,13,13,13,13,0],"gold":1,"neow_bonus":"TEN_PERCENT_HP_BONUS","is_prod":false,"is_daily":false,"chose_seed":false,"campfire_upgraded":3,"win_rate":0,"timestamp":1563575463,"path_taken":["M","$","M","?","?","R","E","?","T","$","M","M","R","?","R","BOSS","M","$","?","?","?","E"],"build_version":"2019-07-17","purchased_purges":0,"victory":false,"max_hp_per_floor":[77,77,77,77,77,77,77,77,77,77,77,77,77,77,77,77,77,77,77,77,77,77,77],"card_choices":[{"not_picked":["Sucker Punch","Poisoned Stab"],"picked":"Quick Slash","floor":1},{"not_picked":["PiercingWail","Well Laid Plans"],"picked":"Footwork","floor":3},{"not_picked":["Quick Slash","Dagger Spray"],"picked":"Cloak And Dagger","floor":5},{"not_picked":["Finisher","Outmaneuver"],"picked":"Cloak And Dagger","floor":7},{"not_picked":["Dagger Spray","Deflect"],"picked":"Envenom","floor":11},{"not_picked":["Slice","Poisoned Stab"],"picked":"Acrobatics","floor":12},{"not_picked":["Burst","Unload"],"picked":"Wraith Form v2","floor":16},{"not_picked":["Backflip","Deadly Poison+1"],"picked":"Caltrops","floor":18}],"player_experience":387317,"relics_obtained":[{"floor":7,"key":"Boot"},{"floor":9,"key":"War Paint"}],"event_choices":[{"damage_healed":0,"gold_gain":0,"player_choice":"Forge","damage_taken":0,"max_hp_gain":0,"max_hp_loss":0,"event_name":"Accursed Blacksmith","floor":4,"gold_loss":0,"cards_upgraded":["Footwork"]},{"damage_healed":0,"gold_gain":0,"player_choice":"Success","damage_taken":7,"relics_obtained":["Juzu Bracelet"],"max_hp_gain":0,"max_hp_loss":0,"event_name":"Scrap Ooze","floor":8,"gold_loss":0},{"damage_healed":25,"gold_gain":0,"player_choice":"Banana","damage_taken":0,"max_hp_gain":0,"max_hp_loss":0,"event_name":"Big Fish","floor":14,"gold_loss":0},{"damage_healed":0,"gold_gain":0,"player_choice":"Gave Potion","damage_taken":0,"relics_obtained":["Old Coin"],"max_hp_gain":0,"max_hp_loss":0,"event_name":"WeMeetAgain","floor":20,"gold_loss":0},{"damage_healed":0,"gold_gain":0,"player_choice":"Ignored","damage_taken":0,"max_hp_gain":0,"max_hp_loss":0,"event_name":"Ghosts","floor":22,"gold_loss":0}],"is_beta":false,"boss_relics":[{"not_picked":["Velvet Choker","Fusion Hammer"],"picked":"Pandora\u0027s Box"}],"items_purged_floors":[],"is_endless":false,"potions_floor_spawned":[5,11,12],"killed_by":"Slavers","ascension_level":10}