{"gold_per_floor":[109,184,200,74,74,106,126,126,176,176],"floor_reached":10,"playtime":548,"items_purged":[],"score":96,"play_id":"6c3cb2d0-4acf-4e43-8e5c-c3182f614db9","local_time":"20190718092611","is_ascension_mode":true,"campfire_choices":[{"floor":8,"key":"REST"}],"neow_cost":"NONE","seed_source_timestamp":502759998222393,"circlet_count":0,"master_deck":["Strike_G","Strike_G","Strike_G","Strike_G","Strike_G","Defend_G","Defend_G","Defend_G","Defend_G","Defend_G","Survivor","Neutralize","Accuracy","Outmaneuver","Terror","Blade Dance","Cloak And Dagger","Prepared"],"relics":["Ring of the Snake","Oddly Smooth Stone","Dream Catcher"],"potions_floor_usage":[10],"damage_taken":[{"damage":0,"enemies":"2 Louse","floor":1,"turns":4},{"damage":4,"enemies":"Small Slimes","floor":3,"turns":4},{"damage":52,"enemies":"3 Sentries","floor":6,"turns":13},{"damage":0,"enemies":"Jaw Worm","floor":7,"turns":4},{"damage":39,"enemies":"Gremlin Nob","floor":10,"turns":5}],"seed_played":"-8258648483175721128","potions_obtained":[{"floor":1,"key":"Swift Potion"},{"floor":7,"key":"SkillPotion"}],"is_trial":false,"path_per_floor":["M","?","M","$","?","E","M","R","T","E"],"character_chosen":"THE_SILENT","items_purchased":["Terror","Blade Dance"],"campfire_rested":1,"item_purchase_floors":[4,4],"current_hp_per_floor":[70,59,55,55,55,3,3,26,26,0],"gold":176,"neow_bonus":"TEN_PERCENT_HP_BONUS","is_prod":false,"is_daily":false,"chose_seed":false,"campfire_upgraded":0,"win_rate":0,"timestamp":1563467171,"path_taken":["M","?","M","$","?","E","M","R","T","E"],"build_version":"2019-07-17","purchased_purges":0,"victory":false,"max_hp_per_floor":[77,77,77,77,77,77,77,77,77,77],"card_choices":[{"not_picked":["Blade Dance","Dagger Spray"],"picked":"Accuracy","floor":1},{"not_picked":["Dagger Throw","Prepared"],"picked":"Outmaneuver","floor":3},{"not_picked":["Underhanded Strike","Backstab"],"picked":"Cloak And Dagger","floor":6},{"not_picked":["Poisoned Stab","Flechettes"],"picked":"Prepared","floor":7}],"player_experience":346429,"relics_obtained":[{"floor":6,"key":"Oddly Smooth Stone"},{"floor":9,"key":"Dream Catcher"}],"event_choices":[{"damage_healed":0,"gold_gain":75,"player_choice":"Gather Gold","damage_taken":11,"max_hp_gain":0,"max_hp_loss":0,"event_name":"World of Goop","floor":2,"gold_loss":0},{"damage_healed":0,"gold_gain":0,"player_choice":"Ignored","damage_taken":0,"max_hp_gain":0,"max_hp_loss":0,"event_name":"Golden Wing","floor":5,"gold_loss":0}],"is_beta":false,"boss_relics":[],"items_purged_floors":[],"is_endless":false,"potions_floor_spawned":[1,7],"killed_by":"Gremlin Nob","ascension_level":9}