{"gold_per_floor":[113,188,188,200,6,6,40,55,109,109,123,138,156,170,170,248,248,262,65,80,90,108,138,138,167,167,167,182,201,201,201,201,272,272,285,285,296,296,313,313,333,358,433,462,462,477,508,522,522,522],"floor_reached":51,"playtime":3479,"items_purged":["Strike_G"],"score":1383,"play_id":"8eefd1ea-8482-4289-91fd-bacda0eba6c1","local_time":"20190729121604","is_ascension_mode":true,"campfire_choices":[{"data":"Well Laid Plans","floor":6.0,"key":"SMITH"},{"data":"Noxious Fumes","floor":10.0,"key":"SMITH"},{"data":"Catalyst","floor":15.0,"key":"SMITH"},{"floor":24.0,"key":"REST"},{"floor":27.0,"key":"REST"},{"data":"Catalyst","floor":30.0,"key":"SMITH"},{"data":"Noxious Fumes","floor":32.0,"key":"SMITH"},{"data":"Bullet Time","floor":40.0,"key":"SMITH"},{"floor":45,"key":"REST"},{"floor":49,"key":"REST"}],"neow_cost":"NONE","seed_source_timestamp":442031933475487,"circlet_count":0,"master_deck":["AscendersBane","Strike_G","Strike_G","Strike_G","Strike_G+1","Defend_G","Defend_G","Defend_G","Defend_G","Defend_G","Survivor","Neutralize","Corpse Explosion","Deflect","Well Laid Plans+1","Bouncing Flask","Caltrops","Bandage Up","Noxious Fumes+1","Crippling Poison","Poisoned Stab+1","Catalyst+1","Deadly Poison","A Thousand Cuts","PiercingWail","Footwork","Poisoned Stab","Noxious Fumes+1","Deadly Poison","Noxious Fumes+1","Catalyst+1","Outmaneuver","Footwork","Bullet Time+1","Bane+1","Outmaneuver","The Bomb","Calculated Gamble+1","After Image","Blur","Sucker Punch+1","Catalyst+1","Backflip+1","Backflip+1"],"special_seed":0,"relics":["Ring of the Snake","Bag of Preparation","Snake Skull","White Beast Statue","Meat on the Bone","Du-Vu Doll","Dream Catcher","Runic Pyramid","Art of War","Kunai","Orichalcum","Whetstone"],"potions_floor_usage":[],"damage_taken":[{"damage":0.0,"enemies":"Cultist","floor":1.0,"turns":4.0},{"damage":1.0,"enemies":"Small Slimes","floor":4.0,"turns":4.0},{"damage":38.0,"enemies":"Gremlin Nob","floor":7.0,"turns":5.0},{"damage":2.0,"enemies":"2 Louse","floor":8.0,"turns":2.0},{"damage":1.0,"enemies":"Red Slaver","floor":11.0,"turns":3.0},{"damage":3.0,"enemies":"Exordium Wildlife","floor":12.0,"turns":5.0},{"damage":0.0,"enemies":"2 Fungi Beasts","floor":13.0,"turns":3.0},{"damage":4.0,"enemies":"Red Slaver","floor":14.0,"turns":3.0},{"damage":0.0,"enemies":"Slime Boss","floor":16.0,"turns":5.0},{"damage":0.0,"enemies":"Chosen","floor":18.0,"turns":4.0},{"damage":10.0,"enemies":"Spheric Guardian","floor":20.0,"turns":4.0},{"damage":23.0,"enemies":"Shelled Parasite and Fungi","floor":21.0,"turns":4.0},{"damage":18.0,"enemies":"3 Cultists","floor":22.0,"turns":5.0},{"damage":29.0,"enemies":"Slavers","floor":23.0,"turns":4.0},{"damage":24.0,"enemies":"Book of Stabbing","floor":25.0,"turns":4.0},{"damage":25.0,"enemies":"Centurion and Healer","floor":28.0,"turns":5.0},{"damage":0.0,"enemies":"Snake Plant","floor":29.0,"turns":1.0},{"damage":41.0,"enemies":"Automaton","floor":33.0,"turns":6.0},{"damage":0.0,"enemies":"3 Darklings","floor":35.0,"turns":2.0},{"damage":10.0,"enemies":"Orb Walker","floor":37.0,"turns":3.0},{"damage":21.0,"enemies":"Maw","floor":39.0,"turns":5.0},{"damage":11.0,"enemies":"Jaw Worm Horde","floor":41.0,"turns":5.0},{"damage":37.0,"enemies":"Nemesis","floor":42.0,"turns":5.0},{"damage":17,"enemies":"Giant Head","floor":44,"turns":6},{"damage":3,"enemies":"4 Shapes","floor":46,"turns":4},{"damage":34,"enemies":"Nemesis","floor":47,"turns":7},{"damage":0,"enemies":"3 Darklings","floor":48,"turns":1},{"damage":70,"enemies":"Donu and Deca","floor":50,"turns":7}],"seed_played":"-4547361803123992862","potions_obtained":[{"floor":8.0,"key":"Explosive Potion"},{"floor":12.0,"key":"SkillPotion"},{"floor":18.0,"key":"PowerPotion"},{"floor":20.0,"key":"Poison Potion"},{"floor":22.0,"key":"GamblersBrew"},{"floor":23.0,"key":"Fruit Juice"},{"floor":25.0,"key":"SkillPotion"},{"floor":28.0,"key":"GamblersBrew"},{"floor":29.0,"key":"Regen Potion"},{"floor":31.0,"key":"Fire Potion"},{"floor":35.0,"key":"FairyPotion"},{"floor":37.0,"key":"SpeedPotion"},{"floor":39.0,"key":"GhostInAJar"},{"floor":41.0,"key":"Fire Potion"}],"is_trial":false,"path_per_floor":["M","?","?","M","$","R","E","M","T","R","M","M","M","M","R","B",null,"M","$","M","M","M","E","R","E","T","R","M","M","R","?","R","B",null,"M","?","M","?","M","R","M","E","T","E","R","M","E","M","R","B",null],"character_chosen":"THE_SILENT","items_purchased":["Bouncing Flask","Caltrops","Bandage Up","Footwork","Poisoned Stab"],"campfire_rested":4,"item_purchase_floors":[5,5,5,19,19],"current_hp_per_floor":[63,52,70,69,69,69,32,34,34,34,37,38,42,42,42,46,64,68,68,62,43,29,4,25,18,18,40,31,43,43,43,43,18,61,65,65,55,55,38,38,43,22,22,21,43,40,22,34,56,16],"gold":522,"neow_bonus":"ONE_RANDOM_RARE_CARD","is_prod":false,"is_daily":false,"chose_seed":false,"campfire_upgraded":6,"win_rate":0,"timestamp":1564427764,"path_taken":["M","?","?","M","$","R","E","M","T","R","?","M","M","M","R","BOSS","M","$","M","M","M","E","R","E","T","R","M","M","R","?","R","BOSS","M","?","M","?","M","R","M","E","T","E","R","M","E","M","R","BOSS"],"build_version":"2019-07-17","purchased_purges":1,"victory":true,"max_hp_per_floor":[70,70,70,70,70,70,70,70,70,70,70,70,70,70,70,70,70,70,70,70,70,70,70,70,75,75,75,75,75,75,75,75,75,75,75,75,75,75,75,75,75,75,75,75,75,75,75,75,75,75],"card_choices":[{"not_picked":["Choke","Dodge and Roll"],"picked":"Deflect","floor":1.0},{"not_picked":["Masterful Stab","Infinite Blades"],"picked":"Well Laid Plans","floor":4.0},{"not_picked":["Cloak And Dagger","Flying Knee"],"picked":"Noxious Fumes","floor":7.0},{"not_picked":["Blade Dance","Slice","Riddle With Holes"],"picked":"SKIP","floor":8.0},{"not_picked":["Poisoned Stab","Prepared"],"picked":"Crippling Poison","floor":11.0},{"not_picked":["Skewer","Backstab"],"picked":"Poisoned Stab","floor":12.0},{"not_picked":["Grand Finale","Backstab"],"picked":"Catalyst","floor":13.0},{"not_picked":["Backflip","Finisher"],"picked":"Deadly Poison","floor":14.0},{"not_picked":["Corpse Explosion","Phantasmal Killer"],"picked":"A Thousand Cuts","floor":16.0},{"not_picked":["Bouncing Flask","Slice"],"picked":"PiercingWail","floor":18.0},{"not_picked":["Well Laid Plans","Dagger Throw"],"picked":"Noxious Fumes","floor":20.0},{"not_picked":["Sucker Punch","Storm of Steel"],"picked":"Deadly Poison","floor":21.0},{"not_picked":["Dash","Cloak And Dagger"],"picked":"Noxious Fumes+1","floor":22.0},{"not_picked":["Masterful Stab","Endless Agony","Dagger Spray+1"],"picked":"SKIP","floor":23.0},{"not_picked":["PiercingWail","Footwork"],"picked":"Catalyst","floor":25.0},{"not_picked":["Well Laid Plans","Blade Dance"],"picked":"Outmaneuver","floor":27.0},{"not_picked":["Deadly Poison","Quick Slash"],"picked":"Footwork","floor":28.0},{"not_picked":["Dagger Throw","Dagger Spray","Acrobatics"],"picked":"SKIP","floor":29.0},{"not_picked":["Adrenaline","Malaise"],"picked":"Bullet Time","floor":33.0},{"not_picked":["Sucker Punch+1","Outmaneuver"],"picked":"Bane+1","floor":35.0},{"not_picked":["Dodge and Roll","Noxious Fumes"],"picked":"Outmaneuver","floor":37.0},{"not_picked":["Panache","Dramatic Entrance"],"picked":"The Bomb","floor":38.0},{"not_picked":["Riddle With Holes","Crippling Poison"],"picked":"Calculated Gamble+1","floor":39.0},{"not_picked":["Acrobatics","Masterful Stab+1","Slice+1"],"picked":"SKIP","floor":41.0},{"not_picked":["Cloak And Dagger","Poisoned Stab"],"picked":"After Image","floor":42.0},{"not_picked":["Deflect","Underhanded Strike"],"picked":"Blur","floor":44},{"not_picked":["Backflip","Dagger Spray"],"picked":"Sucker Punch+1","floor":45},{"not_picked":["Dagger Spray","Dagger Throw"],"picked":"Catalyst+1","floor":46},{"not_picked":["Noxious Fumes","Dodge and Roll","Calculated Gamble"],"picked":"SKIP","floor":47},{"not_picked":["Blade Dance","Infinite Blades"],"picked":"Backflip+1","floor":48},{"not_picked":["Accuracy+1","Caltrops+1"],"picked":"Backflip+1","floor":49}],"player_experience":532993,"relics_obtained":[{"floor":7.0,"key":"Bag of Preparation"},{"floor":9.0,"key":"Snake Skull"},{"floor":23.0,"key":"Meat on the Bone"},{"floor":25.0,"key":"Du-Vu Doll"},{"floor":26.0,"key":"Dream Catcher"},{"floor":42.0,"key":"Art of War"},{"floor":43.0,"key":"Kunai"},{"floor":44,"key":"Orichalcum"},{"floor":47,"key":"Whetstone"}],"event_choices":[{"damage_healed":0.0,"max_hp_gain":0.0,"max_hp_loss":0.0,"gold_gain":75.0,"event_name":"World of Goop","player_choice":"Gather Gold","floor":2.0,"gold_loss":0.0,"damage_taken":11.0},{"damage_healed":18.0,"max_hp_gain":0.0,"max_hp_loss":0.0,"gold_gain":0.0,"event_name":"Wheel of Change","player_choice":"Full Heal","floor":3.0,"gold_loss":0.0,"damage_taken":0.0},{"damage_healed":0.0,"max_hp_gain":0.0,"max_hp_loss":0.0,"gold_gain":0.0,"event_name":"Lab","player_choice":"Got Potions","floor":31.0,"gold_loss":0.0,"damage_taken":0.0},{"damage_healed":0.0,"max_hp_gain":0.0,"max_hp_loss":0.0,"gold_gain":0.0,"event_name":"Tomb of Lord Red Mask","player_choice":"Ignored","floor":36.0,"gold_loss":0.0,"damage_taken":0.0},{"damage_healed":0.0,"max_hp_gain":0.0,"max_hp_loss":0.0,"gold_gain":0.0,"event_name":"SensoryStone","player_choice":"Memory 1","floor":38.0,"gold_loss":0.0,"damage_taken":0.0}],"is_beta":false,"boss_relics":[{"not_picked":["Busted Crown","Runic Dome"],"picked":"White Beast Statue"},{"not_picked":["Cursed Key","Black Star"],"picked":"Runic Pyramid"}],"items_purged_floors":[19],"is_endless":false,"potions_floor_spawned":[8,12,18,20,21,22,23,25,28,29,33,35,37,39,41,42,44,46,47,48],"ascension_level":13}