{"gold_per_floor":[112,112,131,143,68,102,102,119,119,129,140,140],"floor_reached":12,"playtime":668,"items_purged":[],"score":164,"play_id":"44ac26c0-bcb0-4865-baa8-a880a96a90aa","local_time":"20190811171211","is_ascension_mode":true,"campfire_choices":[],"neow_cost":"NONE","seed_source_timestamp":594705895422700,"circlet_count":0,"master_deck":["AscendersBane","Strike_G","Strike_G","Strike_G","Strike_G","Strike_G","Defend_G","Defend_G","Defend_G","Defend_G","Defend_G","Survivor","Neutralize","Poisoned Stab","Dash","PiercingWail","PiercingWail","Pain","Backflip","Flechettes"],"relics":["Ring of the Snake","NeowsBlessing","Blood Vial","Calipers","WarpedTongs","Singing Bowl"],"potions_floor_usage":[6,6],"damage_taken":[{"damage":0,"enemies":"Jaw Worm","floor":1,"turns":1},{"damage":0,"enemies":"Small Slimes","floor":3,"turns":1},{"damage":0,"enemies":"Cultist","floor":4,"turns":1},{"damage":24,"enemies":"Gremlin Nob","floor":6,"turns":4},{"damage":5,"enemies":"Large Slime","floor":8,"turns":11},{"damage":5,"enemies":"Looter","floor":10,"turns":4},{"damage":30,"enemies":"Exordium Thugs","floor":11,"turns":9},{"damage":13,"enemies":"Lagavulin","floor":12,"turns":3}],"seed_played":"1860255407350070168","potions_obtained":[{"floor":1,"key":"FearPotion"},{"floor":3,"key":"Swift Potion"},{"floor":4,"key":"AttackPotion"}],"is_trial":false,"path_per_floor":["M","?","M","M","?","E","?","M","T","M","M","E"],"character_chosen":"THE_SILENT","items_purchased":[],"campfire_rested":0,"item_purchase_floors":[],"current_hp_per_floor":[59,59,61,63,63,41,41,38,38,35,9,0],"gold":140,"neow_bonus":"THREE_ENEMY_KILL","is_prod":false,"is_daily":false,"chose_seed":false,"campfire_upgraded":0,"win_rate":0,"timestamp":1565536331,"path_taken":["M","?","M","M","?","E","?","M","T","?","M","E"],"build_version":"2019-07-17","purchased_purges":0,"victory":false,"max_hp_per_floor":[66,66,66,66,66,66,66,66,66,66,68,68],"card_choices":[{"not_picked":["Reflex","Accuracy"],"picked":"Poisoned Stab","floor":1},{"not_picked":["Crippling Poison","Bane"],"picked":"Dash","floor":3},{"not_picked":["Bane","Sucker Punch"],"picked":"PiercingWail","floor":4},{"not_picked":["Predator","Bane"],"picked":"PiercingWail","floor":6},{"not_picked":["Dodge and Roll","Acrobatics"],"picked":"Backflip","floor":8},{"not_picked":["Malaise","Slice"],"picked":"Flechettes","floor":10},{"not_picked":["Dagger Spray","Deadly Poison","Sucker Punch"],"picked":"Singing Bowl","floor":11}],"player_experience":1472038,"relics_obtained":[{"floor":6,"key":"Calipers"},{"floor":9,"key":"Singing Bowl"}],"event_choices":[{"damage_healed":0,"gold_gain":0,"player_choice":"Box","damage_taken":0,"relics_obtained":["Blood Vial"],"max_hp_gain":0,"max_hp_loss":0,"event_name":"Big Fish","floor":2,"gold_loss":0,"cards_obtained":["Regret"]},{"cards_removed":["Regret"],"damage_healed":0,"gold_gain":0,"player_choice":"Card Removal","damage_taken":0,"max_hp_gain":0,"max_hp_loss":0,"event_name":"The Cleric","floor":5,"gold_loss":75},{"damage_healed":0,"gold_gain":0,"player_choice":"Rummage","damage_taken":0,"relics_obtained":["WarpedTongs"],"max_hp_gain":0,"max_hp_loss":0,"event_name":"Accursed Blacksmith","floor":7,"gold_loss":0,"cards_obtained":["Pain"]}],"is_beta":false,"boss_relics":[],"items_purged_floors":[],"is_endless":false,"potions_floor_spawned":[1,3,4],"killed_by":"Lagavulin","ascension_level":20}