{"gold_per_floor":[115,135,135,31,31,31,61,32,56,56,82,82,7,7,7,83,83,0,0,0,0],"floor_reached":21,"playtime":1326,"items_purged":["Strike_G"],"score":416,"play_id":"f42a44ee-c1cc-4e85-9af0-21136f859255","local_time":"20190813141719","is_ascension_mode":true,"campfire_choices":[{"data":"Tools of the Trade","floor":6.0,"key":"SMITH"},{"data":"Caltrops","floor":10.0,"key":"SMITH"},{"floor":12.0,"key":"REST"},{"data":"Flechettes","floor":15.0,"key":"SMITH"}],"neow_cost":"NONE","seed_source_timestamp":1748221178858106,"circlet_count":0,"master_deck":["AscendersBane","Strike_G","Strike_G","Strike_G","Strike_G","Defend_G","Defend_G","Defend_G","Defend_G","Defend_G","Survivor","Neutralize","Caltrops+1","PiercingWail","Tools of the Trade+1","Dodge and Roll","Acrobatics","Dodge and Roll","Predator","Flechettes+1","A Thousand Cuts","Dodge and Roll+1","Sucker Punch"],"special_seed":0,"relics":["Ring of the Snake","NeowsBlessing","Strawberry","Juzu Bracelet","Letter Opener","Ectoplasm"],"potions_floor_usage":[16],"damage_taken":[{"damage":0.0,"enemies":"2 Louse","floor":1.0,"turns":1.0},{"damage":0.0,"enemies":"Cultist","floor":2.0,"turns":1.0},{"damage":0.0,"enemies":"Lagavulin","floor":7.0,"turns":1.0},{"damage":59.0,"enemies":"Gremlin Nob","floor":11.0,"turns":6.0},{"damage":30,"enemies":"The Guardian","floor":16,"turns":15},{"damage":10,"enemies":"2 Thieves","floor":18,"turns":4},{"damage":20,"enemies":"Spheric Guardian","floor":19,"turns":6},{"damage":39,"enemies":"Cultist and Chosen","floor":21,"turns":5}],"seed_played":"-1970734912651063426","potions_obtained":[{"floor":2.0,"key":"Fire Potion"},{"floor":14.0,"key":"Swift Potion"},{"floor":14.0,"key":"Dexterity Potion"},{"floor":19,"key":"SkillPotion"}],"is_trial":false,"path_per_floor":["M","M","?","$","?","R","E","$","T","R","E","R","$","?","R","B",null,"M","M","$","M"],"character_chosen":"THE_SILENT","items_purchased":["Dodge and Roll","Dodge and Roll","Flechettes"],"campfire_rested":1,"item_purchase_floors":[4,8,13],"current_hp_per_floor":[59,59,59,59,64,64,71,71,71,71,12,35,35,35,35,5,60,50,30,30,0],"gold":0,"neow_bonus":"THREE_ENEMY_KILL","is_prod":false,"is_daily":false,"chose_seed":false,"campfire_upgraded":3,"win_rate":0,"timestamp":1565731039,"path_taken":["M","M","?","?","?","R","E","$","T","R","E","R","$","?","R","BOSS","M","M","$","M"],"build_version":"2019-07-17","purchased_purges":1,"victory":false,"max_hp_per_floor":[66,66,66,66,71,71,78,78,78,78,78,78,78,78,78,78,78,78,78,78,78],"card_choices":[{"not_picked":["Outmaneuver","Masterful Stab"],"picked":"Caltrops","floor":1.0},{"not_picked":["Catalyst","Setup"],"picked":"PiercingWail","floor":2.0},{"not_picked":["Prepared","Catalyst"],"picked":"Acrobatics","floor":7.0},{"not_picked":["Backflip","Blade Dance"],"picked":"Predator","floor":11.0},{"not_picked":["Burst","Bullet Time"],"picked":"A Thousand Cuts","floor":16},{"not_picked":["Backflip","Dagger Spray"],"picked":"Dodge and Roll+1","floor":18},{"not_picked":["Backstab","Prepared"],"picked":"Sucker Punch","floor":19}],"player_experience":706763,"relics_obtained":[{"floor":7.0,"key":"Strawberry"},{"floor":9.0,"key":"Juzu Bracelet"},{"floor":11.0,"key":"Letter Opener"}],"event_choices":[{"damage_healed":0.0,"max_hp_gain":0.0,"max_hp_loss":0.0,"gold_gain":0.0,"event_name":"Match and Keep!","player_choice":"1 cards matched","floor":3.0,"gold_loss":0.0,"damage_taken":0.0,"cards_obtained":["Tools of the Trade"]},{"damage_healed":0.0,"max_hp_gain":5.0,"max_hp_loss":0.0,"gold_gain":0.0,"event_name":"Big Fish","player_choice":"Donut","floor":5.0,"gold_loss":0.0,"damage_taken":0.0},{"damage_healed":0.0,"max_hp_gain":0.0,"max_hp_loss":0.0,"gold_gain":0.0,"event_name":"Lab","player_choice":"Got Potions","floor":14.0,"gold_loss":0.0,"damage_taken":0.0}],"is_beta":false,"boss_relics":[{"not_picked":["Sozu","White Beast Statue"],"picked":"Ectoplasm"}],"items_purged_floors":[4],"is_endless":false,"potions_floor_spawned":[2,19],"killed_by":"Cultist and Chosen","ascension_level":20}