{"gold_per_floor":[16,26,44,44,112,143,158,168,193,7,57,85,145,195,195,298,298,309,31,81,91,141,141,176,176,176,241,241,259,329,364,364,462,462,475,525,545,136,186,212,240,302,314,182,182,243,293,343,343,343,343,343,11,45,45],"floor_reached":56,"playtime":4477,"items_purged":["Defend_R","Pain","Regret"],"score":1515,"play_id":"245ae536-8d1a-4ff3-900d-4991c163ceb2","local_time":"20190820165058","is_ascension_mode":true,"campfire_choices":[{"floor":15.0,"key":"REST"},{"floor":23.0,"key":"REST"},{"floor":25.0,"key":"RECALL"},{"floor":28.0,"key":"REST"},{"floor":32.0,"key":"REST"},{"floor":45.0,"key":"REST"},{"floor":49.0,"key":"REST"},{"floor":52.0,"key":"REST"}],"neow_cost":"NO_GOLD","seed_source_timestamp":171791483888511,"circlet_count":0,"master_deck":["Strike_R","Strike_R","Strike_R","Defend_R","Defend_R","Defend_R","Ghostly Armor","Dark Embrace","Inflame","Battle Trance","Flame Barrier","Whirlwind+1","Reaper","Headbutt","Corruption","Berserk","Barricade","Shockwave","Exhume","Power Through","Enlightenment","Uppercut+1","Entrench+1","Battle Trance+1","Rage+1","Armaments+1","Shrug It Off+1","Warcry+1","Limit Break+1","Battle Trance+1","Master of Strategy+1","The Bomb+1","Impatience+1","Metamorphosis+1","Feel No Pain","Madness+1","Madness+1","Metallicize","Bandage Up+1","Disarm+1","Second Wind+1","Body Slam+1","Dual Wield+1","Limit Break+1","Fiend Fire"],"special_seed":0,"relics":["Burning Blood","SsserpentHead","StoneCalendar","Dream Catcher","WarpedTongs","Mercury Hourglass","Happy Flower","Sozu","Membership Card","Bag of Marbles","Toxic Egg 2","Boot","Lizard Tail","Ancient Tea Set","Nunchaku","MawBank","Bottled Lightning","Medical Kit","Torii","Oddly Smooth Stone"],"potions_floor_usage":[],"damage_taken":[{"damage":8.0,"enemies":"Small Slimes","floor":1.0,"turns":4.0},{"damage":0.0,"enemies":"Cultist","floor":2.0,"turns":4.0},{"damage":4.0,"enemies":"Jaw Worm","floor":3.0,"turns":5.0},{"damage":16.0,"enemies":"Lots of Slimes","floor":5.0,"turns":7.0},{"damage":52.0,"enemies":"Lagavulin","floor":6.0,"turns":10.0},{"damage":3.0,"enemies":"Blue Slaver","floor":7.0,"turns":4.0},{"damage":3.0,"enemies":"2 Fungi Beasts","floor":8.0,"turns":6.0},{"damage":20.0,"enemies":"3 Sentries","floor":12.0,"turns":7.0},{"damage":21.0,"enemies":"Exordium Thugs","floor":13.0,"turns":5.0},{"damage":36.0,"enemies":"The Guardian","floor":16.0,"turns":8.0},{"damage":42.0,"enemies":"Chosen","floor":18.0,"turns":5.0},{"damage":26.0,"enemies":"3 Byrds","floor":21.0,"turns":4.0},{"damage":29.0,"enemies":"Slavers","floor":24.0,"turns":6.0},{"damage":22.0,"enemies":"Centurion and Healer","floor":27.0,"turns":6.0},{"damage":17.0,"enemies":"Shelled Parasite and Fungi","floor":29.0,"turns":6.0},{"damage":1.0,"enemies":"3 Cultists","floor":30.0,"turns":2.0},{"damage":54.0,"enemies":"Book of Stabbing","floor":31.0,"turns":7.0},{"damage":54.0,"enemies":"Collector","floor":33.0,"turns":11.0},{"damage":21.0,"enemies":"Orb Walker","floor":35.0,"turns":4.0},{"damage":22.0,"enemies":"3 Shapes","floor":37.0,"turns":4.0},{"damage":71.0,"enemies":"Reptomancer","floor":40.0,"turns":4.0},{"damage":51.0,"enemies":"Jaw Worm Horde","floor":41.0,"turns":5.0},{"damage":43.0,"enemies":"Transient","floor":46.0,"turns":5.0},{"damage":33.0,"enemies":"Donu and Deca","floor":50.0,"turns":7.0},{"damage":7.0,"enemies":"Shield and Spear","floor":54.0,"turns":5.0},{"damage":49,"enemies":"The Heart","floor":55,"turns":7}],"seed_played":"1443211854209329072","potions_obtained":[{"floor":1.0,"key":"Fire Potion"},{"floor":6.0,"key":"SkillPotion"},{"floor":7.0,"key":"Block Potion"},{"floor":16.0,"key":"Fruit Juice"}],"is_trial":false,"path_per_floor":["M","M","M","?","M","E","M","M","T","$","?","E","M","?","R","B",null,"M","$","?","M","?","R","E","R","T","M","R","M","M","E","R","B",null,"M","?","M","$","?","E","M","?","T","$","R","M","?","T","R","B",null,"R","$","E","B",null],"character_chosen":"IRONCLAD","items_purchased":["Reaper","Headbutt","Membership Card","Shockwave","Ancient Tea Set","Nunchaku","Metamorphosis+1","Feel No Pain","Bandage Up+1","Disarm+1","Limit Break+1","Medical Kit","Torii"],"campfire_rested":7,"item_purchase_floors":[10,10,19,19,38,38,38,38,44,44,53,53,53],"current_hp_per_floor":[78,80,80,80,70,24,27,30,30,30,30,31,28,28,52,37,73,37,37,37,21,21,46,36,36,36,34,59,53,58,20,45,36,73,70,60,64,64,53,48,19,19,19,19,44,35,35,35,60,53,77,85,85,85,51],"gold":45,"neow_bonus":"TRANSFORM_TWO_CARDS","is_prod":false,"is_daily":false,"chose_seed":false,"campfire_upgraded":0,"win_rate":0,"timestamp":1566312658,"path_taken":["M","M","M","?","?","E","M","M","T","$","?","E","?","?","R","BOSS","M","$","?","M","?","R","E","R","T","?","R","M","?","E","R","BOSS","M","?","M","$","?","E","M","?","T","$","R","?","?","?","R","BOSS","R","$","E","BOSS"],"build_version":"2019-07-17","purchased_purges":3,"victory":true,"max_hp_per_floor":[80,80,80,80,80,80,80,80,80,80,80,80,80,80,80,85,85,85,85,85,85,85,85,85,85,85,85,85,85,85,85,85,85,85,85,85,85,85,85,85,85,85,85,85,85,85,85,85,85,85,85,85,85,85,85],"card_choices":[{"not_picked":["Dual Wield","Perfected Strike","Sword Boomerang"],"picked":"SKIP","floor":1.0},{"not_picked":["Ghostly Armor","Rampage"],"picked":"Inflame","floor":2.0},{"not_picked":["Warcry","Heavy Blade"],"picked":"Battle Trance","floor":3.0},{"not_picked":["Iron Wave","Blood for Blood","Ghostly Armor"],"picked":"SKIP","floor":5.0},{"not_picked":["Iron Wave","Blood for Blood","Ghostly Armor"],"picked":"SKIP","floor":5.0},{"not_picked":["Dropkick","Body Slam"],"picked":"Flame Barrier","floor":6.0},{"not_picked":["Havoc","Shrug It Off","Power Through"],"picked":"SKIP","floor":7.0},{"not_picked":["Pommel Strike","Body Slam"],"picked":"Whirlwind","floor":8.0},{"not_picked":["Clash","Headbutt"],"picked":"Corruption","floor":12.0},{"not_picked":["Armaments","Sentinel"],"picked":"Berserk","floor":13.0},{"not_picked":["Brutality","Double Tap"],"picked":"Barricade","floor":16.0},{"not_picked":["Clothesline","Anger","Thunderclap+1"],"picked":"SKIP","floor":18.0},{"not_picked":["Iron Wave+1","Armaments","Sever Soul"],"picked":"SKIP","floor":21.0},{"not_picked":["Intimidate","Corruption"],"picked":"Uppercut+1","floor":23.0},{"not_picked":["Havoc","Sever Soul","Bloodletting"],"picked":"SKIP","floor":24.0},{"not_picked":["Metallicize+1","Flex+1"],"picked":"Entrench+1","floor":27.0},{"not_picked":["Reckless Charge","Searing Blow"],"picked":"Battle Trance+1","floor":28.0},{"not_picked":["True Grit+1","Cleave"],"picked":"Rage+1","floor":29.0},{"not_picked":["Sword Boomerang","Armaments+1","Clothesline"],"picked":"SKIP","floor":30.0},{"not_picked":["Sword Boomerang","Clothesline"],"picked":"Armaments+1","floor":30.0},{"not_picked":["Barricade","Body Slam"],"picked":"Shrug It Off+1","floor":31.0},{"not_picked":["Armaments+1","Heavy Blade"],"picked":"Warcry+1","floor":32.0},{"not_picked":["Exhume+1","Reaper"],"picked":"Limit Break+1","floor":33.0},{"not_picked":["Thunderclap+1","Warcry+1"],"picked":"Battle Trance+1","floor":35.0},{"not_picked":["Trip+1","Swift Strike"],"picked":"Master of Strategy+1","floor":36.0},{"not_picked":["Panache","Deep Breath+1"],"picked":"The Bomb+1","floor":36.0},{"not_picked":["Swift Strike","Mind Blast"],"picked":"Impatience+1","floor":36.0},{"not_picked":["Rupture","Rage+1","Pommel Strike"],"picked":"SKIP","floor":37.0},{"not_picked":["Reckless Charge","Sword Boomerang"],"picked":"Metallicize","floor":40.0},{"not_picked":["Wild Strike","Warcry+1","Clothesline"],"picked":"SKIP","floor":41.0},{"not_picked":["Shrug It Off+1","Intimidate+1"],"picked":"Second Wind+1","floor":45.0},{"not_picked":["Warcry+1","Feel No Pain+1"],"picked":"Body Slam+1","floor":46.0},{"not_picked":["Iron Wave","Sword Boomerang"],"picked":"Dual Wield+1","floor":52.0},{"not_picked":["Bloodletting+1","Fiend Fire","Heavy Blade+1"],"picked":"SKIP","floor":54.0},{"not_picked":["Bloodletting+1","Heavy Blade+1"],"picked":"Fiend Fire","floor":54.0}],"player_experience":164982,"relics_obtained":[{"floor":6.0,"key":"StoneCalendar"},{"floor":9.0,"key":"Dream Catcher"},{"floor":12.0,"key":"Mercury Hourglass"},{"floor":24.0,"key":"Bag of Marbles"},{"floor":26.0,"key":"Toxic Egg 2"},{"floor":31.0,"key":"Boot"},{"floor":40.0,"key":"MawBank"},{"floor":48.0,"key":"Bottled Lightning"},{"floor":54.0,"key":"Oddly Smooth Stone"}],"event_choices":[{"damage_healed":0.0,"max_hp_gain":0.0,"max_hp_loss":0.0,"gold_gain":0.0,"event_name":"FaceTrader","player_choice":"Trade","floor":4.0,"gold_loss":0.0,"damage_taken":0.0,"relics_obtained":["SsserpentHead"]},{"damage_healed":0.0,"max_hp_gain":0.0,"max_hp_loss":0.0,"gold_gain":0.0,"event_name":"Accursed Blacksmith","player_choice":"Rummage","floor":11.0,"gold_loss":0.0,"damage_taken":0.0,"relics_obtained":["WarpedTongs"],"cards_obtained":["Pain"]},{"damage_healed":0.0,"max_hp_gain":0.0,"max_hp_loss":0.0,"gold_gain":0.0,"event_name":"Big Fish","player_choice":"Box","floor":14.0,"gold_loss":0.0,"damage_taken":0.0,"relics_obtained":["Happy Flower"],"cards_obtained":["Regret"]},{"damage_healed":0.0,"max_hp_gain":0.0,"max_hp_loss":0.0,"gold_gain":0.0,"event_name":"Vampires","player_choice":"Ignored","floor":20.0,"gold_loss":0.0,"damage_taken":0.0},{"damage_healed":0.0,"max_hp_gain":0.0,"max_hp_loss":0.0,"gold_gain":0.0,"event_name":"Match and Keep!","player_choice":"3 cards matched","floor":22.0,"gold_loss":0.0,"damage_taken":0.0,"cards_obtained":["Exhume","Power Through","Enlightenment"]},{"damage_healed":0.0,"max_hp_gain":0.0,"max_hp_loss":0.0,"gold_gain":0.0,"event_name":"SensoryStone","player_choice":"Memory 3","floor":36.0,"gold_loss":0.0,"damage_taken":10.0},{"damage_healed":0.0,"max_hp_gain":0.0,"max_hp_loss":0.0,"gold_gain":0.0,"event_name":"Winding Halls","player_choice":"Embrace Madness","floor":39.0,"gold_loss":0.0,"damage_taken":11.0,"cards_obtained":["Madness","Madness"]},{"damage_healed":0.0,"max_hp_gain":0.0,"max_hp_loss":0.0,"gold_gain":0.0,"event_name":"Upgrade Shrine","player_choice":"Upgraded","floor":42.0,"gold_loss":0.0,"damage_taken":0.0,"cards_upgraded":["Whirlwind"]},{"cards_removed":["Bash"],"damage_healed":0.0,"max_hp_gain":0.0,"max_hp_loss":0.0,"gold_gain":0.0,"event_name":"Falling","player_choice":"Removed Attack","floor":47.0,"gold_loss":0.0,"damage_taken":0.0}],"is_beta":false,"boss_relics":[{"not_picked":["Ectoplasm","Black Star"],"picked":"Sozu"},{"not_picked":["Runic Dome","Cursed Key"],"picked":"Lizard Tail"}],"items_purged_floors":[19,38,44],"is_endless":false,"potions_floor_spawned":[1,6,7,16,18,24,30,33,40,41,46],"ascension_level":5}