{"gold_per_floor":[119,137,151,166,46,46,71,71,71,71,43,16,48,63,63,165,165,178,14,14,14,14,14,14,31,55,87,0,11,25,41,41,142,142,155,155,166,21,41,41,69,69,69,88,88,100,100,110,110,110],"floor_reached":51,"playtime":8248,"items_purged":[],"score":682,"play_id":"8415f19c-7c76-4d60-bdfd-704a5d12ada7","local_time":"20180729224150","is_ascension_mode":false,"campfire_choices":[{"floor":6,"key":"REST"},{"floor":8,"key":"REST"},{"data":"Stack","floor":10,"key":"SMITH"},{"data":"Doom and Gloom","floor":15,"key":"SMITH"},{"data":"Go for the Eyes","floor":23,"key":"SMITH"},{"data":"Redo","floor":32,"key":"SMITH"},{"data":"Coolheaded","floor":40,"key":"SMITH"},{"floor":42,"key":"REST"},{"data":"Compile Driver","floor":49,"key":"SMITH"}],"neow_cost":"","seed_source_timestamp":33997378431705,"circlet_count":0,"master_deck":["Strike_B+1","Strike_B+1","Strike_B+1","Defend_B+1","Defend_B+1","Defend_B+1","Defend_B+1","Zap+1","Dualcast","Coolheaded+1","Conserve Battery","Loop","Self Repair","Stack+1","Steam","Go for the Eyes+1","Gash","Hologram+1","Steam","Doom and Gloom+1","Electrodynamics","Conserve Battery","Compile Driver+1","Mind Blast","Redo+1","Gash","White Noise+1","Force Field+1","Melter","Go for the Eyes","Conserve Battery+1","Scrape+1","Capacitor","Machine Learning","Compile Driver","Gash","Skim+1","FTL","Cold Snap+1","Hello World+1","Barrage+1","Hologram+1","Jack Of All Trades+1","Leap+1","Self Repair+1"],"relics":["Cracked Core","Regal Pillow","Mercury Hourglass","Matryoshka","Nuclear Battery","War Paint","Gremlin Horn","Anchor","Boot","Toxic Egg 2","Busted Crown","Bottled Tornado","Darkstone Periapt"],"potions_floor_usage":[16,16,33,33,41,50,50,50],"damage_taken":[{"damage":1,"enemies":"Cultist","floor":1,"turns":4},{"damage":5,"enemies":"2 Louse","floor":2,"turns":2},{"damage":0,"enemies":"Jaw Worm","floor":3,"turns":3},{"damage":21,"enemies":"Exordium Thugs","floor":4,"turns":11},{"damage":51,"enemies":"Gremlin Nob","floor":7,"turns":6},{"damage":12,"enemies":"3 Sentries","floor":13,"turns":6},{"damage":0,"enemies":"Large Slime","floor":14,"turns":6},{"damage":27,"enemies":"Slime Boss","floor":16,"turns":13},{"damage":5,"enemies":"Shell Parasite","floor":18,"turns":6},{"damage":1,"enemies":"Chosen","floor":25,"turns":4},{"damage":4,"enemies":"Slavers","floor":27,"turns":5},{"damage":2,"enemies":"Snake Plant","floor":29,"turns":3},{"damage":8,"enemies":"Cultist and Chosen","floor":30,"turns":5},{"damage":1,"enemies":"Snecko","floor":31,"turns":4},{"damage":4,"enemies":"Champ","floor":33,"turns":10},{"damage":0,"enemies":"Orb Walker","floor":35,"turns":3},{"damage":6,"enemies":"3 Darklings","floor":37,"turns":3},{"damage":5,"enemies":"Flame Bruiser 2 Orb","floor":39,"turns":4},{"damage":38,"enemies":"Giant Head","floor":41,"turns":10},{"damage":8,"enemies":"Maw","floor":44,"turns":8},{"damage":22,"enemies":"Spire Growth","floor":46,"turns":4},{"damage":9,"enemies":"4 Shapes","floor":48,"turns":2},{"damage":50,"enemies":"Awakened One","floor":50,"turns":12}],"seed_played":"8537527413868038130","potions_obtained":[{"floor":1,"key":"GamblersBrew"},{"floor":7,"key":"Dexterity Potion"},{"floor":14,"key":"Swift Potion"},{"floor":16,"key":"LiquidBronze"},{"floor":18,"key":"FearPotion"},{"floor":30,"key":"EssenceOfSteel"},{"floor":33,"key":"FocusPotion"},{"floor":37,"key":"Energy Potion"},{"floor":39,"key":"Block Potion"},{"floor":44,"key":"Dexterity Potion"},{"floor":48,"key":"Regen Potion"}],"is_trial":false,"path_per_floor":["M","M","M","M","$","R","E","R","T","R","?","$","E","M","R","B",null,"M","$","?","T","?","R","$","M","T","E","$","M","M","M","R","B",null,"M","?","M","$","M","R","E","R","T","M","?","M","?","M","R","B"],"character_chosen":"DEFECT","items_purchased":["Stack","Steam","Go for the Eyes","Hologram","Compile Driver","Mind Blast","Redo","Melter","Go for the Eyes","Skim+1","FTL"],"campfire_rested":3,"item_purchase_floors":[5,5,5,12,19,19,19,28,28,38,38],"current_hp_per_floor":[74,69,69,48,48,70,26,63,63,63,63,63,58,65,65,45,75,75,75,75,75,75,75,75,75,75,75,75,75,74,73,73,75,75,75,75,75,75,75,75,44,75,75,74,74,52,52,50,50,26],"gold":110,"neow_bonus":"","is_prod":false,"is_daily":false,"chose_seed":false,"campfire_upgraded":6,"win_rate":0.0,"timestamp":1532896910,"path_taken":["M","?","M","M","$","R","E","R","T","R","?","?","E","M","R","BOSS","M","$","?","?","?","R","$","?","T","E","?","M","M","M","R","BOSS","M","?","?","$","M","R","E","R","T","M","?","M","?","M","R","BOSS"],"build_version":"2018-07-26","purchased_purges":0,"victory":true,"max_hp_per_floor":[75,75,75,75,75,75,75,75,75,75,75,75,75,75,75,75,75,75,75,75,75,75,75,75,75,75,75,75,75,75,75,75,75,75,75,75,75,75,75,75,75,75,75,75,75,75,75,75,75,75],"card_choices":[{"not_picked":["Blizzard","Hologram"],"picked":"Coolheaded","floor":1},{"not_picked":["Coolheaded","Heatsinks"],"picked":"Conserve Battery","floor":2},{"not_picked":["Sweeping Beam","Streamline"],"picked":"Loop","floor":3},{"not_picked":["Barrage","Leap"],"picked":"Self Repair","floor":4},{"not_picked":["Conserve Battery","Auto Shields"],"picked":"Gash","floor":7},{"not_picked":["Fusion","Double Energy"],"picked":"Steam","floor":13},{"not_picked":["Barrage","Streamline"],"picked":"Doom and Gloom","floor":14},{"not_picked":["Creative AI","Amplify"],"picked":"Electrodynamics","floor":16},{"not_picked":["Rip and Tear","Skim"],"picked":"Conserve Battery","floor":18},{"not_picked":["Compile Driver","Fusion"],"picked":"White Noise+1","floor":25},{"not_picked":["Stack","Steam"],"picked":"Force Field","floor":27},{"not_picked":["Go for the Eyes+1","Leap+1"],"picked":"Conserve Battery+1","floor":29},{"not_picked":["Conserve Battery+1","Stack+1"],"picked":"Scrape+1","floor":30},{"not_picked":["Barrage","Tempest+1"],"picked":"Capacitor","floor":31},{"not_picked":["Seek+1","Fission+1"],"picked":"Machine Learning","floor":33},{"not_picked":[],"picked":"Compile Driver","floor":35},{"not_picked":[],"picked":"Gash","floor":37},{"not_picked":[],"picked":"Cold Snap+1","floor":39},{"not_picked":[],"picked":"Hello World+1","floor":41},{"not_picked":[],"picked":"Barrage+1","floor":44},{"not_picked":[],"picked":"Leap+1","floor":46},{"not_picked":[],"picked":"Self Repair+1","floor":48}],"player_experience":7915,"relics_obtained":[{"floor":7,"key":"Regal Pillow"},{"floor":9,"key":"Mercury Hourglass"},{"floor":13,"key":"Matryoshka"},{"floor":21,"key":"War Paint"},{"floor":21,"key":"Gremlin Horn"},{"floor":26,"key":"Anchor"},{"floor":26,"key":"Boot"},{"floor":27,"key":"Toxic Egg 2"},{"floor":41,"key":"Bottled Tornado"},{"floor":43,"key":"Darkstone Periapt"}],"event_choices":[{"event_name":"World of Goop","player_choice":"Left","floor":11,"damage_taken":0},{"event_name":"The Library","player_choice":"Read","floor":20,"damage_taken":0},{"event_name":"Back to Basics","player_choice":"Simplicity","floor":22,"damage_taken":0},{"event_name":"Falling","player_choice":"Removed Attack","floor":36,"damage_taken":0},{"event_name":"Match and Keep!","player_choice":"2 cards matched","floor":45,"damage_taken":0},{"event_name":"Accursed Blacksmith","player_choice":"Forge","floor":47,"damage_taken":0}],"is_beta":false,"boss_relics":[{"not_picked":["Lizard Tail","Snecko Eye"],"picked":"Nuclear Battery"},{"not_picked":["Runic Pyramid","Eternal Feather"],"picked":"Busted Crown"}],"items_purged_floors":[],"is_endless":false,"potions_floor_spawned":[1,7,14,16,18,30,33,37,39,44,48],"ascension_level":0}