{"gold_per_floor":[118,4,14,14,14,47,47,87,87,87,125,140,140,33,33,126,126,147,185,185,205,255,255,255,255,280,12,12],"floor_reached":28,"playtime":1274,"items_purged":["Regret","Strike_R"],"score":510,"play_id":"d6b176bc-c346-410a-8132-6729d0fbacaa","local_time":"20190731030630","is_ascension_mode":true,"campfire_choices":[{"data":"Metallicize","floor":10.0,"key":"SMITH"},{"data":"Hemokinesis","floor":15.0,"key":"SMITH"},{"data":"Shockwave","floor":25,"key":"SMITH"}],"neow_cost":"NONE","seed_source_timestamp":1819851839052317,"circlet_count":0,"master_deck":["AscendersBane","Strike_R","Strike_R","Defend_R","Defend_R","Defend_R","Defend_R","Bash","Disarm","Hemokinesis+1","Armaments+1","Whirlwind","Metallicize+1","Anger","Immolate","True Grit","Impervious","Shockwave+1","Burning Pact","Metallicize+1"],"special_seed":0,"relics":["Burning Blood","NeowsBlessing","Peace Pipe","Bloody Idol","Smiling Mask","Darkstone Periapt","Orichalcum","Letter Opener","Empty Cage","Red Mask","Dream Catcher","Lantern"],"potions_floor_usage":[16,16,19],"damage_taken":[{"damage":0.0,"enemies":"2 Louse","floor":1.0,"turns":1.0},{"damage":3.0,"enemies":"Small Slimes","floor":3.0,"turns":1.0},{"damage":0.0,"enemies":"Lagavulin","floor":6.0,"turns":1.0},{"damage":33.0,"enemies":"Gremlin Nob","floor":8.0,"turns":4.0},{"damage":36.0,"enemies":"3 Sentries","floor":11.0,"turns":11.0},{"damage":7.0,"enemies":"Jaw Worm","floor":12.0,"turns":4.0},{"damage":21,"enemies":"Hexaghost","floor":16,"turns":10},{"damage":18,"enemies":"Chosen","floor":18,"turns":7},{"damage":50,"enemies":"Masked Bandits","floor":19,"turns":6},{"damage":8,"enemies":"Shell Parasite","floor":21,"turns":6},{"damage":38,"enemies":"Slavers","floor":28,"turns":4}],"seed_played":"6974027054677576664","potions_obtained":[{"floor":3.0,"key":"Explosive Potion"},{"floor":12.0,"key":"Regen Potion"},{"floor":18,"key":"Regen Potion"}],"is_trial":false,"path_per_floor":["M","$","M","?","$","E","?","E","T","R","E","M","?","$","R","B",null,"M","?","?","M","?","?","?","R","T","$","E"],"character_chosen":"IRONCLAD","items_purchased":["Hemokinesis","Armaments","FearPotion","Lantern","SteroidPotion"],"campfire_rested":0,"item_purchase_floors":[2,2,14,27,27],"current_hp_per_floor":[74,74,75,75,75,75,68,41,41,41,11,10,16,16,16,16,60,48,19,19,17,17,32,32,32,37,37,0],"gold":12,"neow_bonus":"THREE_ENEMY_KILL","is_prod":false,"is_daily":false,"chose_seed":false,"campfire_upgraded":3,"win_rate":0,"timestamp":1564535190,"path_taken":["M","$","M","?","$","E","?","E","T","R","E","M","?","$","R","BOSS","M","?","?","?","?","?","?","R","T","?","E"],"build_version":"2019-07-17","purchased_purges":2,"victory":false,"max_hp_per_floor":[75,75,75,75,75,75,68,68,68,68,68,68,74,74,74,74,74,74,74,74,74,74,74,74,74,74,74,74],"card_choices":[{"not_picked":["Armaments","Ghostly Armor"],"picked":"Disarm","floor":1.0},{"not_picked":["Armaments","Blood for Blood"],"picked":"Whirlwind","floor":3.0},{"not_picked":["Sentinel","Warcry"],"picked":"Metallicize","floor":6.0},{"not_picked":["Flex","Fiend Fire"],"picked":"Anger","floor":8.0},{"not_picked":["Thunderclap","Reckless Charge"],"picked":"Immolate","floor":11.0},{"not_picked":["Perfected Strike","Corruption"],"picked":"True Grit","floor":12.0},{"not_picked":["Fiend Fire","Bludgeon"],"picked":"Impervious","floor":16},{"not_picked":["Second Wind","Perfected Strike"],"picked":"Shockwave","floor":18},{"not_picked":["Iron Wave","Wild Strike"],"picked":"Burning Pact","floor":19},{"not_picked":["Wild Strike","Body Slam+1","Flex"],"picked":"SKIP","floor":21}],"player_experience":1424154,"relics_obtained":[{"floor":6.0,"key":"Peace Pipe"},{"floor":8.0,"key":"Smiling Mask"},{"floor":9.0,"key":"Darkstone Periapt"},{"floor":11.0,"key":"Orichalcum"},{"floor":19,"key":"Red Mask"},{"floor":26,"key":"Dream Catcher"}],"event_choices":[{"damage_healed":0.0,"max_hp_gain":0.0,"max_hp_loss":0.0,"gold_gain":0.0,"event_name":"Living Wall","player_choice":"Grow","floor":4.0,"gold_loss":0.0,"damage_taken":0.0,"cards_upgraded":["Armaments"]},{"damage_healed":0.0,"max_hp_gain":0.0,"max_hp_loss":7.0,"gold_gain":0.0,"event_name":"Golden Idol","player_choice":"Lose Max HP","floor":7.0,"gold_loss":0.0,"damage_taken":0.0,"relics_obtained":["Golden Idol"]},{"damage_healed":0.0,"max_hp_gain":0.0,"max_hp_loss":0.0,"gold_gain":0.0,"event_name":"Big Fish","player_choice":"Box","floor":13.0,"gold_loss":0.0,"damage_taken":0.0,"relics_obtained":["Letter Opener"],"cards_obtained":["Regret"]},{"damage_healed":0,"gold_gain":0,"player_choice":"Fought Bandits","damage_taken":0,"max_hp_gain":0,"max_hp_loss":0,"event_name":"Masked Bandits","floor":19,"gold_loss":0},{"damage_healed":0,"gold_gain":0,"player_choice":"Copied","damage_taken":0,"max_hp_gain":0,"max_hp_loss":0,"event_name":"Duplicator","floor":20,"gold_loss":0,"cards_obtained":["Metallicize"]},{"damage_healed":0,"gold_gain":50,"player_choice":"Stole From Cult","damage_taken":0,"max_hp_gain":0,"max_hp_loss":0,"event_name":"Nest","floor":22,"gold_loss":0},{"damage_healed":15,"gold_gain":0,"player_choice":"Heal","damage_taken":0,"max_hp_gain":0,"max_hp_loss":0,"event_name":"The Library","floor":23,"gold_loss":0},{"damage_healed":0,"gold_gain":0,"player_choice":"Gave Idol","damage_taken":0,"relics_obtained":["Bloody Idol"],"max_hp_gain":0,"max_hp_loss":0,"event_name":"Forgotten Altar","floor":24,"relics_lost":["Golden Idol"],"gold_loss":0}],"is_beta":false,"boss_relics":[{"not_picked":["Lizard Tail","Mark of Pain"],"picked":"Empty Cage"}],"items_purged_floors":[14,27],"is_endless":false,"potions_floor_spawned":[3,12,18],"killed_by":"Slavers","ascension_level":20}