{"gold_per_floor":[119,136,147,222,233,265,265,281,329,329,362,374,344,356,356,431,431,445,463,463,481,492,507,539,359,384,384,384,384],"floor_reached":29,"playtime":2320,"items_purged":[],"score":543,"play_id":"21026473-d7c7-427b-ad7e-2274395a3681","local_time":"20190813135549","is_ascension_mode":true,"campfire_choices":[{"data":"Spot Weakness","floor":7,"key":"SMITH"},{"floor":10,"key":"REST"},{"floor":15,"key":"REST"},{"data":"Armaments","floor":27,"key":"SMITH"}],"neow_cost":"NONE","seed_source_timestamp":754085468701600,"circlet_count":0,"master_deck":["AscendersBane","Defend_R","Defend_R","Defend_R","Defend_R","Bash+1","Shrug It Off","Twin Strike","Carnage","Thunderclap","Spot Weakness+1","Shrug It Off","Sword Boomerang","Cleave+1","Battle Trance","Limit Break","Armaments+1","Bite","Bite","Bite","Bite","Bite","Heavy Blade","True Grit","True Grit","Iron Wave","Flex"],"relics":["Burning Blood","Mango","Boot","Bottled Lightning","Runic Pyramid","MawBank","Whetstone","Regal Pillow"],"potions_floor_usage":[6,6,11,14,16,16,19,22],"damage_taken":[{"damage":5,"enemies":"2 Louse","floor":1,"turns":4},{"damage":6,"enemies":"Cultist","floor":2,"turns":4},{"damage":12,"enemies":"Small Slimes","floor":3,"turns":4},{"damage":7,"enemies":"2 Fungi Beasts","floor":5,"turns":5},{"damage":37,"enemies":"3 Sentries","floor":6,"turns":11},{"damage":13,"enemies":"Blue Slaver","floor":8,"turns":2},{"damage":46,"enemies":"Gremlin Nob","floor":11,"turns":5},{"damage":7,"enemies":"Exordium Wildlife","floor":12,"turns":6},{"damage":8,"enemies":"Large Slime","floor":14,"turns":3},{"damage":46,"enemies":"Slime Boss","floor":16,"turns":8},{"damage":8,"enemies":"Chosen","floor":18,"turns":5},{"damage":27,"enemies":"Spheric Guardian","floor":19,"turns":5},{"damage":17,"enemies":"Centurion and Healer","floor":21,"turns":14},{"damage":18,"enemies":"3 Cultists","floor":22,"turns":5},{"damage":13,"enemies":"Chosen and Byrds","floor":23,"turns":5},{"damage":30,"enemies":"Gremlin Leader","floor":24,"turns":6},{"damage":40,"enemies":"Book of Stabbing","floor":29,"turns":4}],"seed_played":"-3374496785506640493","potions_obtained":[{"floor":0,"key":"Block Potion"},{"floor":0,"key":"Block Potion"},{"floor":6,"key":"PowerPotion"},{"floor":12,"key":"Weak Potion"},{"floor":13,"key":"Poison Potion"},{"floor":14,"key":"BloodPotion"},{"floor":18,"key":"Swift Potion"},{"floor":21,"key":"Energy Potion"},{"floor":23,"key":"Ancient Potion"}],"is_trial":false,"path_per_floor":["M","M","M","?","M","E","R","M","T","R","E","M","?","M","R","B",null,"M","M","?","M","M","M","E","$","T","R","?","E"],"character_chosen":"IRONCLAD","items_purchased":["Whetstone","Flex"],"campfire_rested":2,"item_purchase_floors":[25,25],"current_hp_per_floor":[69,69,63,52,51,34,34,27,27,53,13,12,12,10,36,18,71,69,48,48,62,59,62,48,48,48,48,31,0],"gold":384,"neow_bonus":"THREE_SMALL_POTIONS","is_prod":false,"is_daily":false,"chose_seed":false,"campfire_upgraded":2,"win_rate":0,"timestamp":1565697349,"path_taken":["M","M","M","?","M","E","R","M","T","R","E","M","?","?","R","BOSS","M","?","?","M","M","M","E","$","T","R","?","E"],"build_version":"2019-07-17","purchased_purges":0,"victory":false,"max_hp_per_floor":[75,75,75,75,75,89,89,89,89,89,89,89,89,89,89,89,89,89,89,62,62,62,62,62,62,62,62,67,67],"card_choices":[{"not_picked":["Searing Blow","Havoc"],"picked":"Shrug It Off","floor":1},{"not_picked":["Fire Breathing","Heavy Blade"],"picked":"Twin Strike","floor":2},{"not_picked":["Shockwave","Seeing Red"],"picked":"Carnage","floor":3},{"not_picked":["Shrug It Off","Body Slam"],"picked":"Thunderclap","floor":5},{"not_picked":["Rage","Intimidate"],"picked":"Spot Weakness","floor":6},{"not_picked":["Clothesline","Sword Boomerang"],"picked":"Shrug It Off","floor":8},{"not_picked":["Combust","Twin Strike"],"picked":"Sword Boomerang","floor":11},{"not_picked":["Blood for Blood","Body Slam"],"picked":"Cleave","floor":12},{"not_picked":["Reckless Charge","Burning Pact"],"picked":"Battle Trance","floor":14},{"not_picked":["Berserk","Bludgeon"],"picked":"Limit Break","floor":16},{"not_picked":["Flex","Body Slam"],"picked":"Armaments","floor":18},{"not_picked":["Twin Strike","Headbutt","Fire Breathing"],"picked":"SKIP","floor":19},{"not_picked":["Warcry","Intimidate"],"picked":"Heavy Blade","floor":21},{"not_picked":["Headbutt","Anger"],"picked":"True Grit","floor":22},{"not_picked":["Wild Strike","Berserk"],"picked":"True Grit","floor":23},{"not_picked":["Immolate","Carnage+1"],"picked":"Iron Wave","floor":24}],"player_experience":1487990,"relics_obtained":[{"floor":6,"key":"Mango"},{"floor":9,"key":"Boot"},{"floor":11,"key":"Bottled Lightning"},{"floor":24,"key":"MawBank"},{"floor":26,"key":"Regal Pillow"}],"event_choices":[{"damage_healed":0,"gold_gain":75,"player_choice":"Gather Gold","damage_taken":11,"max_hp_gain":0,"max_hp_loss":0,"event_name":"World of Goop","floor":4,"gold_loss":0},{"damage_healed":0,"gold_gain":0,"player_choice":"Bought 2 Potions","damage_taken":0,"max_hp_gain":0,"max_hp_loss":0,"event_name":"The Woman in Blue","floor":13,"gold_loss":0},{"damage_healed":0,"gold_gain":0,"player_choice":"Became a vampire","damage_taken":0,"max_hp_gain":0,"max_hp_loss":27,"event_name":"Vampires","floor":20,"gold_loss":0,"cards_obtained":["Bite","Bite","Bite","Bite","Bite"]},{"damage_healed":0,"gold_gain":0,"player_choice":"Shed Blood","damage_taken":22,"max_hp_gain":5,"max_hp_loss":0,"event_name":"Forgotten Altar","floor":28,"gold_loss":0}],"is_beta":false,"boss_relics":[{"not_picked":["Mark of Pain","Snecko Eye"],"picked":"Runic Pyramid"}],"items_purged_floors":[],"is_endless":false,"potions_floor_spawned":[5,6,12,14,18,21,23],"killed_by":"Book of Stabbing","ascension_level":20}