{"gold_per_floor":[114,41,57,17,17,17,52,64,90,90,122,140,140,156,156,252,252,272,187,187,205,29,29,46,75,100,126,58,58],"floor_reached":29,"playtime":1547,"items_purged":[],"score":389,"play_id":"8298b1d6-75fe-438d-b304-8b5fb873f034","local_time":"20190725121059","is_ascension_mode":true,"campfire_choices":[{"data":"Die Die Die","floor":6.0,"key":"SMITH"},{"data":"Footwork","floor":10.0,"key":"SMITH"},{"data":"Noxious Fumes","floor":13.0,"key":"SMITH"},{"data":"Envenom","floor":15.0,"key":"SMITH"},{"data":"Outmaneuver","floor":23.0,"key":"SMITH"}],"neow_cost":"TEN_PERCENT_HP_LOSS","seed_source_timestamp":99002429121174,"circlet_count":0,"master_deck":["AscendersBane","Strike_G","Strike_G","Strike_G","Strike_G","Strike_G","Defend_G+1","Defend_G","Defend_G","Defend_G","Defend_G","Survivor","Neutralize","Die Die Die+1","Sucker Punch","Noxious Fumes+1","Deflect+1","Footwork+1","PiercingWail","Predator","PiercingWail","Deadly Poison","Envenom+1","Tools of the Trade","Outmaneuver+1","Deflect+1","Footwork","Underhanded Strike","Leg Sweep","Concentrate","Dagger Spray+1","Reflex"],"special_seed":0,"relics":["Ring of the Snake","Pen Nib","Mercury Hourglass","Anchor","War Paint","HoveringKite","Dodecahedron","Dream Catcher","Bag of Marbles","PreservedInsect"],"potions_floor_usage":[],"damage_taken":[{"damage":3.0,"enemies":"2 Louse","floor":1.0,"turns":2.0},{"damage":0.0,"enemies":"Cultist","floor":3.0,"turns":3.0},{"damage":12.0,"enemies":"3 Sentries","floor":7.0,"turns":7.0},{"damage":1.0,"enemies":"Jaw Worm","floor":8.0,"turns":3.0},{"damage":7.0,"enemies":"Lagavulin","floor":11.0,"turns":8.0},{"damage":4.0,"enemies":"Blue Slaver","floor":12.0,"turns":4.0},{"damage":0.0,"enemies":"Red Slaver","floor":14.0,"turns":2.0},{"damage":32.0,"enemies":"Slime Boss","floor":16.0,"turns":9.0},{"damage":11.0,"enemies":"3 Byrds","floor":18.0,"turns":5.0},{"damage":13.0,"enemies":"Spheric Guardian","floor":21.0,"turns":6.0},{"damage":4.0,"enemies":"Shelled Parasite and Fungi","floor":24.0,"turns":8.0},{"damage":3.0,"enemies":"Gremlin Leader","floor":25.0,"turns":6.0},{"damage":24,"enemies":"Snake Plant","floor":29,"turns":2}],"seed_played":"4984450538241595666","potions_obtained":[{"floor":1.0,"key":"SteroidPotion"},{"floor":11.0,"key":"Swift Potion"},{"floor":18.0,"key":"GhostInAJar"},{"floor":24.0,"key":"PowerPotion"}],"is_trial":false,"path_per_floor":["M","$","M","$","?","R","E","M","T","R","E","M","R","M","R","B",null,"M","?","?","M","$","R","M","E","T","T","$","M"],"character_chosen":"THE_SILENT","items_purchased":["Noxious Fumes","Footwork","Footwork","Underhanded Strike","Leg Sweep","Reflex"],"campfire_rested":0,"item_purchase_floors":[2,4,22,22,22,28],"current_hp_per_floor":[60,60,60,60,60,60,48,47,47,47,40,36,36,36,36,4,48,37,37,37,24,24,24,20,17,17,17,17,0],"gold":58,"neow_bonus":"THREE_RARE_CARDS","is_prod":false,"is_daily":false,"chose_seed":false,"campfire_upgraded":5,"win_rate":0,"timestamp":1564081859,"path_taken":["M","$","M","$","?","R","E","?","T","R","E","M","R","M","R","BOSS","M","?","?","M","$","R","M","E","T","?","$","M"],"build_version":"2019-07-17","purchased_purges":0,"victory":false,"max_hp_per_floor":[63,63,63,63,63,63,63,63,63,63,63,63,63,63,63,63,63,63,63,63,63,63,63,63,63,63,63,63,63],"card_choices":[{"not_picked":["Burst","Wraith Form v2"],"picked":"Die Die Die","floor":0.0},{"not_picked":["Accuracy","Catalyst"],"picked":"Sucker Punch","floor":1.0},{"not_picked":["Backflip","Dodge and Roll"],"picked":"Deflect","floor":3.0},{"not_picked":["Flying Knee","Acrobatics"],"picked":"PiercingWail","floor":7.0},{"not_picked":["Deadly Poison","Dagger Spray"],"picked":"Predator","floor":8.0},{"not_picked":["Flechettes","Reflex"],"picked":"PiercingWail","floor":11.0},{"not_picked":["PiercingWail","Blade Dance"],"picked":"Deadly Poison","floor":12.0},{"not_picked":["All Out Attack","Poisoned Stab"],"picked":"Envenom","floor":14.0},{"not_picked":["Storm of Steel","Venomology"],"picked":"Tools of the Trade","floor":16.0},{"not_picked":["Flying Knee","Deflect"],"picked":"Outmaneuver","floor":18.0},{"not_picked":["Deadly Poison","Escape Plan"],"picked":"Deflect+1","floor":21.0},{"not_picked":["Flying Knee","Noxious Fumes"],"picked":"Concentrate","floor":24.0},{"not_picked":["Masterful Stab","PiercingWail+1"],"picked":"Dagger Spray+1","floor":25.0}],"player_experience":482432,"relics_obtained":[{"floor":7.0,"key":"Mercury Hourglass"},{"floor":9.0,"key":"Anchor"},{"floor":11.0,"key":"War Paint"},{"floor":25.0,"key":"Dream Catcher"},{"floor":26.0,"key":"Bag of Marbles"},{"floor":27.0,"key":"PreservedInsect"}],"event_choices":[{"damage_healed":0.0,"max_hp_gain":0.0,"max_hp_loss":0.0,"gold_gain":0.0,"event_name":"WeMeetAgain","player_choice":"Gave Potion","floor":5.0,"gold_loss":0.0,"damage_taken":0.0,"relics_obtained":["Pen Nib"]},{"damage_healed":0.0,"max_hp_gain":0.0,"max_hp_loss":0.0,"gold_gain":0.0,"event_name":"Addict","player_choice":"Obtained Relic","floor":19.0,"gold_loss":85.0,"damage_taken":0.0,"relics_obtained":["Dodecahedron"]},{"damage_healed":0.0,"max_hp_gain":0.0,"max_hp_loss":0.0,"gold_gain":0.0,"event_name":"Ghosts","player_choice":"Ignored","floor":20.0,"gold_loss":0.0,"damage_taken":0.0}],"is_beta":false,"boss_relics":[{"not_picked":["Pandora\u0027s Box","Ring of the Serpent"],"picked":"HoveringKite"}],"items_purged_floors":[],"is_endless":false,"potions_floor_spawned":[1,11,18,24],"killed_by":"Snake Plant","ascension_level":11}