{"gold_per_floor":[109,259,259,272,86,111,111,144,170,170],"floor_reached":10,"playtime":580,"items_purged":["Doubt"],"score":148,"play_id":"47796049-074c-4a34-a16c-d215c5c3fc05","local_time":"20190813120119","is_ascension_mode":true,"campfire_choices":[{"floor":7.0,"key":"REST"}],"neow_cost":"NONE","seed_source_timestamp":1741019049985786,"circlet_count":0,"master_deck":["AscendersBane","Strike_G+1","Strike_G","Strike_G","Strike_G","Strike_G","Defend_G+1","Defend_G","Defend_G","Defend_G","Defend_G","Survivor","Neutralize","Dodge and Roll","Flechettes","Sucker Punch","Footwork","Deadly Poison","Terror","Footwork"],"special_seed":0,"relics":["Ring of the Snake","Oddly Smooth Stone","Bottled Lightning","Bronze Scales"],"potions_floor_usage":[],"damage_taken":[{"damage":0.0,"enemies":"Jaw Worm","floor":1.0,"turns":6.0},{"damage":4.0,"enemies":"Small Slimes","floor":4.0,"turns":5.0},{"damage":21.0,"enemies":"3 Sentries","floor":6.0,"turns":12.0},{"damage":24.0,"enemies":"Lagavulin","floor":8.0,"turns":8.0},{"damage":10,"enemies":"3 Sentries","floor":10,"turns":2}],"seed_played":"7856451893091447450","potions_obtained":[{"floor":1.0,"key":"Weak Potion"}],"is_trial":false,"path_per_floor":["M","?","?","M","$","E","R","E","T","E"],"character_chosen":"THE_SILENT","items_purchased":["Footwork","Deadly Poison"],"campfire_rested":1,"item_purchase_floors":[5,5],"current_hp_per_floor":[59,59,39,35,35,14,33,9,9,0],"gold":170,"neow_bonus":"THREE_CARDS","is_prod":false,"is_daily":false,"chose_seed":false,"campfire_upgraded":0,"win_rate":0,"timestamp":1565722879,"path_taken":["M","?","?","M","$","E","R","E","T","E"],"build_version":"2019-07-17","purchased_purges":1,"victory":false,"max_hp_per_floor":[66,66,66,66,66,66,66,66,66,66],"card_choices":[{"not_picked":["Bane","Quick Slash"],"picked":"Dodge and Roll","floor":0.0},{"not_picked":["Finisher","Cloak And Dagger"],"picked":"Flechettes","floor":1.0},{"not_picked":["Quick Slash","Poisoned Stab"],"picked":"Sucker Punch","floor":4.0},{"not_picked":["Poisoned Stab","Eviscerate"],"picked":"Terror","floor":6.0},{"not_picked":["Escape Plan","Quick Slash"],"picked":"Footwork","floor":8}],"player_experience":706183,"relics_obtained":[{"floor":6.0,"key":"Oddly Smooth Stone"},{"floor":8,"key":"Bottled Lightning"},{"floor":9,"key":"Bronze Scales"}],"event_choices":[{"damage_healed":0.0,"max_hp_gain":0.0,"max_hp_loss":0.0,"gold_gain":150.0,"event_name":"Liars Game","player_choice":"AGREE","floor":2.0,"gold_loss":0.0,"damage_taken":0.0,"cards_obtained":["Doubt"]},{"damage_healed":0.0,"max_hp_gain":0.0,"max_hp_loss":0.0,"gold_gain":0.0,"event_name":"Shining Light","player_choice":"Entered Light","floor":3.0,"gold_loss":0.0,"damage_taken":20.0,"cards_upgraded":["Strike_G","Defend_G"]}],"is_beta":false,"boss_relics":[],"items_purged_floors":[5],"is_endless":false,"potions_floor_spawned":[1],"killed_by":"3 Sentries","ascension_level":20}