{"gold_per_floor":[118,136,136,146,20,46,46,62,113,113,126,146,160,189,201,213],"floor_reached":16,"playtime":987,"items_purged":[],"score":228,"play_id":"5c4e1a53-5f1b-486f-af35-2edfb8266def","local_time":"20190819123055","is_ascension_mode":true,"campfire_choices":[{"floor":10,"key":"REST"},{"data":"Well Laid Plans","floor":15,"key":"SMITH"}],"neow_cost":"NONE","seed_source_timestamp":66764386609600,"circlet_count":0,"master_deck":["AscendersBane","Strike_G","Strike_G","Strike_G","Defend_G","Defend_G","Defend_G","Defend_G","Defend_G","Survivor","Neutralize","Underhanded Strike","Quick Slash","Predator","Prepared","Infinite Blades","Choke","Skewer","Dash","Well Laid Plans+1","Reflex","Dodge and Roll","Backflip"],"relics":["Ring of the Snake","NeowsBlessing","Ninja Scroll","Bag of Preparation","MawBank"],"potions_floor_usage":[6,14,14],"damage_taken":[{"damage":0,"enemies":"Cultist","floor":1,"turns":1},{"damage":0,"enemies":"Small Slimes","floor":2,"turns":1},{"damage":0,"enemies":"2 Louse","floor":4,"turns":1},{"damage":27,"enemies":"Lagavulin","floor":6,"turns":6},{"damage":0,"enemies":"Large Slime","floor":8,"turns":4},{"damage":7,"enemies":"Looter","floor":11,"turns":3},{"damage":0,"enemies":"3 Louse","floor":12,"turns":2},{"damage":10,"enemies":"Gremlin Gang","floor":13,"turns":3},{"damage":15,"enemies":"Gremlin Nob","floor":14,"turns":4},{"damage":36,"enemies":"Hexaghost","floor":16,"turns":11}],"seed_played":"970133971978381559","potions_obtained":[{"floor":2,"key":"Poison Potion"},{"floor":11,"key":"Regen Potion"},{"floor":12,"key":"SkillPotion"},{"floor":13,"key":"Ancient Potion"}],"is_trial":false,"path_per_floor":["M","M","?","M","$","E","?","M","T","R","M","M","M","E","R","B"],"character_chosen":"THE_SILENT","items_purchased":["Prepared","Infinite Blades"],"campfire_rested":1,"item_purchase_floors":[5,5],"current_hp_per_floor":[59,59,59,59,59,32,32,32,32,51,44,44,34,31,31,0],"gold":213,"neow_bonus":"THREE_ENEMY_KILL","is_prod":false,"is_daily":false,"chose_seed":false,"campfire_upgraded":1,"win_rate":0,"timestamp":1566210655,"path_taken":["M","M","?","?","?","E","?","M","T","R","M","M","M","E","R","BOSS"],"build_version":"2019-07-17","purchased_purges":0,"victory":false,"max_hp_per_floor":[66,66,66,66,66,66,66,66,66,66,66,66,66,66,66,66],"card_choices":[{"not_picked":["Leg Sweep","Tactician"],"picked":"Underhanded Strike","floor":1},{"not_picked":["PiercingWail","Distraction"],"picked":"Quick Slash","floor":2},{"not_picked":["Outmaneuver","Tactician"],"picked":"Predator","floor":4},{"not_picked":["Blade Dance","Deflect"],"picked":"Choke","floor":6},{"not_picked":["Bane","Deadly Poison"],"picked":"Dash","floor":8},{"not_picked":["Dagger Spray","Sucker Punch"],"picked":"Well Laid Plans","floor":11},{"not_picked":["Riddle With Holes","Predator"],"picked":"Reflex","floor":12},{"not_picked":["Bane","Eviscerate"],"picked":"Dodge and Roll","floor":13},{"not_picked":["Quick Slash","Flying Knee"],"picked":"Backflip","floor":14}],"player_experience":1522331,"relics_obtained":[{"floor":6,"key":"Ninja Scroll"},{"floor":9,"key":"Bag of Preparation"},{"floor":14,"key":"MawBank"}],"event_choices":[{"cards_removed":["Strike_G"],"damage_healed":0,"gold_gain":0,"player_choice":"Purged","damage_taken":0,"max_hp_gain":0,"max_hp_loss":0,"event_name":"Purifier","floor":3,"gold_loss":0},{"damage_healed":0,"gold_gain":0,"cards_transformed":["Strike_G"],"player_choice":"Transformed","damage_taken":0,"max_hp_gain":0,"max_hp_loss":0,"event_name":"Transmorgrifier","floor":7,"gold_loss":0,"cards_obtained":["Skewer"]}],"is_beta":false,"boss_relics":[],"items_purged_floors":[],"is_endless":false,"potions_floor_spawned":[2,11,12,13],"killed_by":"Hexaghost","ascension_level":20}