{"gold_per_floor":[117,11,11,29,29,63,63,18,18,18,86,86,102,115,115,244,244,265,51,150,3,3,3,17,17,17,17,17],"floor_reached":28,"playtime":1407,"items_purged":[],"score":387,"play_id":"f483b38b-817e-4f0d-9b2b-81bf2d848c1c","local_time":"20190726140922","is_ascension_mode":true,"campfire_choices":[{"floor":7.0,"key":"REST"},{"floor":15.0,"key":"REST"},{"data":"Acrobatics","floor":25.0,"key":"SMITH"}],"neow_cost":"NONE","seed_source_timestamp":192350462181150,"circlet_count":0,"master_deck":["AscendersBane","Strike_G","Strike_G","Strike_G","Strike_G+1","Strike_G","Defend_G","Defend_G","Defend_G","Defend_G","Defend_G","Survivor","Neutralize","Dagger Throw","Well Laid Plans","Sucker Punch","Expertise","Choke+1","Acrobatics+1","Sucker Punch","Parasite","Masterful Stab","Corpse Explosion","Phantasmal Killer","Predator","Underhanded Strike","PiercingWail","After Image+1","Writhe","Deflect"],"special_seed":0,"relics":["Black Star","Golden Idol","Frozen Egg 2","Happy Flower","Pen Nib","Tiny Chest","Blood Vial","HoveringKite","Bag of Preparation","Pantograph","Mango","Calipers"],"potions_floor_usage":[28],"damage_taken":[{"damage":4.0,"enemies":"Jaw Worm","floor":1.0,"turns":6.0},{"damage":3.0,"enemies":"Small Slimes","floor":4.0,"turns":5.0},{"damage":43.0,"enemies":"Gremlin Nob","floor":6.0,"turns":6.0},{"damage":10.0,"enemies":"3 Sentries","floor":11.0,"turns":11.0},{"damage":2.0,"enemies":"2 Louse","floor":13.0,"turns":3.0},{"damage":5.0,"enemies":"Blue Slaver","floor":14.0,"turns":3.0},{"damage":34.0,"enemies":"Slime Boss","floor":16.0,"turns":12.0},{"damage":17.0,"enemies":"Spheric Guardian","floor":18.0,"turns":4.0},{"damage":0.0,"enemies":"Slavers","floor":23.0,"turns":1.0},{"damage":15.0,"enemies":"3 Byrds","floor":24.0,"turns":3.0},{"damage":44,"enemies":"Book of Stabbing","floor":28,"turns":5}],"seed_played":"1785003662269487352","potions_obtained":[{"floor":1.0,"key":"SmokeBomb"},{"floor":6.0,"key":"Block Potion"},{"floor":11.0,"key":"Explosive Potion"},{"floor":18.0,"key":"EssenceOfSteel"}],"is_trial":false,"path_per_floor":["M","$","?","M","?","E","R","$","T","?","E","?","M","M","R","B",null,"M","$","?","$","?","E","M","R","T","T","E"],"character_chosen":"THE_SILENT","items_purchased":["Well Laid Plans","Sucker Punch","Acrobatics","Underhanded Strike","PiercingWail","Bag of Preparation","After Image+1"],"campfire_rested":2,"item_purchase_floors":[2,2,8,19,19,19,21],"current_hp_per_floor":[59,59,59,56,56,13,32,32,32,19,9,25,25,22,41,9,51,36,36,36,36,36,38,25,25,39,39,0],"gold":17,"neow_bonus":"BOSS_RELIC","is_prod":false,"is_daily":false,"chose_seed":false,"campfire_upgraded":1,"win_rate":0,"timestamp":1564175362,"path_taken":["M","$","?","M","?","E","R","?","T","?","E","?","?","M","R","BOSS","M","$","?","$","?","E","M","R","T","?","E"],"build_version":"2019-07-17","purchased_purges":0,"victory":false,"max_hp_per_floor":[70,70,70,70,65,65,65,65,65,65,65,65,65,65,65,65,65,65,65,65,65,65,65,65,65,79,79,79],"card_choices":[{"not_picked":["Setup","Dagger Spray"],"picked":"Dagger Throw","floor":1.0},{"not_picked":["Slice","Crippling Poison"],"picked":"Expertise","floor":4.0},{"not_picked":["Dagger Spray","Well Laid Plans"],"picked":"Choke","floor":6.0},{"not_picked":["Skewer","Quick Slash"],"picked":"Sucker Punch","floor":11.0},{"not_picked":["Poisoned Stab","Bane"],"picked":"Masterful Stab","floor":13.0},{"not_picked":["Cloak And Dagger","Flying Knee"],"picked":"Corpse Explosion","floor":14.0},{"not_picked":["Envenom+1","Die Die Die"],"picked":"Phantasmal Killer","floor":16.0},{"not_picked":["Deadly Poison","Flying Knee"],"picked":"Predator","floor":18.0},{"not_picked":["Dagger Throw","Blade Dance"],"picked":"Deflect","floor":24.0}],"player_experience":510631,"relics_obtained":[{"floor":6.0,"key":"Frozen Egg 2"},{"floor":6.0,"key":"Happy Flower"},{"floor":9.0,"key":"Pen Nib"},{"floor":11.0,"key":"Tiny Chest"},{"floor":11.0,"key":"Blood Vial"},{"floor":26.0,"key":"Mango"},{"floor":27.0,"key":"Calipers"}],"event_choices":[{"damage_healed":0.0,"max_hp_gain":0.0,"max_hp_loss":0.0,"gold_gain":0.0,"event_name":"Liars Game","player_choice":"Ignored","floor":3.0,"gold_loss":0.0,"damage_taken":0.0},{"damage_healed":0.0,"max_hp_gain":0.0,"max_hp_loss":5.0,"gold_gain":0.0,"event_name":"Golden Idol","player_choice":"Lose Max HP","floor":5.0,"gold_loss":0.0,"damage_taken":0.0,"relics_obtained":["Golden Idol"]},{"damage_healed":0.0,"max_hp_gain":0.0,"max_hp_loss":0.0,"gold_gain":0.0,"event_name":"Shining Light","player_choice":"Entered Light","floor":10.0,"gold_loss":0.0,"damage_taken":13.0,"cards_upgraded":["Strike_G","Choke"]},{"damage_healed":16.0,"max_hp_gain":0.0,"max_hp_loss":0.0,"gold_gain":0.0,"event_name":"Mushrooms","player_choice":"Healed and dodged fight","floor":12.0,"gold_loss":0.0,"damage_taken":0.0,"cards_obtained":["Parasite"]},{"damage_healed":0.0,"max_hp_gain":0.0,"max_hp_loss":0.0,"gold_gain":99.0,"event_name":"Nest","player_choice":"Stole From Cult","floor":20.0,"gold_loss":0.0,"damage_taken":0.0},{"damage_healed":0.0,"max_hp_gain":0.0,"max_hp_loss":0.0,"gold_gain":0.0,"event_name":"The Mausoleum","player_choice":"Opened","floor":22.0,"gold_loss":0.0,"damage_taken":0.0,"relics_obtained":["Pantograph"],"cards_obtained":["Writhe"]}],"is_beta":false,"boss_relics":[{"not_picked":["White Beast Statue","Velvet Choker"],"picked":"HoveringKite"}],"items_purged_floors":[],"is_endless":false,"potions_floor_spawned":[1,6,11,18],"killed_by":"Book of Stabbing","ascension_level":12}