{"gold_per_floor":[118,118,0,0,0,0,15,39,65,39,39,52,52,86,86,182,182,206,2,17,37,50,50,50,50],"floor_reached":25,"playtime":1958,"items_purged":["Strike_G"],"score":402,"play_id":"25f25150-b8ce-48c4-b898-6cc2b6844f21","local_time":"20190813163354","is_ascension_mode":true,"campfire_choices":[{"data":"Skewer","floor":6.0,"key":"SMITH"},{"data":"Caltrops","floor":11.0,"key":"SMITH"},{"floor":15.0,"key":"REST"},{"floor":23.0,"key":"REST"}],"neow_cost":"NONE","seed_source_timestamp":1755814792432374,"circlet_count":0,"master_deck":["AscendersBane","Strike_G","Strike_G","Strike_G","Strike_G","Defend_G","Defend_G","Defend_G","Defend_G+1","Defend_G","Survivor+1","Neutralize","Impatience","Skewer+1","Caltrops+1","Escape Plan","Dagger Spray","Leg Sweep","Cloak And Dagger","Deadly Poison","Deadly Poison","Bullet Time","Outmaneuver","Deadly Poison","Bandage Up","Terror","Dagger Spray"],"special_seed":0,"relics":["Ring of the Snake","Golden Idol","Blood Vial","War Paint","Bag of Preparation","Cursed Key","Nilry\u0027s Codex"],"potions_floor_usage":[25,25],"damage_taken":[{"damage":3.0,"enemies":"Cultist","floor":1.0,"turns":4.0},{"damage":1.0,"enemies":"Jaw Worm","floor":7.0,"turns":4.0},{"damage":0.0,"enemies":"2 Louse","floor":8.0,"turns":3.0},{"damage":4.0,"enemies":"Blue Slaver","floor":12.0,"turns":4.0},{"damage":30.0,"enemies":"Lagavulin","floor":14.0,"turns":8.0},{"damage":22.0,"enemies":"The Guardian","floor":16.0,"turns":11.0},{"damage":11.0,"enemies":"Shell Parasite","floor":18.0,"turns":5.0},{"damage":10.0,"enemies":"2 Thieves","floor":20.0,"turns":4.0},{"damage":18.0,"enemies":"Shelled Parasite and Fungi","floor":21.0,"turns":4.0},{"damage":31.0,"enemies":"Snake Plant","floor":22.0,"turns":4.0},{"damage":12,"enemies":"Book of Stabbing","floor":25,"turns":3}],"seed_played":"-1642868075985361000","potions_obtained":[{"floor":12.0,"key":"SneckoOil"},{"floor":14.0,"key":"SteroidPotion"},{"floor":16.0,"key":"Explosive Potion"},{"floor":20.0,"key":"PowerPotion"},{"floor":22.0,"key":"PowerPotion"}],"is_trial":false,"path_per_floor":["M","?","$","?","?","R","M","M","T","$","R","M","$","E","R","B",null,"M","$","M","M","M","R","?","E"],"character_chosen":"THE_SILENT","items_purchased":["Caltrops","Escape Plan","Cloak And Dagger","Deadly Poison","Bandage Up"],"campfire_rested":2,"item_purchase_floors":[3,3,10,19,19],"current_hp_per_floor":[56,56,56,45,50,50,51,53,53,53,53,51,51,23,42,22,54,45,45,41,29,4,23,2,0],"gold":50,"neow_bonus":"RANDOM_COLORLESS","is_prod":false,"is_daily":false,"chose_seed":false,"campfire_upgraded":2,"win_rate":0,"timestamp":1565739234,"path_taken":["M","?","$","?","?","R","M","M","T","?","R","?","$","E","R","BOSS","M","$","M","M","M","R","?","E"],"build_version":"2019-07-17","purchased_purges":1,"victory":false,"max_hp_per_floor":[66,60,60,60,65,65,65,65,65,65,65,65,65,65,65,65,65,65,65,65,65,65,65,65,65],"card_choices":[{"not_picked":["Reflex","Eviscerate"],"picked":"Skewer","floor":1.0},{"not_picked":["Backflip","Underhanded Strike"],"picked":"Dagger Spray","floor":7.0},{"not_picked":["Heel Hook","Bouncing Flask"],"picked":"Leg Sweep","floor":8.0},{"not_picked":["Setup","Masterful Stab"],"picked":"Deadly Poison","floor":12.0},{"not_picked":["Acrobatics","Blade Dance"],"picked":"Deadly Poison","floor":14.0},{"not_picked":["Tools of the Trade","After Image"],"picked":"Bullet Time","floor":16.0},{"not_picked":["Underhanded Strike","Dodge and Roll"],"picked":"Outmaneuver","floor":18.0},{"not_picked":["Quick Slash","Deadly Poison"],"picked":"Terror","floor":20.0},{"not_picked":["Deadly Poison","Dagger Throw+1"],"picked":"Dagger Spray","floor":21.0},{"not_picked":["Dagger Spray","Sucker Punch","Flying Knee"],"picked":"SKIP","floor":22.0}],"player_experience":712440,"relics_obtained":[{"floor":9.0,"key":"War Paint"},{"floor":14.0,"key":"Bag of Preparation"},{"floor":24.0,"key":"Nilry\u0027s Codex"}],"event_choices":[{"damage_healed":0.0,"max_hp_gain":0.0,"max_hp_loss":6.0,"gold_gain":0.0,"event_name":"Golden Idol","player_choice":"Lose Max HP","floor":2.0,"gold_loss":0.0,"damage_taken":0.0,"relics_obtained":["Golden Idol"]},{"damage_healed":0.0,"max_hp_gain":0.0,"max_hp_loss":0.0,"gold_gain":0.0,"event_name":"Scrap Ooze","player_choice":"Success","floor":4.0,"gold_loss":0.0,"damage_taken":11.0,"relics_obtained":["Blood Vial"]},{"damage_healed":0.0,"max_hp_gain":5.0,"max_hp_loss":0.0,"gold_gain":0.0,"event_name":"Big Fish","player_choice":"Donut","floor":5.0,"gold_loss":0.0,"damage_taken":0.0},{"damage_healed":0.0,"max_hp_gain":0.0,"max_hp_loss":0.0,"gold_gain":0.0,"event_name":"Cursed Tome","player_choice":"Obtained Book","floor":24.0,"gold_loss":0.0,"damage_taken":21.0}],"is_beta":false,"boss_relics":[{"not_picked":["HoveringKite","Fusion Hammer"],"picked":"Cursed Key"}],"items_purged_floors":[19],"is_endless":false,"potions_floor_spawned":[12,14,16,20,22],"killed_by":"Book of Stabbing","ascension_level":20}