{"gold_per_floor":[113,132,132,57,7,42,42,42,42,42,58,58,71,35,35,132,132,142,156,156,156,167,197,197,223,300,300,400,416,429,449,449,553,553,569,581,581,599,646,646,204,204,204,204,224,256,266,266,266,266],"floor_reached":51,"playtime":3652,"items_purged":["Regret","Second Wind"],"score":790,"play_id":"f732ffeb-4883-4557-99f4-bdea497016dd","local_time":"20180826105117","is_ascension_mode":true,"campfire_choices":[{"data":"1","floor":8,"key":"LIFT"},{"data":"2","floor":10,"key":"LIFT"},{"data":"3","floor":12,"key":"LIFT"},{"data":"Double Tap","floor":15,"key":"SMITH"},{"floor":24,"key":"REST"},{"floor":27,"key":"REST"},{"floor":32,"key":"REST"},{"data":"Armaments","floor":40,"key":"SMITH"},{"data":"Armaments","floor":42,"key":"SMITH"},{"data":"Rampage","floor":44,"key":"SMITH"},{"floor":49,"key":"REST"}],"neow_cost":"NONE","seed_source_timestamp":756282630263931,"circlet_count":0,"master_deck":["Bash","Rampage+1","Headbutt","Double Tap+1","Armaments+1","Dropkick","Armaments+1","Pummel","True Grit","Sword Boomerang","Dual Wield","Shrug It Off","Iron Wave","Limit Break","Fire Breathing+1","Flex+1","Clash+1","Shrug It Off","Ghostly Armor+1","Seeing Red+1","Heavy Blade"],"relics":["Philosopher\u0027s Stone","Red Skull","Girya","Mango","Pandora\u0027s Box","Bottled Flame","Bag of Marbles","Bottled Tornado","Astrolabe","Unceasing Top","Charon\u0027s Ashes","Ancient Tea Set","Cauldron","Frozen Egg 2","Regal Pillow","Meat on the Bone"],"potions_floor_usage":[13,18,23,29,33,33,33,39,50,50,50],"damage_taken":[{"damage":7,"enemies":"2 Louse","floor":1,"turns":2},{"damage":2,"enemies":"Jaw Worm","floor":2,"turns":3},{"damage":4,"enemies":"Gremlin Nob","floor":6,"turns":3},{"damage":0,"enemies":"Small Slimes","floor":11,"turns":2},{"damage":0,"enemies":"Looter","floor":13,"turns":1},{"damage":27,"enemies":"The Guardian","floor":16,"turns":5},{"damage":13,"enemies":"Spheric Guardian","floor":18,"turns":3},{"damage":18,"enemies":"Shell Parasite","floor":19,"turns":2},{"damage":13,"enemies":"Snecko","floor":22,"turns":3},{"damage":45,"enemies":"Slavers","floor":23,"turns":4},{"damage":40,"enemies":"Gremlin Leader","floor":25,"turns":5},{"damage":0,"enemies":"Cultist and Chosen","floor":29,"turns":1},{"damage":6,"enemies":"Centurion and Healer","floor":30,"turns":3},{"damage":0,"enemies":"Snecko","floor":31,"turns":2},{"damage":22,"enemies":"Collector","floor":33,"turns":5},{"damage":25,"enemies":"Flame Bruiser 1 Orb","floor":35,"turns":4},{"damage":29,"enemies":"3 Darklings","floor":36,"turns":3},{"damage":0,"enemies":"Mind Bloom Boss Battle","floor":37,"turns":4},{"damage":0,"enemies":"Sphere and 2 Shapes","floor":38,"turns":2},{"damage":0,"enemies":"Mysterious Sphere","floor":39,"turns":2},{"damage":0,"enemies":"Transient","floor":45,"turns":5},{"damage":20,"enemies":"Giant Head","floor":46,"turns":4},{"damage":8,"enemies":"4 Shapes","floor":47,"turns":3},{"damage":44,"enemies":"Donu and Deca","floor":50,"turns":6}],"seed_played":"-5534797204640761103","potions_obtained":[{"floor":2,"key":"AttackPotion"},{"floor":11,"key":"GamblersBrew"},{"floor":18,"key":"Fruit Juice"},{"floor":19,"key":"LiquidBronze"},{"floor":25,"key":"SteroidPotion"},{"floor":29,"key":"Strength Potion"},{"floor":30,"key":"Weak Potion"},{"floor":35,"key":"BloodPotion"},{"floor":38,"key":"AttackPotion"},{"floor":41,"key":"FearPotion"},{"floor":41,"key":"EssenceOfSteel"},{"floor":41,"key":"Block Potion"},{"floor":45,"key":"Strength Potion"}],"is_trial":false,"path_per_floor":["M","M","?","$","?","E","?","R","T","R","M","R","M","$","R","B",null,"M","M","?","?","M","E","R","E","T","R","?","M","M","M","R","B",null,"M","M","?","M","?","R","$","R","T","R","M","E","M","T","R","B"],"character_chosen":"IRONCLAD","items_purchased":["Dropkick","Ancient Tea Set","Cauldron"],"campfire_rested":4,"item_purchase_floors":[14,41,41],"current_hp_per_floor":[73,71,71,71,71,67,51,51,65,65,65,65,68,68,68,41,97,89,71,71,71,58,13,43,3,3,33,33,33,27,27,57,35,102,77,48,48,48,48,48,48,48,48,48,48,28,20,20,65,33],"gold":266,"neow_bonus":"BOSS_RELIC","is_prod":false,"is_daily":false,"chose_seed":false,"campfire_upgraded":4,"win_rate":0,"timestamp":1535273477,"path_taken":["M","M","?","$","?","E","?","R","T","R","M","R","?","?","R","BOSS","M","?","?","?","M","E","R","E","T","R","?","M","M","?","R","BOSS","M","M","?","M","?","R","$","R","T","R","M","E","?","?","R","BOSS"],"build_version":"2018-08-23v2","purchased_purges":2,"victory":true,"max_hp_per_floor":[80,80,80,80,80,80,80,80,94,94,94,94,97,97,97,97,97,102,102,102,102,102,102,102,102,102,102,102,102,102,102,102,102,102,102,102,102,102,102,102,102,102,102,102,102,102,102,102,102,102],"card_choices":[{"not_picked":["Warcry","Clothesline"],"picked":"Rampage","floor":1},{"not_picked":["Fire Breathing","Shrug It Off"],"picked":"Headbutt","floor":2},{"not_picked":["Shockwave","Body Slam"],"picked":"Double Tap","floor":6},{"not_picked":["Clothesline","Corruption","Entrench"],"picked":"SKIP","floor":11},{"not_picked":["Sentinel","Hemokinesis"],"picked":"Armaments","floor":13},{"not_picked":["Hemokinesis","Sword Boomerang","Sentinel"],"picked":"SKIP","floor":18},{"not_picked":["Feel No Pain","Body Slam+1","True Grit"],"picked":"SKIP","floor":19},{"not_picked":["Seeing Red","Uppercut"],"picked":"Shrug It Off","floor":22},{"not_picked":["Entrench","Twin Strike","Warcry"],"picked":"SKIP","floor":23},{"not_picked":["Reckless Charge+1","Inflame","Sever Soul"],"picked":"SKIP","floor":25},{"not_picked":["Wild Strike","Clash"],"picked":"Iron Wave","floor":29},{"not_picked":["Pommel Strike","Whirlwind","Inflame"],"picked":"SKIP","floor":30},{"not_picked":["Anger","Disarm","Infernal Blade"],"picked":"SKIP","floor":31},{"not_picked":["Immolate","Bludgeon"],"picked":"Limit Break","floor":33},{"not_picked":["Anger+1","Sentinel+1"],"picked":"Shrug It Off","floor":35},{"not_picked":["Pummel+1","Blood for Blood+1"],"picked":"Ghostly Armor+1","floor":36},{"not_picked":["Evolve","Impervious","True Grit"],"picked":"SKIP","floor":38},{"not_picked":["Perfected Strike+1","Clothesline+1","Sentinel"],"picked":"SKIP","floor":45},{"not_picked":["Thunderclap+1","Clash+1"],"picked":"Seeing Red+1","floor":46},{"not_picked":["Shrug It Off","Uppercut+1"],"picked":"Heavy Blade","floor":47}],"player_experience":383163,"relics_obtained":[{"floor":6,"key":"Girya"},{"floor":9,"key":"Mango"},{"floor":23,"key":"Bottled Flame"},{"floor":25,"key":"Bag of Marbles"},{"floor":26,"key":"Bottled Tornado"},{"floor":37,"key":"Unceasing Top"},{"floor":39,"key":"Charon\u0027s Ashes"},{"floor":43,"key":"Frozen Egg 2"},{"floor":46,"key":"Regal Pillow"},{"floor":48,"key":"Meat on the Bone"}],"event_choices":[{"event_name":"Big Fish","player_choice":"Box","floor":3,"damage_taken":0},{"event_name":"The Cleric","player_choice":"Card Removal","floor":5,"damage_taken":0},{"event_name":"Shining Light","player_choice":"Entered Light","floor":7,"damage_taken":0},{"event_name":"Ghosts","player_choice":"Ignored","floor":20,"damage_taken":0},{"event_name":"The Library","player_choice":"Read","floor":21,"damage_taken":0},{"event_name":"Golden Shrine","player_choice":"Pray","floor":28,"damage_taken":0},{"event_name":"MindBloom","player_choice":"Fight","floor":37,"damage_taken":0},{"event_name":"Mysterious Sphere","player_choice":"Fight","floor":39,"damage_taken":0}],"is_beta":false,"boss_relics":[{"not_picked":["Fusion Hammer","Snecko Eye"],"picked":"Pandora\u0027s Box"},{"not_picked":["Mark of Pain","Coffee Dripper"],"picked":"Astrolabe"}],"items_purged_floors":[4,41],"is_endless":false,"potions_floor_spawned":[2,11,18,19,25,29,30,35,38,45,46],"ascension_level":3}