{"gold_per_floor":[117,127,127,127,22,48,48,74,74,22,53,72,96,106,106,210,210,230,43,43,60,60,60,60],"floor_reached":24,"playtime":1712,"items_purged":[],"score":307,"play_id":"69637dbb-45a7-4403-8293-9193e4904bee","local_time":"20190718105631","is_ascension_mode":true,"campfire_choices":[{"data":"Tactician","floor":7,"key":"SMITH"},{"data":"1","floor":15,"key":"LIFT"},{"data":"A Thousand Cuts","floor":23,"key":"SMITH"}],"neow_cost":"NONE","seed_source_timestamp":507013148772536,"circlet_count":0,"master_deck":["Strike_G","Strike_G","Strike_G","Defend_G","Defend_G","Defend_G","Defend_G","Defend_G","Survivor","Neutralize","Trip","Prepared","PiercingWail","Infinite Blades","Dagger Spray","Tactician+1","Flying Knee","Sucker Punch","Heel Hook","Dagger Throw","Caltrops","Dagger Throw","A Thousand Cuts+1","Dagger Throw","Panache","Infinite Blades","Noxious Fumes","PiercingWail","Eviscerate+1","Footwork"],"relics":["Ring of the Snake","Torii","Orichalcum","Girya","The Courier","Odd Mushroom","HoveringKite"],"potions_floor_usage":[6,11,21,24],"damage_taken":[{"damage":0,"enemies":"Jaw Worm","floor":1,"turns":3},{"damage":0,"enemies":"2 Louse","floor":2,"turns":4},{"damage":11,"enemies":"3 Sentries","floor":6,"turns":4},{"damage":26,"enemies":"Lagavulin","floor":8,"turns":8},{"damage":2,"enemies":"3 Sentries","floor":11,"turns":6},{"damage":1,"enemies":"Small Slimes","floor":12,"turns":3},{"damage":1,"enemies":"The Mushroom Lair","floor":13,"turns":3},{"damage":1,"enemies":"2 Fungi Beasts","floor":14,"turns":3},{"damage":8,"enemies":"Hexaghost","floor":16,"turns":10},{"damage":17,"enemies":"Shell Parasite","floor":18,"turns":6},{"damage":18,"enemies":"2 Thieves","floor":21,"turns":4},{"damage":21,"enemies":"Book of Stabbing","floor":24,"turns":4}],"seed_played":"-5741413272540736602","potions_obtained":[{"floor":2,"key":"SkillPotion"},{"floor":8,"key":"Strength Potion"},{"floor":11,"key":"Dexterity Potion"},{"floor":18,"key":"Swift Potion"}],"is_trial":false,"path_per_floor":["M","M","?","?","$","E","R","E","T","$","E","M","?","M","R","B",null,"M","$","?","M","?","R","E"],"character_chosen":"THE_SILENT","items_purchased":["Infinite Blades","Dagger Spray","Sucker Punch","Panache","Infinite Blades"],"campfire_rested":0,"item_purchase_floors":[5,5,10,19,19],"current_hp_per_floor":[63,63,63,63,63,52,52,26,26,26,24,23,22,21,21,13,56,39,39,39,21,21,21,0],"gold":60,"neow_bonus":"RANDOM_COLORLESS","is_prod":false,"is_daily":false,"chose_seed":false,"campfire_upgraded":2,"win_rate":0,"timestamp":1563472591,"path_taken":["M","M","?","?","$","E","R","E","T","$","E","M","?","M","R","BOSS","M","$","?","M","?","R","E"],"build_version":"2019-07-17","purchased_purges":0,"victory":false,"max_hp_per_floor":[70,70,70,70,70,70,70,70,70,70,70,70,70,70,70,70,70,70,70,70,70,70,70,70],"card_choices":[{"not_picked":["Dodge and Roll","Deadly Poison"],"picked":"Prepared","floor":1},{"not_picked":["Deflect","Infinite Blades"],"picked":"PiercingWail","floor":2},{"not_picked":["Glass Knife","Outmaneuver"],"picked":"Tactician","floor":6},{"not_picked":["All Out Attack","Bane"],"picked":"Flying Knee","floor":8},{"not_picked":["Backflip","Acrobatics"],"picked":"Heel Hook","floor":11},{"not_picked":["Noxious Fumes","Outmaneuver"],"picked":"Dagger Throw","floor":12},{"not_picked":["Cloak And Dagger","Riddle With Holes"],"picked":"Caltrops","floor":13},{"not_picked":["Blade Dance","PiercingWail"],"picked":"Dagger Throw","floor":14},{"not_picked":["Bullet Time","Unload"],"picked":"A Thousand Cuts","floor":16},{"not_picked":["Cloak And Dagger","Bane"],"picked":"Dagger Throw","floor":18},{"not_picked":["Dodge and Roll","Prepared+1"],"picked":"Eviscerate+1","floor":21}],"player_experience":350643,"relics_obtained":[{"floor":6,"key":"Torii"},{"floor":8,"key":"Orichalcum"},{"floor":9,"key":"Girya"},{"floor":11,"key":"The Courier"},{"floor":13,"key":"Odd Mushroom"}],"event_choices":[{"damage_healed":0,"gold_gain":0,"player_choice":"Ignored","damage_taken":0,"max_hp_gain":0,"max_hp_loss":0,"event_name":"Golden Wing","floor":3,"gold_loss":0},{"damage_healed":0,"gold_gain":0,"player_choice":"Leave","damage_taken":0,"max_hp_gain":0,"max_hp_loss":0,"event_name":"The Cleric","floor":4,"gold_loss":0},{"damage_healed":0,"gold_gain":0,"player_choice":"Fought Mushrooms","damage_taken":0,"max_hp_gain":0,"max_hp_loss":0,"event_name":"Mushrooms","floor":13,"gold_loss":0},{"damage_healed":0,"gold_gain":0,"cards_transformed":["Strike_G","Strike_G"],"player_choice":"Became Test Subject","damage_taken":0,"max_hp_gain":0,"max_hp_loss":0,"event_name":"Drug Dealer","floor":20,"gold_loss":0,"cards_obtained":["Noxious Fumes","PiercingWail"]},{"damage_healed":0,"gold_gain":0,"player_choice":"Read","damage_taken":0,"max_hp_gain":0,"max_hp_loss":0,"event_name":"The Library","floor":22,"gold_loss":0,"cards_obtained":["Footwork"]}],"is_beta":false,"boss_relics":[{"not_picked":["Sozu","Cursed Key"],"picked":"HoveringKite"}],"items_purged_floors":[],"is_endless":false,"potions_floor_spawned":[2,8,11,18],"killed_by":"Book of Stabbing","ascension_level":9}