{"gold_per_floor":[116,42,56,56,71,71,104,120,172,172,206,225,225,251,251,323,323,334,346,26,0,17,17,35,35,59,59,71,84,84,84,84,158,158,172,172,22,22,38,38,372,419,464,482,482,511,524,538,538,538],"floor_reached":51,"playtime":4035,"items_purged":["Strike_G"],"score":1226,"play_id":"f031d39d-76db-4079-ae98-3f2afdf850cc","local_time":"20190729152248","is_ascension_mode":true,"campfire_choices":[{"data":"Footwork","floor":6.0,"key":"SMITH"},{"floor":10.0,"key":"REST"},{"floor":13.0,"key":"REST"},{"data":"Outmaneuver","floor":15.0,"key":"SMITH"},{"floor":23.0,"key":"REST"},{"floor":25.0,"key":"REST"},{"floor":27.0,"key":"REST"},{"floor":30.0,"key":"REST"},{"data":"Storm of Steel","floor":32.0,"key":"SMITH"},{"data":"Envenom","floor":40.0,"key":"SMITH"},{"floor":45.0,"key":"REST"},{"floor":49.0,"key":"REST"}],"neow_cost":"PERCENT_DAMAGE","seed_source_timestamp":448743498570667,"circlet_count":0,"master_deck":["AscendersBane","Defend_G","Defend_G","Defend_G","Defend_G","Defend_G","Survivor","Neutralize","Die Die Die","Infinite Blades","Footwork+1","Deflect","Dash","Backflip","Outmaneuver+1","Storm of Steel+1","Backflip","Envenom+1","Bane","Outmaneuver","Deflect","Deadly Poison+1","Outmaneuver+1","A Thousand Cuts","Corpse Explosion","Caltrops+1","Leg Sweep+1","Calculated Gamble+1","All Out Attack+1","Well Laid Plans","Noxious Fumes","Dodge and Roll","Choke","Envenom","PiercingWail"],"special_seed":0,"relics":["Ring of the Serpent","Matryoshka","Bag of Marbles","PreservedInsect","Ancient Tea Set","Centennial Puzzle","Snake Skull","Vajra","Oddly Smooth Stone","Bag of Preparation","Astrolabe","Old Coin","Pen Nib","Juzu Bracelet","Anchor"],"potions_floor_usage":[50],"damage_taken":[{"damage":0.0,"enemies":"Cultist","floor":1.0,"turns":5.0},{"damage":0.0,"enemies":"Jaw Worm","floor":3.0,"turns":5.0},{"damage":0.0,"enemies":"Small Slimes","floor":5.0,"turns":3.0},{"damage":32.0,"enemies":"Gremlin Nob","floor":7.0,"turns":6.0},{"damage":0.0,"enemies":"3 Louse","floor":8.0,"turns":1.0},{"damage":6.0,"enemies":"Lagavulin","floor":11.0,"turns":9.0},{"damage":3.0,"enemies":"Blue Slaver","floor":12.0,"turns":4.0},{"damage":31.0,"enemies":"Slime Boss","floor":16.0,"turns":20.0},{"damage":8.0,"enemies":"Spheric Guardian","floor":18.0,"turns":12.0},{"damage":2.0,"enemies":"3 Byrds","floor":19.0,"turns":6.0},{"damage":26.0,"enemies":"Shelled Parasite and Fungi","floor":22.0,"turns":10.0},{"damage":32.0,"enemies":"Sentry and Sphere","floor":24.0,"turns":11.0},{"damage":14.0,"enemies":"Centurion and Healer","floor":28.0,"turns":6.0},{"damage":2.0,"enemies":"Snake Plant","floor":29.0,"turns":5.0},{"damage":11.0,"enemies":"Automaton","floor":33.0,"turns":12.0},{"damage":11.0,"enemies":"Orb Walker","floor":35.0,"turns":6.0},{"damage":0.0,"enemies":"3 Darklings","floor":39.0,"turns":2.0},{"damage":28.0,"enemies":"Nemesis","floor":41.0,"turns":5.0},{"damage":9.0,"enemies":"Maw","floor":44.0,"turns":9.0},{"damage":26.0,"enemies":"Reptomancer","floor":46.0,"turns":5.0},{"damage":0.0,"enemies":"Jaw Worm Horde","floor":47.0,"turns":2.0},{"damage":0.0,"enemies":"Sphere and 2 Shapes","floor":48.0,"turns":3.0},{"damage":6,"enemies":"Donu and Deca","floor":50,"turns":10}],"seed_played":"-6291903071243515614","potions_obtained":[{"floor":3.0,"key":"GhostInAJar"},{"floor":5.0,"key":"Weak Potion"},{"floor":11.0,"key":"GhostInAJar"},{"floor":18.0,"key":"SpeedPotion"},{"floor":33.0,"key":"GamblersBrew"},{"floor":35.0,"key":"Weak Potion"},{"floor":36.0,"key":"Fire Potion"},{"floor":46.0,"key":"Swift Potion"},{"floor":48.0,"key":"Energy Potion"}],"is_trial":false,"path_per_floor":["M","$","M","?","M","R","E","M","T","R","E","M","R","T","R","B",null,"M","M","$","?","M","R","M","R","T","R","M","M","R","?","R","B",null,"M","?","$","$","M","R","E","T","T","M","R","E","M","M","R","B",null],"character_chosen":"THE_SILENT","items_purchased":["Footwork","Vajra","Oddly Smooth Stone","Outmaneuver","Well Laid Plans"],"campfire_rested":8,"item_purchase_floors":[2,20,20,20,37],"current_hp_per_floor":[44,44,44,37,37,37,5,5,5,24,18,15,34,34,34,3,50,42,40,40,40,14,33,1,20,20,39,25,23,42,30,30,19,58,47,47,47,47,47,47,19,19,19,10,31,5,5,5,26,20],"gold":538,"neow_bonus":"THREE_RARE_CARDS","is_prod":false,"is_daily":false,"chose_seed":false,"campfire_upgraded":4,"win_rate":0,"timestamp":1564438968,"path_taken":["M","$","M","?","M","R","E","M","T","R","E","M","R","?","R","BOSS","M","M","$","?","M","R","M","R","T","R","M","M","R","?","R","BOSS","M","?","?","$","M","R","E","?","T","M","R","E","M","M","R","BOSS"],"build_version":"2019-07-17","purchased_purges":1,"victory":true,"max_hp_per_floor":[66,66,66,66,66,66,66,66,66,66,66,66,66,66,66,66,66,66,66,66,66,66,66,66,66,66,66,66,66,66,71,71,71,71,71,71,71,71,71,71,71,71,71,71,71,71,71,71,71,71],"card_choices":[{"not_picked":["Malaise","Storm of Steel"],"picked":"Die Die Die","floor":0.0},{"not_picked":["Slice","Prepared"],"picked":"Infinite Blades","floor":1.0},{"not_picked":["Poisoned Stab","Skewer"],"picked":"Deflect","floor":3.0},{"not_picked":["Flechettes","Distraction"],"picked":"Dash","floor":5.0},{"not_picked":["Acrobatics","Dagger Throw"],"picked":"Backflip","floor":7.0},{"not_picked":["Dagger Spray","Acrobatics"],"picked":"Outmaneuver","floor":8.0},{"not_picked":["Riddle With Holes","Backflip"],"picked":"Storm of Steel","floor":11.0},{"not_picked":["Noxious Fumes","Poisoned Stab"],"picked":"Backflip","floor":12.0},{"not_picked":["A Thousand Cuts","Bullet Time"],"picked":"Envenom","floor":16.0},{"not_picked":["Dodge and Roll","Eviscerate"],"picked":"Bane","floor":18.0},{"not_picked":["Heel Hook","Quick Slash","Poisoned Stab"],"picked":"SKIP","floor":19.0},{"not_picked":["Riddle With Holes","Acrobatics"],"picked":"Deflect","floor":22.0},{"not_picked":["Quick Slash","Acrobatics"],"picked":"Deadly Poison+1","floor":24.0},{"not_picked":["Cloak And Dagger","PiercingWail"],"picked":"Outmaneuver+1","floor":28.0},{"not_picked":["Tactician+1","Reflex"],"picked":"A Thousand Cuts","floor":29.0},{"not_picked":["Venomology","Unload"],"picked":"Corpse Explosion","floor":33.0},{"not_picked":["Prepared","Poisoned Stab"],"picked":"All Out Attack+1","floor":35.0},{"not_picked":["Choke+1","Tactician"],"picked":"Noxious Fumes","floor":39.0},{"not_picked":["Poisoned Stab","Venomology"],"picked":"Dodge and Roll","floor":41.0},{"not_picked":["Outmaneuver","Skewer"],"picked":"Choke","floor":44.0},{"not_picked":["Crippling Poison","Outmaneuver"],"picked":"Envenom","floor":46.0},{"not_picked":["Dagger Throw","Masterful Stab"],"picked":"PiercingWail","floor":47.0},{"not_picked":["Bouncing Flask","Dodge and Roll","Finisher"],"picked":"SKIP","floor":48.0}],"player_experience":537373,"relics_obtained":[{"floor":7.0,"key":"Matryoshka"},{"floor":9.0,"key":"Bag of Marbles"},{"floor":9.0,"key":"PreservedInsect"},{"floor":11.0,"key":"Ancient Tea Set"},{"floor":14.0,"key":"Centennial Puzzle"},{"floor":14.0,"key":"Snake Skull"},{"floor":26.0,"key":"Bag of Preparation"},{"floor":41.0,"key":"Old Coin"},{"floor":42.0,"key":"Pen Nib"},{"floor":43.0,"key":"Juzu Bracelet"},{"floor":46.0,"key":"Anchor"}],"event_choices":[{"cards_removed":["Strike_G"],"damage_healed":0.0,"max_hp_gain":0.0,"max_hp_loss":0.0,"gold_gain":0.0,"event_name":"Golden Wing","player_choice":"Card Removal","floor":4.0,"gold_loss":0.0,"damage_taken":7.0},{"damage_healed":0.0,"max_hp_gain":0.0,"max_hp_loss":0.0,"gold_gain":0.0,"event_name":"Masked Bandits","player_choice":"Paid Fearfully","floor":21.0,"gold_loss":26.0,"damage_taken":0.0},{"damage_healed":0.0,"max_hp_gain":5.0,"max_hp_loss":0.0,"gold_gain":0.0,"event_name":"Forgotten Altar","player_choice":"Shed Blood","floor":31.0,"gold_loss":0.0,"damage_taken":17.0},{"damage_healed":0.0,"max_hp_gain":0.0,"max_hp_loss":0.0,"gold_gain":0.0,"event_name":"Lab","player_choice":"Got Potions","floor":36.0,"gold_loss":0.0,"damage_taken":0.0}],"is_beta":false,"boss_relics":[{"not_picked":["Sozu","Calling Bell"],"picked":"Ring of the Serpent"},{"not_picked":["Runic Pyramid","Tiny House"],"picked":"Astrolabe"}],"items_purged_floors":[37],"is_endless":false,"potions_floor_spawned":[3,5,8,11,12,18,22,33,35,46,48],"ascension_level":14}