{"gold_per_floor":[117,117,46,60,75,101,101,123,123,143,156,156,256,283,283,283],"floor_reached":16,"playtime":891,"items_purged":[],"score":176,"play_id":"463ecc7d-69d5-4eb9-abf0-8c2ffd3e4d66","local_time":"20190726144912","is_ascension_mode":true,"campfire_choices":[{"data":"Phantasmal Killer","floor":7.0,"key":"SMITH"},{"floor":12.0,"key":"REST"},{"floor":15.0,"key":"REST"}],"neow_cost":"NONE","seed_source_timestamp":195347543447763,"circlet_count":0,"master_deck":["AscendersBane","Strike_G","Strike_G","Strike_G","Strike_G","Defend_G","Defend_G","Defend_G","Defend_G","Defend_G","Survivor","Neutralize","Calculated Gamble","PiercingWail","Reflex","Sucker Punch","Phantasmal Killer+1","Underhanded Strike+1","Underhanded Strike+1","Escape Plan","Blur","Underhanded Strike+1"],"special_seed":0,"relics":["Ring of the Snake","NeowsBlessing","Molten Egg 2","Odd Mushroom","Snake Skull","Bottled Flame"],"potions_floor_usage":[],"damage_taken":[{"damage":0.0,"enemies":"2 Louse","floor":1.0,"turns":1.0},{"damage":0.0,"enemies":"Jaw Worm","floor":4.0,"turns":1.0},{"damage":0.0,"enemies":"Small Slimes","floor":5.0,"turns":1.0},{"damage":33.0,"enemies":"3 Sentries","floor":6.0,"turns":18.0},{"damage":14.0,"enemies":"The Mushroom Lair","floor":8.0,"turns":5.0},{"damage":1.0,"enemies":"Gremlin Gang","floor":10.0,"turns":7.0},{"damage":2.0,"enemies":"Lots of Slimes","floor":11.0,"turns":5.0},{"damage":29.0,"enemies":"Lagavulin","floor":14.0,"turns":10.0},{"damage":30,"enemies":"Slime Boss","floor":16,"turns":7}],"seed_played":"-8157671924208465685","potions_obtained":[{"floor":5.0,"key":"GhostInAJar"},{"floor":6.0,"key":"AttackPotion"},{"floor":10.0,"key":"Ancient Potion"},{"floor":14.0,"key":"LiquidBronze"}],"is_trial":false,"path_per_floor":["M","?","$","M","M","E","R","?","T","M","M","R","?","E","R","B"],"character_chosen":"THE_SILENT","items_purchased":["Reflex"],"campfire_rested":2,"item_purchase_floors":[3],"current_hp_per_floor":[63,63,63,63,63,30,30,16,16,15,13,34,34,5,26,0],"gold":283,"neow_bonus":"THREE_ENEMY_KILL","is_prod":false,"is_daily":false,"chose_seed":false,"campfire_upgraded":1,"win_rate":0,"timestamp":1564177752,"path_taken":["M","?","$","M","M","E","R","?","T","?","M","R","?","E","R","BOSS"],"build_version":"2019-07-17","purchased_purges":0,"victory":false,"max_hp_per_floor":[70,70,70,70,70,70,70,70,70,70,70,70,70,70,70,70],"card_choices":[{"not_picked":["PiercingWail","Dagger Spray"],"picked":"Calculated Gamble","floor":1.0},{"not_picked":["Escape Plan","Dodge and Roll"],"picked":"Sucker Punch","floor":4.0},{"not_picked":["Dagger Throw","Dash"],"picked":"Phantasmal Killer","floor":5.0},{"not_picked":["Reflex","Unload"],"picked":"Underhanded Strike","floor":6.0},{"not_picked":["Backflip","Cloak And Dagger"],"picked":"Underhanded Strike+1","floor":8.0},{"not_picked":["Blade Dance","Deadly Poison"],"picked":"Escape Plan","floor":10.0},{"not_picked":["Noxious Fumes","Eviscerate+1"],"picked":"Blur","floor":11.0},{"not_picked":["Dash+1","Crippling Poison"],"picked":"Underhanded Strike+1","floor":14.0}],"player_experience":512545,"relics_obtained":[{"floor":6.0,"key":"Molten Egg 2"},{"floor":8.0,"key":"Odd Mushroom"},{"floor":9.0,"key":"Snake Skull"},{"floor":14.0,"key":"Bottled Flame"}],"event_choices":[{"damage_healed":0.0,"max_hp_gain":0.0,"max_hp_loss":0.0,"gold_gain":0.0,"cards_transformed":["Strike_G"],"event_name":"Living Wall","player_choice":"Change","floor":2.0,"gold_loss":0.0,"damage_taken":0.0,"cards_obtained":["PiercingWail"]},{"damage_healed":0.0,"max_hp_gain":0.0,"max_hp_loss":0.0,"gold_gain":0.0,"event_name":"Mushrooms","player_choice":"Fought Mushrooms","floor":8.0,"gold_loss":0.0,"damage_taken":0.0},{"damage_healed":0.0,"max_hp_gain":0.0,"max_hp_loss":0.0,"gold_gain":100.0,"event_name":"Golden Shrine","player_choice":"Pray","floor":13.0,"gold_loss":0.0,"damage_taken":0.0}],"is_beta":false,"boss_relics":[],"items_purged_floors":[],"is_endless":false,"potions_floor_spawned":[5,6,10,14],"killed_by":"Slime Boss","ascension_level":12}