{"gold_per_floor":[118,118,138,7,7,7,31,54,54,67,67,80,5,23,23,122,122,137,137,155,170,193,193,216,235,310,49,49,88,168,168,168,168],"floor_reached":33,"playtime":1790,"items_purged":["Strike_G","Doubt"],"score":522,"play_id":"c8911da4-cf7b-412c-8a54-d70e9f839f7b","local_time":"20190818193543","is_ascension_mode":true,"campfire_choices":[{"data":"Caltrops","floor":6,"key":"SMITH"},{"floor":11,"key":"REST"},{"data":"Crippling Poison","floor":15,"key":"SMITH"},{"data":"Night Terror","floor":23,"key":"SMITH"},{"floor":28,"key":"REST"},{"floor":32,"key":"REST"}],"neow_cost":"NONE","seed_source_timestamp":5041252388300,"circlet_count":0,"master_deck":["AscendersBane","Strike_G+1","Strike_G+1","Strike_G+1","Strike_G+1","Defend_G+1","Defend_G+1","Defend_G+1","Defend_G+1","Defend_G+1","Survivor","Neutralize","Caltrops+1","Poisoned Stab","Quick Slash","Dark Shackles","Sucker Punch","Deflect","Crippling Poison+1","Quick Slash","Night Terror+1","Deadly Poison","Dash","Burst","Deadly Poison","Bullet Time","Acrobatics"],"relics":["Ring of the Snake","NeowsBlessing","Golden Idol","CultistMask","Mercury Hourglass","Cursed Key","Gremlin Horn","Incense Burner","Meat on the Bone"],"potions_floor_usage":[20,29,29,29,33],"damage_taken":[{"damage":0,"enemies":"Cultist","floor":1,"turns":1},{"damage":0,"enemies":"Small Slimes","floor":3,"turns":1},{"damage":0,"enemies":"2 Louse","floor":7,"turns":1},{"damage":25,"enemies":"Exordium Wildlife","floor":8,"turns":4},{"damage":6,"enemies":"Blue Slaver","floor":10,"turns":4},{"damage":8,"enemies":"Gremlin Gang","floor":12,"turns":5},{"damage":3,"enemies":"3 Louse","floor":14,"turns":2},{"damage":6,"enemies":"Hexaghost","floor":16,"turns":10},{"damage":10,"enemies":"2 Thieves","floor":18,"turns":4},{"damage":0,"enemies":"Spheric Guardian","floor":20,"turns":4},{"damage":12,"enemies":"Snecko","floor":21,"turns":6},{"damage":2,"enemies":"Chosen and Byrds","floor":22,"turns":5},{"damage":7,"enemies":"Snake Plant","floor":24,"turns":4},{"damage":12,"enemies":"Snecko","floor":25,"turns":4},{"damage":41,"enemies":"Gremlin Leader","floor":29,"turns":6},{"damage":24,"enemies":"Automaton","floor":33,"turns":4}],"seed_played":"-9104670948739662318","potions_obtained":[{"floor":1,"key":"GhostInAJar"},{"floor":3,"key":"EntropicBrew"},{"floor":20,"key":"Energy Potion"},{"floor":22,"key":"LiquidBronze"},{"floor":25,"key":"Regen Potion"}],"is_trial":false,"path_per_floor":["M","?","M","$","?","R","M","M","T","M","R","M","$","M","R","B",null,"M","?","M","M","M","R","M","M","T","$","R","E","T","?","R","B"],"character_chosen":"THE_SILENT","items_purchased":["Quick Slash","Dark Shackles","Bullet Time"],"campfire_rested":3,"item_purchase_floors":[4,4,27],"current_hp_per_floor":[59,36,36,36,36,36,36,11,11,5,24,16,16,13,13,7,51,41,41,41,29,27,27,20,8,8,8,27,1,1,1,20,0],"gold":168,"neow_bonus":"THREE_ENEMY_KILL","is_prod":false,"is_daily":false,"chose_seed":false,"campfire_upgraded":3,"win_rate":0,"timestamp":1566149743,"path_taken":["M","?","M","$","?","R","?","M","T","M","R","M","?","?","R","BOSS","M","?","M","M","M","R","M","M","T","$","R","E","?","?","R","BOSS"],"build_version":"2019-07-17","purchased_purges":2,"victory":false,"max_hp_per_floor":[66,66,66,66,66,66,66,66,66,66,66,66,66,66,66,66,66,66,66,66,66,66,66,66,66,66,66,66,66,66,66,66,66],"card_choices":[{"not_picked":["Setup","Heel Hook"],"picked":"Caltrops","floor":1},{"not_picked":["Dagger Throw","Masterful Stab"],"picked":"Poisoned Stab","floor":3},{"not_picked":["Prepared","Dodge and Roll"],"picked":"Sucker Punch","floor":7},{"not_picked":["Acrobatics","Flying Knee"],"picked":"Deflect","floor":8},{"not_picked":["Masterful Stab","Grand Finale","Slice"],"picked":"SKIP","floor":10},{"not_picked":["Backstab","Infinite Blades"],"picked":"Crippling Poison","floor":12},{"not_picked":["Outmaneuver","PiercingWail"],"picked":"Quick Slash","floor":14},{"not_picked":["Storm of Steel","Adrenaline"],"picked":"Night Terror","floor":16},{"not_picked":["Flechettes","Dagger Throw","Sucker Punch"],"picked":"SKIP","floor":18},{"not_picked":["Poisoned Stab","Venomology"],"picked":"Deadly Poison","floor":20},{"not_picked":["Prepared","Sucker Punch+1"],"picked":"Dash","floor":21},{"not_picked":["Sucker Punch","Bane","Blade Dance"],"picked":"SKIP","floor":22},{"not_picked":["Dagger Throw","Reflex"],"picked":"Burst","floor":24},{"not_picked":["Finisher","Skewer"],"picked":"Deadly Poison","floor":25},{"not_picked":["Dagger Throw","Bane"],"picked":"Acrobatics","floor":29}],"player_experience":1512123,"relics_obtained":[{"floor":9,"key":"Mercury Hourglass"},{"floor":26,"key":"Gremlin Horn"},{"floor":29,"key":"Incense Burner"},{"floor":30,"key":"Meat on the Bone"}],"event_choices":[{"damage_healed":0,"gold_gain":0,"player_choice":"Take Damage","damage_taken":23,"relics_obtained":["Golden Idol"],"max_hp_gain":0,"max_hp_loss":0,"event_name":"Golden Idol","floor":2,"gold_loss":0},{"damage_healed":0,"gold_gain":0,"player_choice":"Trade","damage_taken":0,"relics_obtained":["CultistMask"],"max_hp_gain":0,"max_hp_loss":0,"event_name":"FaceTrader","floor":5,"gold_loss":0},{"damage_healed":0,"gold_gain":0,"player_choice":"Simplicity","damage_taken":0,"max_hp_gain":0,"max_hp_loss":0,"event_name":"Back to Basics","floor":19,"gold_loss":0,"cards_upgraded":["Strike_G","Strike_G","Strike_G","Strike_G","Defend_G","Defend_G","Defend_G","Defend_G","Defend_G"]},{"cards_removed":["Pain"],"damage_healed":0,"gold_gain":0,"player_choice":"Purged","damage_taken":0,"max_hp_gain":0,"max_hp_loss":0,"event_name":"Purifier","floor":31,"gold_loss":0}],"is_beta":false,"boss_relics":[{"not_picked":["WristBlade","Pandora\u0027s Box"],"picked":"Cursed Key"}],"items_purged_floors":[13,27],"is_endless":false,"potions_floor_spawned":[1,3,14,20,22,25],"killed_by":"Automaton","ascension_level":20}