{"gold_per_floor":[109,109,128,145,46,46,68,68,68,68,143,68,68,87,87,160,160,160,75,75,75,75],"floor_reached":22,"playtime":1205,"items_purged":[],"score":348,"play_id":"971b5b02-bd96-43b6-a656-41985044d817","local_time":"20190819084047","is_ascension_mode":true,"campfire_choices":[{"data":"All Out Attack","floor":6.0,"key":"SMITH"},{"data":"Bane","floor":8.0,"key":"SMITH"},{"data":"Bouncing Flask","floor":10.0,"key":"SMITH"},{"floor":15.0,"key":"REST"}],"neow_cost":"NONE","seed_source_timestamp":2246573212456299,"circlet_count":0,"master_deck":["AscendersBane","Strike_G+1","Strike_G","Strike_G","Strike_G","Defend_G","Defend_G","Defend_G","Defend_G+1","Defend_G","Survivor","Neutralize","Adrenaline","Slice","Backflip","Bouncing Flask+1","All Out Attack+1","PiercingWail","Bane+1","Poisoned Stab","Tools of the Trade+1","Outmaneuver","Bane","Bane"],"special_seed":0,"relics":["Ring of the Snake","Odd Mushroom","Paper Crane","Frozen Egg 2","Ectoplasm","Gremlin Horn"],"potions_floor_usage":[22],"damage_taken":[{"damage":0.0,"enemies":"2 Louse","floor":1.0,"turns":2.0},{"damage":9.0,"enemies":"Jaw Worm","floor":3.0,"turns":6.0},{"damage":0.0,"enemies":"Small Slimes","floor":4.0,"turns":3.0},{"damage":2.0,"enemies":"The Mushroom Lair","floor":7.0,"turns":3.0},{"damage":0.0,"enemies":"2 Fungi Beasts","floor":14.0,"turns":2.0},{"damage":26.0,"enemies":"The Guardian","floor":16.0,"turns":10.0},{"damage":15.0,"enemies":"Shell Parasite","floor":18.0,"turns":4.0},{"damage":0.0,"enemies":"Chosen","floor":20.0,"turns":3.0},{"damage":21.0,"enemies":"Shelled Parasite and Fungi","floor":21.0,"turns":4.0},{"damage":17,"enemies":"Chosen and Byrds","floor":22,"turns":3}],"seed_played":"5425793963393492862","potions_obtained":[{"floor":4.0,"key":"GamblersBrew"},{"floor":16.0,"key":"Ancient Potion"},{"floor":18.0,"key":"AttackPotion"}],"is_trial":false,"path_per_floor":["M","?","M","M","$","R","?","R","T","R","?","?","T","M","R","B",null,"M","?","M","M","M"],"character_chosen":"THE_SILENT","items_purchased":["All Out Attack","PiercingWail"],"campfire_rested":1,"item_purchase_floors":[5,5],"current_hp_per_floor":[59,39,30,30,30,30,28,28,28,28,17,17,17,17,36,10,52,37,37,37,16,0],"gold":75,"neow_bonus":"ONE_RANDOM_RARE_CARD","is_prod":false,"is_daily":false,"chose_seed":false,"campfire_upgraded":3,"win_rate":0,"timestamp":1566229247,"path_taken":["M","?","M","M","$","R","?","R","T","R","?","?","?","M","R","BOSS","M","?","M","M","M"],"build_version":"2019-07-17","purchased_purges":0,"victory":false,"max_hp_per_floor":[66,66,66,66,66,66,66,66,66,66,66,66,66,66,66,66,66,66,66,66,66,66],"card_choices":[{"not_picked":["Bane","Outmaneuver"],"picked":"Slice","floor":1.0},{"not_picked":["Calculated Gamble","Finisher"],"picked":"Backflip","floor":3.0},{"not_picked":["Finisher","Cloak And Dagger"],"picked":"Bouncing Flask","floor":4.0},{"not_picked":["Cloak And Dagger","Distraction"],"picked":"Bane","floor":7.0},{"not_picked":["Distraction","Deflect"],"picked":"Poisoned Stab","floor":14.0},{"not_picked":["Glass Knife","Doppelganger"],"picked":"Tools of the Trade+1","floor":16.0},{"not_picked":["Dagger Throw+1","Slice"],"picked":"Outmaneuver","floor":18.0},{"not_picked":["Cloak And Dagger+1","Reflex"],"picked":"Bane","floor":20.0},{"not_picked":["Sucker Punch","Setup"],"picked":"Bane","floor":21.0}],"player_experience":772849,"relics_obtained":[{"floor":7.0,"key":"Odd Mushroom"},{"floor":9.0,"key":"Paper Crane"},{"floor":13.0,"key":"Frozen Egg 2"}],"event_choices":[{"damage_healed":0.0,"max_hp_gain":0.0,"max_hp_loss":0.0,"gold_gain":0.0,"event_name":"Shining Light","player_choice":"Entered Light","floor":2.0,"gold_loss":0.0,"damage_taken":20.0,"cards_upgraded":["Strike_G","Defend_G"]},{"damage_healed":0.0,"max_hp_gain":0.0,"max_hp_loss":0.0,"gold_gain":0.0,"event_name":"Mushrooms","player_choice":"Fought Mushrooms","floor":7.0,"gold_loss":0.0,"damage_taken":0.0},{"damage_healed":0.0,"max_hp_gain":0.0,"max_hp_loss":0.0,"gold_gain":75.0,"event_name":"World of Goop","player_choice":"Gather Gold","floor":11.0,"gold_loss":0.0,"damage_taken":11.0},{"cards_removed":["Strike_G"],"damage_healed":0.0,"max_hp_gain":0.0,"max_hp_loss":0.0,"gold_gain":0.0,"event_name":"The Cleric","player_choice":"Card Removal","floor":12.0,"gold_loss":75.0,"damage_taken":0.0},{"damage_healed":0.0,"max_hp_gain":0.0,"max_hp_loss":0.0,"gold_gain":0.0,"event_name":"Addict","player_choice":"Obtained Relic","floor":19.0,"gold_loss":85.0,"damage_taken":0.0,"relics_obtained":["Gremlin Horn"]}],"is_beta":false,"boss_relics":[{"not_picked":["Lizard Tail","Pandora\u0027s Box"],"picked":"Ectoplasm"}],"items_purged_floors":[],"is_endless":false,"potions_floor_spawned":[4,16,18],"killed_by":"Chosen and Byrds","ascension_level":20}