{"gold_per_floor":[361,361,361,378,389,419,36,51,97,131,56,56,56,74,74,74],"floor_reached":16,"playtime":756,"items_purged":[],"score":220,"play_id":"8916f467-3ac5-4e53-9424-5ee55881ca07","local_time":"20190815123607","is_ascension_mode":true,"campfire_choices":[{"floor":13,"key":"REST"},{"data":"Streamline","floor":15,"key":"SMITH"}],"neow_cost":"TEN_PERCENT_HP_LOSS","seed_source_timestamp":45947240112200,"circlet_count":0,"master_deck":["AscendersBane","Strike_B","Strike_B","Strike_B","Defend_B","Defend_B","Defend_B","Zap","Dualcast","Streamline+1","Sweeping Beam","Sweeping Beam","Leap","Melter","Stack","Undo","Steam"],"relics":["Cracked Core","The Courier","ClockworkSouvenir","Lantern","Happy Flower","Pen Nib"],"potions_floor_usage":[6,16,16],"damage_taken":[{"damage":0,"enemies":"2 Louse","floor":1,"turns":3},{"damage":2,"enemies":"Jaw Worm","floor":4,"turns":3},{"damage":5,"enemies":"Small Slimes","floor":5,"turns":3},{"damage":25,"enemies":"3 Sentries","floor":6,"turns":7},{"damage":1,"enemies":"Looter","floor":8,"turns":3},{"damage":21,"enemies":"Lagavulin","floor":10,"turns":7},{"damage":2,"enemies":"2 Fungi Beasts","floor":14,"turns":3},{"damage":32,"enemies":"Hexaghost","floor":16,"turns":8}],"seed_played":"8841162763716264253","potions_obtained":[{"floor":1,"key":"SpeedPotion"},{"floor":5,"key":"Fruit Juice"},{"floor":8,"key":"AttackPotion"}],"is_trial":false,"path_per_floor":["M","?","?","M","M","E","$","M","T","E","?","?","R","M","R","B"],"character_chosen":"DEFECT","items_purchased":["ClockworkSouvenir","Lantern","Melter"],"campfire_rested":1,"item_purchase_floors":[7,7,7],"current_hp_per_floor":[64,69,69,67,62,37,37,36,36,15,15,8,28,26,26,0],"gold":74,"neow_bonus":"TWO_FIFTY_GOLD","is_prod":false,"is_daily":false,"chose_seed":false,"campfire_upgraded":1,"win_rate":0,"timestamp":1565865367,"path_taken":["M","?","?","M","M","E","$","M","T","E","?","?","R","M","R","BOSS"],"build_version":"2019-07-17","purchased_purges":0,"victory":false,"max_hp_per_floor":[64,69,69,69,69,69,69,69,69,69,69,69,69,69,69,74],"card_choices":[{"not_picked":["Fusion","Static Discharge"],"picked":"Streamline","floor":1},{"not_picked":["BootSequence","Go for the Eyes"],"picked":"Sweeping Beam","floor":4},{"not_picked":["Leap","Consume"],"picked":"Sweeping Beam","floor":5},{"not_picked":["Streamline","Steam"],"picked":"Leap","floor":6},{"not_picked":["Streamline","Rip and Tear"],"picked":"Stack","floor":8},{"not_picked":["Redo","Scrape"],"picked":"Undo","floor":10},{"not_picked":["BootSequence","Stack"],"picked":"Steam","floor":14}],"player_experience":1500221,"relics_obtained":[{"floor":6,"key":"The Courier"},{"floor":9,"key":"Happy Flower"},{"floor":10,"key":"Pen Nib"}],"event_choices":[{"damage_healed":0,"gold_gain":0,"player_choice":"Donut","damage_taken":0,"max_hp_gain":5,"max_hp_loss":0,"event_name":"Big Fish","floor":2,"gold_loss":0},{"damage_healed":0,"gold_gain":0,"player_choice":"Ignored","damage_taken":0,"max_hp_gain":0,"max_hp_loss":0,"event_name":"Liars Game","floor":3,"gold_loss":0},{"cards_removed":["Strike_B"],"damage_healed":0,"gold_gain":0,"player_choice":"Card Removal","damage_taken":0,"max_hp_gain":0,"max_hp_loss":0,"event_name":"The Cleric","floor":11,"gold_loss":75},{"cards_removed":["Defend_B"],"damage_healed":0,"gold_gain":0,"player_choice":"Card Removal","damage_taken":7,"max_hp_gain":0,"max_hp_loss":0,"event_name":"Golden Wing","floor":12,"gold_loss":0}],"is_beta":false,"boss_relics":[],"items_purged_floors":[],"is_endless":false,"potions_floor_spawned":[1,5,8],"killed_by":"Hexaghost","ascension_level":20}