{"gold_per_floor":[110,123,143,143,158,158,168,178,178,178,178,213,213,232,232,232],"floor_reached":16,"playtime":882,"items_purged":[],"score":208,"play_id":"3bc9549b-3992-454d-b282-02e3cdc2cea5","local_time":"20190818202113","is_ascension_mode":true,"campfire_choices":[{"floor":6,"key":"REST"},{"floor":11,"key":"REST"},{"data":"Die Die Die","floor":13,"key":"SMITH"},{"data":"Setup","floor":15,"key":"SMITH"}],"neow_cost":"PERCENT_DAMAGE","seed_source_timestamp":8680516623100,"circlet_count":0,"master_deck":["AscendersBane","Strike_G","Strike_G","Strike_G","Strike_G","Strike_G","Defend_G+1","Defend_G","Defend_G+1","Defend_G","Defend_G","Survivor","Neutralize","Mind Blast","Panache","Quick Slash","Deflect","Backstab+1","Prepared","Outmaneuver","Finisher","Die Die Die+1","Slice","Setup+1"],"relics":["Ring of the Snake","Prayer Wheel","Du-Vu Doll"],"potions_floor_usage":[8,16,16],"damage_taken":[{"damage":1,"enemies":"Small Slimes","floor":1,"turns":4},{"damage":7,"enemies":"Jaw Worm","floor":2,"turns":5},{"damage":2,"enemies":"Cultist","floor":3,"turns":3},{"damage":0,"enemies":"Large Slime","floor":5,"turns":9},{"damage":0,"enemies":"Looter","floor":7,"turns":3},{"damage":0,"enemies":"3 Louse","floor":8,"turns":3},{"damage":17,"enemies":"3 Sentries","floor":12,"turns":8},{"damage":0,"enemies":"Large Slime","floor":14,"turns":2},{"damage":39,"enemies":"Slime Boss","floor":16,"turns":8}],"seed_played":"2004223515796600765","potions_obtained":[{"floor":2,"key":"Weak Potion"},{"floor":5,"key":"GhostInAJar"},{"floor":14,"key":"Weak Potion"}],"is_trial":false,"path_per_floor":["M","M","M","?","M","R","M","M","T","?","R","E","R","M","R","B"],"character_chosen":"THE_SILENT","items_purchased":[],"campfire_rested":2,"item_purchase_floors":[],"current_hp_per_floor":[43,36,34,14,14,33,33,33,33,33,52,35,35,35,35,0],"gold":232,"neow_bonus":"RANDOM_COLORLESS_2","is_prod":false,"is_daily":false,"chose_seed":false,"campfire_upgraded":2,"win_rate":0,"timestamp":1566152473,"path_taken":["M","M","M","?","M","R","M","M","T","?","R","E","R","?","R","BOSS"],"build_version":"2019-07-17","purchased_purges":0,"victory":false,"max_hp_per_floor":[66,66,66,66,66,66,66,66,66,66,66,66,66,66,66,66],"card_choices":[{"not_picked":["Bane","Dodge and Roll"],"picked":"Quick Slash","floor":1},{"not_picked":["All Out Attack","Setup"],"picked":"Deflect","floor":2},{"not_picked":["Masterful Stab","Deflect"],"picked":"Backstab","floor":3},{"not_picked":["Dash","Choke"],"picked":"Prepared","floor":5},{"not_picked":["Bane","Dagger Throw"],"picked":"Outmaneuver","floor":7},{"not_picked":["Backstab","Poisoned Stab"],"picked":"Finisher","floor":8},{"not_picked":["PiercingWail","Dagger Spray"],"picked":"Die Die Die","floor":12},{"not_picked":["Finisher","Catalyst"],"picked":"Slice","floor":14},{"not_picked":["Dagger Throw","Crippling Poison"],"picked":"Setup","floor":14}],"player_experience":1515722,"relics_obtained":[{"floor":9,"key":"Prayer Wheel"},{"floor":12,"key":"Du-Vu Doll"}],"event_choices":[{"damage_healed":0,"gold_gain":0,"player_choice":"Entered Light","damage_taken":20,"max_hp_gain":0,"max_hp_loss":0,"event_name":"Shining Light","floor":4,"gold_loss":0,"cards_upgraded":["Defend_G","Defend_G"]},{"damage_healed":0,"gold_gain":0,"player_choice":"Upgraded","damage_taken":0,"max_hp_gain":0,"max_hp_loss":0,"event_name":"Upgrade Shrine","floor":10,"gold_loss":0,"cards_upgraded":["Backstab"]}],"is_beta":false,"boss_relics":[],"items_purged_floors":[],"is_endless":false,"potions_floor_spawned":[2,5,14],"killed_by":"Slime Boss","ascension_level":20}