{"gold_per_floor":[117,117,135,149,4,37,55,85,85,85,105,105,116,138,138,209,209,229,229,229,25,42,42],"floor_reached":23,"playtime":1539,"items_purged":[],"score":352,"play_id":"2503e106-633f-4fb2-bc90-4a1b82d81be4","local_time":"20190811170051","is_ascension_mode":true,"campfire_choices":[{"data":"True Grit","floor":10,"key":"SMITH"},{"data":"Carnage","floor":12,"key":"SMITH"},{"data":"Flame Barrier","floor":15,"key":"SMITH"}],"neow_cost":"NONE","seed_source_timestamp":593153708749500,"circlet_count":0,"master_deck":["AscendersBane","Strike_R","Strike_R","Strike_R","Strike_R","Strike_R","Defend_R","Defend_R","Defend_R","Defend_R","Bash","Carnage+1","Cleave","Cleave","Flame Barrier+1","Rampage","Havoc","True Grit+1","Battle Trance","Headbutt","Shrug It Off","Shrug It Off","Fiend Fire","Headbutt","Warcry"],"relics":["Burning Blood","Omamori","Dream Catcher","Mummified Hand","Magic Flower","Odd Mushroom","Cursed Key","TheAbacus"],"potions_floor_usage":[8,14,16,23],"damage_taken":[{"damage":1,"enemies":"2 Louse","floor":1,"turns":3},{"damage":1,"enemies":"Cultist","floor":3,"turns":3},{"damage":5,"enemies":"Small Slimes","floor":4,"turns":3},{"damage":23,"enemies":"Gremlin Nob","floor":6,"turns":4},{"damage":11,"enemies":"Looter","floor":7,"turns":2},{"damage":35,"enemies":"Lagavulin","floor":8,"turns":5},{"damage":0,"enemies":"2 Fungi Beasts","floor":11,"turns":4},{"damage":25,"enemies":"Large Slime","floor":13,"turns":5},{"damage":3,"enemies":"The Mushroom Lair","floor":14,"turns":2},{"damage":19,"enemies":"Hexaghost","floor":16,"turns":11},{"damage":7,"enemies":"Spheric Guardian","floor":18,"turns":4},{"damage":18,"enemies":"3 Byrds","floor":22,"turns":6},{"damage":55,"enemies":"Slavers","floor":23,"turns":6}],"seed_played":"271756477535910951","potions_obtained":[{"floor":1,"key":"FearPotion"},{"floor":2,"key":"Poison Potion"},{"floor":2,"key":"PowerPotion"},{"floor":11,"key":"Strength Potion"},{"floor":14,"key":"SpeedPotion"}],"is_trial":false,"path_per_floor":["M","?","M","M","$","E","M","E","T","R","M","R","M","?","R","B",null,"M","?","?","$","M","E"],"character_chosen":"IRONCLAD","items_purchased":["Flame Barrier","Rampage","TheAbacus"],"campfire_rested":0,"item_purchase_floors":[5,5,21],"current_hp_per_floor":[73,73,75,75,75,58,53,24,24,24,33,33,17,23,23,13,60,62,62,62,62,53,0],"gold":42,"neow_bonus":"RANDOM_COMMON_RELIC","is_prod":false,"is_daily":false,"chose_seed":false,"campfire_upgraded":3,"win_rate":0,"timestamp":1565535651,"path_taken":["M","?","?","M","$","E","M","E","T","R","M","R","M","?","R","BOSS","M","?","?","$","M","E"],"build_version":"2019-07-17","purchased_purges":0,"victory":false,"max_hp_per_floor":[75,75,75,75,75,75,75,75,75,75,75,75,75,75,75,75,75,75,75,75,75,75,75],"card_choices":[{"not_picked":["Battle Trance","Flex"],"picked":"Carnage","floor":1},{"not_picked":["Body Slam","Fiend Fire"],"picked":"Cleave","floor":3},{"not_picked":["Flex","Warcry"],"picked":"Cleave","floor":4},{"not_picked":["Seeing Red","Sword Boomerang"],"picked":"Havoc","floor":6},{"not_picked":["Carnage","Intimidate"],"picked":"True Grit","floor":7},{"not_picked":["Wild Strike","Immolate"],"picked":"Battle Trance","floor":8},{"not_picked":["Infernal Blade","Heavy Blade"],"picked":"Headbutt","floor":11},{"not_picked":["Iron Wave","Pommel Strike"],"picked":"Shrug It Off","floor":13},{"not_picked":["Iron Wave","Warcry"],"picked":"Shrug It Off","floor":14},{"not_picked":["Bludgeon","Immolate"],"picked":"Fiend Fire","floor":16},{"not_picked":["Flex","Body Slam","Clash+1"],"picked":"SKIP","floor":18},{"not_picked":["Heavy Blade","Rupture"],"picked":"Warcry","floor":22}],"player_experience":1470499,"relics_obtained":[{"floor":6,"key":"Dream Catcher"},{"floor":8,"key":"Mummified Hand"},{"floor":9,"key":"Magic Flower"},{"floor":14,"key":"Odd Mushroom"}],"event_choices":[{"damage_healed":0,"gold_gain":0,"player_choice":"Got Potions","damage_taken":0,"max_hp_gain":0,"max_hp_loss":0,"event_name":"Lab","floor":2,"gold_loss":0},{"damage_healed":0,"gold_gain":0,"player_choice":"Fought Mushrooms","damage_taken":0,"max_hp_gain":0,"max_hp_loss":0,"event_name":"Mushrooms","floor":14,"gold_loss":0},{"damage_healed":0,"gold_gain":0,"player_choice":"Ignored","damage_taken":0,"max_hp_gain":0,"max_hp_loss":0,"event_name":"Ghosts","floor":19,"gold_loss":0},{"damage_healed":0,"gold_gain":0,"player_choice":"Read","damage_taken":0,"max_hp_gain":0,"max_hp_loss":0,"event_name":"The Library","floor":20,"gold_loss":0,"cards_obtained":["Headbutt"]}],"is_beta":false,"boss_relics":[{"not_picked":["Runic Pyramid","Mark of Pain"],"picked":"Cursed Key"}],"items_purged_floors":[],"is_endless":false,"potions_floor_spawned":[1,3,11,13,14],"killed_by":"Slavers","ascension_level":15}