{"gold_per_floor":[111,10,10,28,28,28,48,67,67,93,93,122,46,64,64,164,164,176,176,194,205,205],"floor_reached":22,"playtime":3964,"items_purged":[],"score":294,"play_id":"6a3fc21a-1a7d-4159-954f-65161e45dcb7","local_time":"20190724101019","is_ascension_mode":true,"campfire_choices":[{"data":"Madness","floor":6,"key":"SMITH"},{"data":"Calculated Gamble","floor":11,"key":"SMITH"},{"floor":15,"key":"REST"}],"neow_cost":"NONE","seed_source_timestamp":2993727376005,"circlet_count":0,"master_deck":["AscendersBane","Strike_G","Strike_G","Strike_G","Strike_G","Strike_G","Defend_G","Defend_G","Defend_G","Defend_G","Defend_G","Survivor","Neutralize","Madness+1","Underhanded Strike","Calculated Gamble+1","Caltrops","Flying Knee","Footwork","Sucker Punch","PiercingWail","Acrobatics","Well Laid Plans","Caltrops","Flying Knee","Die Die Die","Acrobatics","Dodge and Roll","Dash","Noxious Fumes+1"],"relics":["Ring of the Serpent","StoneCalendar","Prayer Wheel","Nloth\u0027s Gift"],"potions_floor_usage":[10,12,14,21,21],"damage_taken":[{"damage":1,"enemies":"Cultist","floor":1,"turns":5},{"damage":4,"enemies":"Small Slimes","floor":4,"turns":4},{"damage":0,"enemies":"Jaw Worm","floor":7,"turns":4},{"damage":0,"enemies":"Blue Slaver","floor":8,"turns":6},{"damage":32,"enemies":"Gremlin Nob","floor":10,"turns":6},{"damage":14,"enemies":"Lagavulin","floor":12,"turns":7},{"damage":2,"enemies":"Lots of Slimes","floor":14,"turns":7},{"damage":27,"enemies":"The Guardian","floor":16,"turns":13},{"damage":24,"enemies":"2 Thieves","floor":18,"turns":5},{"damage":9,"enemies":"Chosen","floor":20,"turns":7},{"damage":19,"enemies":"Centurion and Healer","floor":21,"turns":8},{"damage":2,"enemies":"3 Cultists","floor":22,"turns":2}],"seed_played":"9173383590166275134","potions_obtained":[{"floor":4,"key":"Poison Potion"},{"floor":8,"key":"EssenceOfSteel"},{"floor":12,"key":"GamblersBrew"},{"floor":14,"key":"Dexterity Potion"},{"floor":20,"key":"SpeedPotion"},{"floor":21,"key":"Dexterity Potion"}],"is_trial":false,"path_per_floor":["M","$","?","M","$","R","M","M","T","E","R","E","$","M","R","B",null,"M","?","M","M","M"],"character_chosen":"THE_SILENT","items_purchased":["Calculated Gamble","Caltrops","Well Laid Plans"],"campfire_rested":1,"item_purchase_floors":[2,2,13],"current_hp_per_floor":[62,62,62,58,58,58,58,58,58,26,26,12,12,10,31,4,54,30,30,21,2,0],"gold":205,"neow_bonus":"RANDOM_COLORLESS","is_prod":false,"is_daily":false,"chose_seed":false,"campfire_upgraded":2,"win_rate":0,"timestamp":1563988219,"path_taken":["M","$","?","M","$","R","?","M","T","E","R","E","?","M","R","BOSS","M","?","M","M","?"],"build_version":"2019-07-17","purchased_purges":0,"victory":false,"max_hp_per_floor":[70,70,70,70,70,70,70,70,70,70,70,70,70,70,70,70,70,70,70,70,70,70],"card_choices":[{"not_picked":["Slice","Dagger Spray"],"picked":"Underhanded Strike","floor":1},{"not_picked":["Bane","Slice"],"picked":"Flying Knee","floor":4},{"not_picked":["Poisoned Stab","Blade Dance"],"picked":"Footwork","floor":7},{"not_picked":["Endless Agony","Quick Slash"],"picked":"Sucker Punch","floor":8},{"not_picked":["Dodge and Roll","Quick Slash"],"picked":"PiercingWail","floor":10},{"not_picked":["Poisoned Stab","Underhanded Strike"],"picked":"Acrobatics","floor":12},{"not_picked":["Eviscerate","Quick Slash"],"picked":"Caltrops","floor":14},{"not_picked":["Grand Finale","Accuracy"],"picked":"Flying Knee","floor":14},{"not_picked":["Night Terror","Glass Knife"],"picked":"Die Die Die","floor":16},{"not_picked":["Expertise+1","Dash"],"picked":"Acrobatics","floor":18},{"not_picked":["Deadly Poison+1","Quick Slash+1"],"picked":"Dodge and Roll","floor":18},{"not_picked":["Dagger Spray","Skewer","Cloak And Dagger"],"picked":"SKIP","floor":20},{"not_picked":["Envenom","Sucker Punch","Backstab"],"picked":"SKIP","floor":20},{"not_picked":["Dagger Spray","Eviscerate"],"picked":"Dash","floor":21},{"not_picked":["Outmaneuver","Dagger Throw"],"picked":"Noxious Fumes+1","floor":21}],"player_experience":446410,"relics_obtained":[{"floor":9,"key":"StoneCalendar"},{"floor":10,"key":"Prayer Wheel"},{"floor":12,"key":"Dodecahedron"}],"event_choices":[{"damage_healed":0,"gold_gain":0,"player_choice":"Ignored","damage_taken":0,"max_hp_gain":0,"max_hp_loss":0,"event_name":"WeMeetAgain","floor":3,"gold_loss":0},{"damage_healed":0,"gold_gain":0,"player_choice":"Traded Relic","damage_taken":0,"relics_obtained":["Nloth\u0027s Gift"],"max_hp_gain":0,"max_hp_loss":0,"event_name":"N\u0027loth","floor":19,"relics_lost":["Dodecahedron"],"gold_loss":0}],"is_beta":false,"boss_relics":[{"not_picked":["Tiny House","Fusion Hammer"],"picked":"Ring of the Serpent"}],"items_purged_floors":[],"is_endless":false,"potions_floor_spawned":[4,8,12,14,20,21],"killed_by":"3 Cultists","ascension_level":10}