{"gold_per_floor":[118,133,213,2,2,28,28,54,124,124,140,290,290,310,310,384,384,403,403,78,96,114,114,140,140,140,152,181,227,219,248,260,349,361,390,415,427,450,24,58,76,76,101,113,113,113,145,161,161,161,161,161,161,7,34,34],"floor_reached":56,"playtime":4536,"items_purged":["Doubt","Anger","Clash"],"score":2035,"play_id":"122b8627-9f6a-452a-8241-05f4f22b782a","local_time":"20190721140738","is_ascension_mode":true,"campfire_choices":[{"data":"Searing Blow+1","floor":7.0,"key":"SMITH"},{"data":"Armaments","floor":10.0,"key":"SMITH"},{"data":"Searing Blow+2","floor":13.0,"key":"SMITH"},{"data":"Searing Blow+3","floor":15.0,"key":"SMITH"},{"data":"Searing Blow+4","floor":23.0,"key":"SMITH"},{"data":"Searing Blow+5","floor":25.0,"key":"SMITH"},{"data":"Searing Blow+6","floor":27.0,"key":"SMITH"},{"data":"Searing Blow+7","floor":32.0,"key":"SMITH"},{"floor":45.0,"key":"RECALL"},{"data":"Feel No Pain","floor":49.0,"key":"SMITH"},{"data":"Fiend Fire","floor":53.0,"key":"SMITH"}],"neow_cost":"NONE","seed_source_timestamp":991924630517338,"circlet_count":0,"master_deck":["AscendersBane","Bash","Armaments+1","Searing Blow+8","Pommel Strike","Flame Barrier+1","Clothesline","Dual Wield+1","Fiend Fire+1","Dual Wield+1","Shrug It Off+1","Headbutt","True Grit+1","Second Wind+1","Pommel Strike+1","Second Wind+1","Double Tap+1","Disarm+1","Flex+1","Havoc+1","Bludgeon","Sever Soul","Searing Blow+8","Impervious+1","Feel No Pain+1","True Grit+1","Warcry+1","Sentinel+1"],"special_seed":0,"relics":["Snecko Eye","Happy Flower","Art of War","Unceasing Top","Toxic Egg 2","Orrery","Omamori","Centennial Puzzle","MawBank","Ancient Tea Set","Pandora\u0027s Box","Anchor","Du-Vu Doll","War Paint","Vajra"],"potions_floor_usage":[],"damage_taken":[{"damage":0.0,"enemies":"Small Slimes","floor":1.0,"turns":2.0},{"damage":2.0,"enemies":"Jaw Worm","floor":2.0,"turns":4.0},{"damage":30.0,"enemies":"3 Sentries","floor":6.0,"turns":10.0},{"damage":5.0,"enemies":"Lagavulin","floor":8.0,"turns":5.0},{"damage":0.0,"enemies":"Cultist","floor":11.0,"turns":2.0},{"damage":5.0,"enemies":"3 Louse","floor":14.0,"turns":2.0},{"damage":11.0,"enemies":"The Guardian","floor":16.0,"turns":4.0},{"damage":0.0,"enemies":"Shell Parasite","floor":18.0,"turns":2.0},{"damage":5.0,"enemies":"2 Thieves","floor":21.0,"turns":4.0},{"damage":22.0,"enemies":"Sentry and Sphere","floor":22.0,"turns":4.0},{"damage":10.0,"enemies":"Slavers","floor":24.0,"turns":3.0},{"damage":0.0,"enemies":"Snake Plant","floor":28.0,"turns":2.0},{"damage":2.0,"enemies":"Book of Stabbing","floor":29.0,"turns":3.0},{"damage":0.0,"enemies":"Centurion and Healer","floor":31.0,"turns":3.0},{"damage":0.0,"enemies":"Champ","floor":33.0,"turns":7.0},{"damage":22.0,"enemies":"3 Shapes","floor":35.0,"turns":4.0},{"damage":7.0,"enemies":"3 Darklings","floor":36.0,"turns":5.0},{"damage":24.0,"enemies":"Jaw Worm Horde","floor":38.0,"turns":4.0},{"damage":3.0,"enemies":"Nemesis","floor":40.0,"turns":7.0},{"damage":0.0,"enemies":"4 Shapes","floor":41.0,"turns":6.0},{"damage":0.0,"enemies":"Transient","floor":44.0,"turns":5.0},{"damage":1.0,"enemies":"Giant Head","floor":47.0,"turns":3.0},{"damage":0.0,"enemies":"Jaw Worm Horde","floor":48.0,"turns":1.0},{"damage":30.0,"enemies":"Time Eater","floor":50.0,"turns":4.0},{"damage":28.0,"enemies":"Awakened One","floor":51.0,"turns":5.0},{"damage":34,"enemies":"Shield and Spear","floor":55,"turns":7},{"damage":101,"enemies":"The Heart","floor":56,"turns":5}],"seed_played":"-4739588790778207731","potions_obtained":[{"floor":8.0,"key":"Dexterity Potion"},{"floor":14.0,"key":"Explosive Potion"},{"floor":16.0,"key":"Weak Potion"},{"floor":22.0,"key":"SneckoOil"},{"floor":28.0,"key":"Block Potion"},{"floor":30.0,"key":"Energy Potion"},{"floor":41.0,"key":"FairyPotion"},{"floor":48.0,"key":"Regen Potion"}],"is_trial":false,"path_per_floor":["M","M","?","$","?","E","R","E","T","R","M","?","R","M","R","B",null,"M","?","$","M","M","R","E","R","T","R","M","E","?","M","R","B",null,"M","M","?","M","$","E","M","?","T","M","R","?","E","M","R","B","B",null,"R","$","E","B"],"character_chosen":"IRONCLAD","items_purchased":["Happy Flower","Pommel Strike","Second Wind+1","Omamori","Impervious+1","Anchor","Feel No Pain","Warcry+1"],"campfire_rested":0,"item_purchase_floors":[4,4,20,20,39,39,39,54],"current_hp_per_floor":[68,66,66,66,66,36,36,31,31,31,31,31,31,26,26,15,60,60,60,60,55,33,33,23,23,23,23,23,21,21,21,21,21,62,40,33,33,9,9,6,6,75,75,75,75,75,74,74,74,44,30,64,64,64,30,0],"gold":34,"neow_bonus":"BOSS_RELIC","is_prod":false,"is_daily":false,"chose_seed":false,"campfire_upgraded":10,"win_rate":0,"timestamp":1563710858,"path_taken":["M","M","?","$","?","E","R","E","T","R","M","?","R","M","R","BOSS","M","?","$","?","M","R","E","R","T","R","M","E","?","?","R","BOSS","M","?","?","M","$","E","?","?","T","?","R","?","E","M","R","BOSS","BOSS","R","$","E","BOSS"],"build_version":"2019-07-17","purchased_purges":3,"victory":false,"max_hp_per_floor":[75,75,75,75,75,75,75,75,75,75,75,75,75,75,75,75,75,75,75,75,75,75,75,75,75,75,75,75,75,75,75,75,75,75,75,75,75,75,75,75,75,75,75,75,75,75,75,75,75,75,75,75,75,75,75,75],"card_choices":[{"not_picked":["Sword Boomerang","Rage"],"picked":"Armaments","floor":1.0},{"not_picked":["Cleave","Armaments"],"picked":"Searing Blow","floor":2.0},{"not_picked":["Clothesline","Perfected Strike","Flex"],"picked":"SKIP","floor":6.0},{"not_picked":["Dual Wield","Dropkick"],"picked":"Flame Barrier","floor":8.0},{"not_picked":["Berserk","Thunderclap"],"picked":"Clothesline","floor":11.0},{"not_picked":["Clothesline","Armaments+1"],"picked":"Dual Wield+1","floor":14.0},{"not_picked":["Brutality","Demon Form"],"picked":"Fiend Fire","floor":16.0},{"not_picked":["Burning Pact+1","Twin Strike"],"picked":"Dual Wield+1","floor":17.0},{"not_picked":["Clothesline","Evolve"],"picked":"Shrug It Off+1","floor":17.0},{"not_picked":["Body Slam","Sword Boomerang"],"picked":"Headbutt","floor":17.0},{"not_picked":["Thunderclap+1","Berserk","Fire Breathing"],"picked":"SKIP","floor":18.0},{"not_picked":["Clash","Spot Weakness+1"],"picked":"Pommel Strike+1","floor":21.0},{"not_picked":["Clothesline","Searing Blow","Pommel Strike"],"picked":"SKIP","floor":22.0},{"not_picked":["Flex+1","Inflame+1"],"picked":"Second Wind+1","floor":24.0},{"not_picked":["Twin Strike","Bloodletting+1","Rupture"],"picked":"SKIP","floor":28.0},{"not_picked":["Carnage","Perfected Strike","Cleave"],"picked":"SKIP","floor":29.0},{"not_picked":["Bloodletting+1","Flex+1","Anger"],"picked":"SKIP","floor":31.0},{"not_picked":["Berserk","Brutality"],"picked":"Double Tap+1","floor":33.0},{"not_picked":["Clash","Rupture","Clothesline"],"picked":"SKIP","floor":35.0},{"not_picked":["Inflame","Iron Wave","Heavy Blade"],"picked":"SKIP","floor":36.0},{"not_picked":["Clash","Pommel Strike","Thunderclap+1"],"picked":"SKIP","floor":38.0},{"not_picked":["Wild Strike","Twin Strike","Rage+1"],"picked":"SKIP","floor":40.0},{"not_picked":["Wild Strike","Sword Boomerang","Headbutt"],"picked":"SKIP","floor":41.0},{"not_picked":["Second Wind+1","Rampage","Body Slam+1"],"picked":"SKIP","floor":44.0},{"not_picked":["Entrench+1","Flex+1","Limit Break+1"],"picked":"SKIP","floor":47.0},{"not_picked":["Rampage","Sever Soul"],"picked":"True Grit+1","floor":48.0},{"not_picked":["Body Slam","Power Through+1"],"picked":"Sentinel+1","floor":55}],"player_experience":1391263,"relics_obtained":[{"floor":6.0,"key":"Art of War"},{"floor":8.0,"key":"Unceasing Top"},{"floor":9.0,"key":"Toxic Egg 2"},{"floor":24.0,"key":"Centennial Puzzle"},{"floor":26.0,"key":"MawBank"},{"floor":29.0,"key":"Ancient Tea Set"},{"floor":40.0,"key":"Du-Vu Doll"},{"floor":47.0,"key":"War Paint"},{"floor":55,"key":"Vajra"}],"event_choices":[{"damage_healed":0.0,"max_hp_gain":0.0,"max_hp_loss":0.0,"gold_gain":80.0,"event_name":"Golden Wing","player_choice":"Gained Gold","floor":3.0,"gold_loss":0.0,"damage_taken":0.0},{"damage_healed":0.0,"max_hp_gain":0.0,"max_hp_loss":0.0,"gold_gain":0.0,"event_name":"Living Wall","player_choice":"Grow","floor":5.0,"gold_loss":0.0,"damage_taken":0.0,"cards_upgraded":["Searing Blow"]},{"damage_healed":0.0,"max_hp_gain":0.0,"max_hp_loss":0.0,"gold_gain":150.0,"event_name":"Liars Game","player_choice":"AGREE","floor":12.0,"gold_loss":0.0,"damage_taken":0.0,"cards_obtained":["Doubt"]},{"damage_healed":0.0,"max_hp_gain":0.0,"max_hp_loss":0.0,"gold_gain":0.0,"cards_transformed":["Strike_R"],"event_name":"Transmorgrifier","player_choice":"Transformed","floor":19.0,"gold_loss":0.0,"damage_taken":0.0,"cards_obtained":["True Grit"]},{"damage_healed":0.0,"max_hp_gain":0.0,"max_hp_loss":0.0,"gold_gain":0.0,"event_name":"The Woman in Blue","player_choice":"Bought 1 Potion","floor":30.0,"gold_loss":0.0,"damage_taken":0.0},{"damage_healed":0.0,"max_hp_gain":0.0,"max_hp_loss":0.0,"gold_gain":0.0,"event_name":"Duplicator","player_choice":"Copied","floor":37.0,"gold_loss":0.0,"damage_taken":0.0,"cards_obtained":["Searing Blow"]},{"cards_removed":["Infernal Blade"],"damage_healed":69.0,"max_hp_gain":0.0,"max_hp_loss":0.0,"gold_gain":0.0,"event_name":"Bonfire Elementals","player_choice":"Offered Uncommon","floor":42.0,"gold_loss":0.0,"damage_taken":0.0},{"damage_healed":15.0,"max_hp_gain":0.0,"max_hp_loss":0.0,"gold_gain":0.0,"event_name":"Winding Halls","player_choice":"Writhe","floor":46.0,"gold_loss":0.0,"damage_taken":0.0,"cards_obtained":["Writhe"]}],"is_beta":false,"boss_relics":[{"not_picked":["Philosopher\u0027s Stone","White Beast Statue"],"picked":"Orrery"},{"not_picked":["Runic Cube","Fusion Hammer"],"picked":"Pandora\u0027s Box"}],"items_purged_floors":[20,39,54],"is_endless":false,"potions_floor_spawned":[8,14,16,22,28,35,41,48],"killed_by":"The Heart","ascension_level":20}