{"gold_per_floor":[109,86,86,98,111,138,138,168,244,244,274,289,302,321,321,424,424,439,439,439,34,47,72,72,92,161,161,161,186,205,205,205,308,308,323,423,438,84,84,100,426,445,445,464,464,494,494,508,508,508,508,508,10,42,42],"floor_reached":56,"playtime":8562,"items_purged":["Strike_G","Infinite Blades","Storm of Steel"],"score":1491,"play_id":"345f4f6f-19e3-4ccd-84d2-c2d27835d334","local_time":"20190709141943","is_ascension_mode":true,"campfire_choices":[{"floor":7,"key":"RECALL"},{"data":"Acrobatics","floor":10,"key":"SMITH"},{"data":"Acrobatics","floor":15,"key":"SMITH"},{"floor":24,"key":"REST"},{"floor":28,"key":"REST"},{"floor":32,"key":"REST"},{"floor":45,"key":"REST"},{"floor":47,"key":"REST"},{"floor":49,"key":"REST"},{"data":"Acrobatics","floor":52,"key":"SMITH"}],"neow_cost":"NONE","seed_source_timestamp":610248574014710,"circlet_count":0,"master_deck":["Survivor","Neutralize","Dagger Throw+1","Dagger Throw","Dagger Throw","Underhanded Strike","Acrobatics+1","Die Die Die","Caltrops","Terror","Underhanded Strike","Acrobatics+1","A Thousand Cuts","Tactician","Caltrops","Reflex","Reflex","Leg Sweep","Underhanded Strike","Necronomicurse","Concentrate","PiercingWail","Sucker Punch","Crippling Poison","Wraith Form v2","Underhanded Strike","Masterful Stab","Prepared","Acrobatics+1","After Image","PiercingWail","Calculated Gamble","Bouncing Flask","Backflip","Night Terror","Masterful Stab","Prepared+1","Backflip","Dagger Throw+1","Escape Plan+1","Flying Knee","Predator+1","Underhanded Strike","Noxious Fumes","Quick Slash+1","Dash+1","Adrenaline","After Image","Heel Hook","Envenom"],"relics":["Ring of the Snake","Tough Bandages","Anchor","Du-Vu Doll","Orrery","Necronomicon","Ornamental Fan","Dream Catcher","Kunai","Happy Flower","Pandora\u0027s Box","Peace Pipe","Mercury Hourglass","Old Coin","Pear","Art of War","Sundial"],"potions_floor_usage":[8,16,16,23,33],"damage_taken":[{"damage":0,"enemies":"Cultist","floor":1,"turns":5},{"damage":0,"enemies":"2 Louse","floor":4,"turns":2},{"damage":0,"enemies":"Jaw Worm","floor":5,"turns":3},{"damage":11,"enemies":"Gremlin Nob","floor":6,"turns":4},{"damage":15,"enemies":"Lagavulin","floor":8,"turns":8},{"damage":1,"enemies":"3 Sentries","floor":11,"turns":5},{"damage":0,"enemies":"Large Slime","floor":12,"turns":7},{"damage":1,"enemies":"Exordium Thugs","floor":13,"turns":4},{"damage":0,"enemies":"Looter","floor":14,"turns":2},{"damage":26,"enemies":"The Guardian","floor":16,"turns":9},{"damage":23,"enemies":"3 Byrds","floor":18,"turns":6},{"damage":11,"enemies":"Shell Parasite","floor":22,"turns":4},{"damage":8,"enemies":"Slavers","floor":23,"turns":7},{"damage":16,"enemies":"Snecko","floor":25,"turns":6},{"damage":6,"enemies":"Book of Stabbing","floor":29,"turns":5},{"damage":0,"enemies":"Snake Plant","floor":30,"turns":3},{"damage":21,"enemies":"Collector","floor":33,"turns":12},{"damage":28,"enemies":"Orb Walker","floor":35,"turns":4},{"damage":0,"enemies":"Mind Bloom Boss Battle","floor":36,"turns":5},{"damage":10,"enemies":"3 Darklings","floor":37,"turns":4},{"damage":12,"enemies":"Spire Growth","floor":40,"turns":3},{"damage":2,"enemies":"Nemesis","floor":41,"turns":5},{"damage":7,"enemies":"Writhing Mass","floor":42,"turns":4},{"damage":0,"enemies":"Maw","floor":44,"turns":5},{"damage":0,"enemies":"Reptomancer","floor":46,"turns":5},{"damage":15,"enemies":"4 Shapes","floor":48,"turns":2},{"damage":3,"enemies":"Donu and Deca","floor":50,"turns":9},{"damage":0,"enemies":"Shield and Spear","floor":54,"turns":4},{"damage":46,"enemies":"The Heart","floor":55,"turns":9}],"seed_played":"5454593991933464592","potions_obtained":[{"floor":1,"key":"Poison Potion"},{"floor":4,"key":"Explosive Potion"},{"floor":5,"key":"GamblersBrew"},{"floor":8,"key":"AttackPotion"},{"floor":14,"key":"Poison Potion"},{"floor":22,"key":"SkillPotion"},{"floor":29,"key":"SkillPotion"},{"floor":33,"key":"GhostInAJar"},{"floor":37,"key":"Fire Potion"},{"floor":40,"key":"Poison Potion"},{"floor":41,"key":"EntropicBrew"},{"floor":42,"key":"SpeedPotion"}],"is_trial":false,"path_per_floor":["M","$","?","M","M","E","R","E","T","R","E","M","M","M","R","B",null,"M","?","?","$","M","E","R","M","T","?","R","E","M","?","R","B",null,"M","?","M","$","?","M","E","M","T","M","R","E","R","M","R","B",null,"R","$","E","B",null],"character_chosen":"THE_SILENT","items_purchased":["Dagger Throw","Ornamental Fan","Concentrate","Mercury Hourglass","Adrenaline","After Image","Heel Hook"],"campfire_rested":6,"item_purchase_floors":[2,21,21,38,53,53,53],"current_hp_per_floor":[77,77,77,77,77,66,66,51,51,51,50,50,49,49,49,23,77,54,40,24,24,13,5,29,13,13,13,37,31,31,31,55,34,82,54,54,44,44,44,32,30,23,33,33,60,60,87,72,92,89,92,92,92,92,46],"gold":42,"neow_bonus":"TEN_PERCENT_HP_BONUS","is_prod":false,"is_daily":false,"chose_seed":false,"campfire_upgraded":3,"win_rate":0,"timestamp":1562707183,"path_taken":["M","$","?","M","M","E","R","E","T","R","E","?","?","M","R","BOSS","M","?","?","$","M","E","R","M","T","?","R","E","?","?","R","BOSS","M","?","M","$","?","M","E","M","T","M","R","E","R","?","R","BOSS","R","$","E","BOSS"],"build_version":"2019-07-05","purchased_purges":3,"victory":true,"max_hp_per_floor":[77,77,77,77,77,77,77,77,77,77,77,77,77,77,77,77,77,77,82,82,82,82,82,82,82,82,82,82,82,82,82,82,82,82,82,82,82,82,82,82,82,82,92,92,92,92,92,92,92,92,92,92,92,92,92],"card_choices":[{"not_picked":["Bane","Predator"],"picked":"Dagger Throw","floor":1},{"not_picked":["Masterful Stab","Setup"],"picked":"Dagger Throw","floor":4},{"not_picked":["Noxious Fumes","Eviscerate"],"picked":"Underhanded Strike","floor":5},{"not_picked":["Prepared","Choke"],"picked":"Acrobatics","floor":6},{"not_picked":["Blade Dance","Poisoned Stab"],"picked":"Die Die Die","floor":8},{"not_picked":["Endless Agony","Grand Finale"],"picked":"Caltrops","floor":11},{"not_picked":["Deadly Poison","All Out Attack"],"picked":"Terror","floor":12},{"not_picked":["Dodge and Roll","Slice"],"picked":"Underhanded Strike","floor":13},{"not_picked":["Prepared","Terror"],"picked":"Acrobatics","floor":14},{"not_picked":["Grand Finale","Malaise"],"picked":"A Thousand Cuts","floor":16},{"not_picked":["Footwork","Dodge and Roll"],"picked":"Tactician","floor":17},{"not_picked":["Sucker Punch","Dodge and Roll"],"picked":"Caltrops","floor":17},{"not_picked":["Backflip","Bane"],"picked":"Reflex","floor":17},{"not_picked":["Outmaneuver","Cloak And Dagger"],"picked":"Reflex","floor":17},{"not_picked":["Flying Knee","Dodge and Roll"],"picked":"Leg Sweep","floor":17},{"not_picked":["Catalyst+1","PiercingWail"],"picked":"Underhanded Strike","floor":18},{"not_picked":["Choke","Slice"],"picked":"PiercingWail","floor":22},{"not_picked":["Blade Dance+1","All Out Attack"],"picked":"Sucker Punch","floor":23},{"not_picked":["Blade Dance+1","Blur"],"picked":"Crippling Poison","floor":24},{"not_picked":["Cloak And Dagger","Terror"],"picked":"Wraith Form v2","floor":25},{"not_picked":["Dodge and Roll+1","Dagger Throw"],"picked":"Underhanded Strike","floor":28},{"not_picked":["Burst","Choke+1"],"picked":"Masterful Stab","floor":29},{"not_picked":["Reflex","Dash"],"picked":"Prepared","floor":30},{"not_picked":["Noxious Fumes","PiercingWail"],"picked":"Acrobatics","floor":32},{"not_picked":["Grand Finale","Bullet Time"],"picked":"After Image","floor":33},{"not_picked":["PiercingWail","Backflip"],"picked":"Prepared+1","floor":35},{"not_picked":["Blade Dance+1","Dodge and Roll"],"picked":"Backflip","floor":36},{"not_picked":["Backflip","Slice+1","Catalyst"],"picked":"SKIP","floor":37},{"not_picked":["Dash","Bouncing Flask"],"picked":"Dagger Throw+1","floor":40},{"not_picked":["Blade Dance","Backflip","Dagger Spray+1"],"picked":"SKIP","floor":41},{"not_picked":["Predator+1","Accuracy"],"picked":"Escape Plan+1","floor":42},{"not_picked":["Catalyst+1","Deadly Poison"],"picked":"Flying Knee","floor":44},{"not_picked":["Catalyst+1","Slice+1"],"picked":"Predator+1","floor":45},{"not_picked":["Sucker Punch","Noxious Fumes"],"picked":"Underhanded Strike","floor":46},{"not_picked":["PiercingWail","Dodge and Roll"],"picked":"Noxious Fumes","floor":47},{"not_picked":["Deadly Poison","PiercingWail"],"picked":"Quick Slash+1","floor":48},{"not_picked":["Riddle With Holes","Blade Dance"],"picked":"Dash+1","floor":49},{"not_picked":["Deflect+1","Cloak And Dagger+1"],"picked":"Envenom","floor":54}],"player_experience":161734,"relics_obtained":[{"floor":6,"key":"Tough Bandages"},{"floor":8,"key":"Anchor"},{"floor":11,"key":"Du-Vu Doll"},{"floor":20,"key":"Necronomicon"},{"floor":23,"key":"Dream Catcher"},{"floor":26,"key":"Kunai"},{"floor":29,"key":"Happy Flower"},{"floor":36,"key":"Peace Pipe"},{"floor":41,"key":"Old Coin"},{"floor":43,"key":"Pear"},{"floor":46,"key":"Art of War"},{"floor":54,"key":"Sundial"}],"event_choices":[{"damage_healed":0,"gold_gain":0,"player_choice":"Forge","damage_taken":0,"max_hp_gain":0,"max_hp_loss":0,"event_name":"Accursed Blacksmith","floor":3,"gold_loss":0,"cards_upgraded":["Dagger Throw"]},{"damage_healed":0,"gold_gain":0,"player_choice":"Shed Blood","damage_taken":19,"max_hp_gain":5,"max_hp_loss":0,"event_name":"Forgotten Altar","floor":19,"gold_loss":0},{"damage_healed":0,"gold_gain":0,"player_choice":"Obtained Book","damage_taken":16,"max_hp_gain":0,"max_hp_loss":0,"event_name":"Cursed Tome","floor":20,"gold_loss":0},{"cards_removed":["Strike_G"],"damage_healed":0,"gold_gain":0,"player_choice":"Card Removal","damage_taken":0,"max_hp_gain":0,"max_hp_loss":0,"event_name":"Wheel of Change","floor":27,"gold_loss":0},{"damage_healed":0,"gold_gain":0,"player_choice":"Ignored","damage_taken":0,"max_hp_gain":0,"max_hp_loss":0,"event_name":"Ghosts","floor":31,"gold_loss":0},{"damage_healed":0,"gold_gain":0,"player_choice":"Fight","damage_taken":0,"max_hp_gain":0,"max_hp_loss":0,"event_name":"MindBloom","floor":36,"gold_loss":0},{"damage_healed":0,"gold_gain":0,"player_choice":"Ignored","damage_taken":0,"max_hp_gain":0,"max_hp_loss":0,"event_name":"SecretPortal","floor":39,"gold_loss":0}],"is_beta":false,"boss_relics":[{"not_picked":["Ectoplasm","White Beast Statue"],"picked":"Orrery"},{"not_picked":["Snecko Eye","Velvet Choker"],"picked":"Pandora\u0027s Box"}],"items_purged_floors":[21,38,53],"is_endless":false,"potions_floor_spawned":[1,4,5,8,14,22,29,33,37,40,41,42,46],"ascension_level":2}