{"gold_per_floor":[111,111,125,15,15,47,67,67,90,118,16,49,69,88,88,189,189,159,14,14,14,28,63,78,78],"floor_reached":25,"playtime":2834,"items_purged":["Strike_G","Defend_G"],"score":359,"play_id":"98b1b966-4678-453a-a3a6-1079e2eb1776","local_time":"20190724155149","is_ascension_mode":true,"campfire_choices":[{"data":"Calculated Gamble","floor":8.0,"key":"SMITH"},{"data":"Leg Sweep","floor":15,"key":"SMITH"}],"neow_cost":"NONE","seed_source_timestamp":24539086149632,"circlet_count":0,"master_deck":["AscendersBane","Strike_G+1","Strike_G+1","Strike_G+1","Defend_G+1","Defend_G+1","Defend_G+1","Defend_G+1","Survivor","Neutralize+1","Calculated Gamble+1","Backflip","Terror+1","Leg Sweep+1","Well Laid Plans","Deflect","Flying Knee","Corpse Explosion","PiercingWail","Deflect","Sucker Punch","Adrenaline","Backflip","Trip","Storm of Steel","Blur","Dagger Spray+1","Noxious Fumes+1","Bouncing Flask+1","Dodge and Roll+1"],"special_seed":0,"relics":["Ring of the Snake","Smiling Mask","Whetstone","Prayer Wheel","Pantograph","Odd Mushroom","Black Star","Happy Flower","The Courier"],"potions_floor_usage":[16,16,23,23,25],"damage_taken":[{"damage":0.0,"enemies":"Jaw Worm","floor":1.0,"turns":8.0},{"damage":0.0,"enemies":"Small Slimes","floor":3.0,"turns":5.0},{"damage":7.0,"enemies":"Lagavulin","floor":6.0,"turns":9.0},{"damage":0.0,"enemies":"Cultist","floor":7.0,"turns":4.0},{"damage":14.0,"enemies":"3 Sentries","floor":10.0,"turns":11.0},{"damage":4.0,"enemies":"Gremlin Nob","floor":12.0,"turns":4.0},{"damage":0,"enemies":"The Mushroom Lair","floor":13,"turns":3},{"damage":0,"enemies":"2 Fungi Beasts","floor":14,"turns":3},{"damage":47,"enemies":"Slime Boss","floor":16,"turns":18},{"damage":17,"enemies":"2 Thieves","floor":18,"turns":5},{"damage":10,"enemies":"Spheric Guardian","floor":22,"turns":8},{"damage":4,"enemies":"Gremlin Leader","floor":23,"turns":8},{"damage":3,"enemies":"Shelled Parasite and Fungi","floor":24,"turns":7},{"damage":20,"enemies":"Slavers","floor":25,"turns":4}],"seed_played":"-3379302934013161728","potions_obtained":[{"floor":7.0,"key":"GamblersBrew"},{"floor":10.0,"key":"Swift Potion"},{"floor":12.0,"key":"AttackPotion"},{"floor":16,"key":"GhostInAJar"},{"floor":22,"key":"GhostInAJar"},{"floor":24,"key":"Strength Potion"}],"is_trial":false,"path_per_floor":["M","?","M","$","?","E","M","R","T","E","$","E","?","M","R","B",null,"M","$","?","?","M","E","M","E"],"character_chosen":"THE_SILENT","items_purchased":["Leg Sweep","Well Laid Plans","PiercingWail","Trip"],"campfire_rested":0,"item_purchase_floors":[4,4,11,19],"current_hp_per_floor":[63,49,49,49,49,42,42,42,42,28,28,24,24,24,24,2,53,36,36,36,36,26,22,19,0],"gold":78,"neow_bonus":"TRANSFORM_CARD","is_prod":false,"is_daily":false,"chose_seed":false,"campfire_upgraded":2,"win_rate":0,"timestamp":1564008709,"path_taken":["M","?","M","$","?","E","M","R","T","E","$","E","?","?","R","BOSS","M","$","?","?","M","E","M","E"],"build_version":"2019-07-17","purchased_purges":2,"victory":false,"max_hp_per_floor":[70,70,70,70,70,70,70,70,70,70,70,70,70,70,70,70,70,70,70,70,70,70,70,70,70],"card_choices":[{"not_picked":["Eviscerate","Calculated Gamble"],"picked":"Backflip","floor":1.0},{"not_picked":["Dodge and Roll","Poisoned Stab"],"picked":"Terror","floor":3.0},{"not_picked":["Riddle With Holes","Blade Dance"],"picked":"Deflect","floor":6.0},{"not_picked":["Slice","PiercingWail"],"picked":"Flying Knee","floor":7.0},{"not_picked":["Flying Knee","Sucker Punch"],"picked":"Corpse Explosion","floor":10.0},{"not_picked":["Night Terror","Backflip"],"picked":"Deflect","floor":12.0},{"not_picked":["Prepared","Blade Dance"],"picked":"Flechettes","floor":13},{"not_picked":["Acrobatics","Bane"],"picked":"Sucker Punch","floor":14},{"not_picked":["Bane","Blade Dance","Bouncing Flask"],"picked":"SKIP","floor":14},{"not_picked":["Corpse Explosion","Venomology"],"picked":"Adrenaline","floor":16},{"not_picked":["Dodge and Roll","Poisoned Stab"],"picked":"Backflip","floor":18},{"not_picked":["Accuracy+1","Underhanded Strike","Cloak And Dagger"],"picked":"SKIP","floor":18},{"not_picked":["Acrobatics+1","Sucker Punch"],"picked":"Blur","floor":22},{"not_picked":["Acrobatics","Backstab"],"picked":"Dagger Spray+1","floor":22},{"not_picked":["Backflip+1","Dagger Throw"],"picked":"Noxious Fumes+1","floor":23},{"not_picked":["Skewer","Blade Dance"],"picked":"Bouncing Flask+1","floor":24},{"not_picked":["Distraction","Blade Dance"],"picked":"Dodge and Roll+1","floor":24}],"player_experience":465675,"relics_obtained":[{"floor":6.0,"key":"Smiling Mask"},{"floor":9.0,"key":"Whetstone"},{"floor":10.0,"key":"Prayer Wheel"},{"floor":12.0,"key":"Pantograph"},{"floor":13,"key":"Odd Mushroom"},{"floor":23,"key":"Happy Flower"},{"floor":23,"key":"The Courier"}],"event_choices":[{"damage_healed":0.0,"max_hp_gain":0.0,"max_hp_loss":0.0,"gold_gain":0.0,"event_name":"Shining Light","player_choice":"Entered Light","floor":2.0,"gold_loss":0.0,"damage_taken":14.0,"cards_upgraded":["Strike_G","Strike_G"]},{"damage_healed":0.0,"max_hp_gain":0.0,"max_hp_loss":0.0,"gold_gain":0.0,"event_name":"Living Wall","player_choice":"Grow","floor":5.0,"gold_loss":0.0,"damage_taken":0.0,"cards_upgraded":["Terror"]},{"damage_healed":0,"gold_gain":0,"player_choice":"Fought Mushrooms","damage_taken":0,"max_hp_gain":0,"max_hp_loss":0,"event_name":"Mushrooms","floor":13,"gold_loss":0},{"damage_healed":0,"gold_gain":0,"player_choice":"Simplicity","damage_taken":0,"max_hp_gain":0,"max_hp_loss":0,"event_name":"Back to Basics","floor":20,"gold_loss":0,"cards_upgraded":["Defend_G","Defend_G","Defend_G","Defend_G"]},{"damage_healed":0,"gold_gain":0,"cards_transformed":["Flechettes"],"player_choice":"Transformed","damage_taken":0,"max_hp_gain":0,"max_hp_loss":0,"event_name":"Transmorgrifier","floor":21,"gold_loss":0,"cards_obtained":["Storm of Steel"]}],"is_beta":false,"boss_relics":[{"not_picked":["Orrery","Calling Bell"],"picked":"Black Star"}],"items_purged_floors":[11,19],"is_endless":false,"potions_floor_spawned":[7,10,12,16,22,24],"killed_by":"Slavers","ascension_level":10}