{"gold_per_floor":[118,130,88,101,8,8,21,49,103,103,103,103,103,103,103,196,196,220,240,9,30,30],"floor_reached":22,"playtime":820,"items_purged":["Strike_G"],"score":368,"play_id":"c6f63e7e-6933-4739-8994-35c414e9fbb6","local_time":"20190806091345","is_ascension_mode":true,"campfire_choices":[{"data":"Noxious Fumes","floor":6.0,"key":"SMITH"},{"data":"Envenom","floor":10.0,"key":"SMITH"},{"data":"Catalyst","floor":12.0,"key":"SMITH"},{"data":"1","floor":15.0,"key":"LIFT"}],"neow_cost":"NONE","seed_source_timestamp":1125857000001542,"circlet_count":0,"master_deck":["AscendersBane","Strike_G","Defend_G","Defend_G","Defend_G","Defend_G","Defend_G","Survivor","Neutralize","Blade Dance","Noxious Fumes+1","Caltrops+1","Dagger Spray","Leg Sweep","Flying Knee","Catalyst+1","Envenom+1","Glass Knife","Bouncing Flask+1","Prepared+1","Corpse Explosion+1","PiercingWail","Well Laid Plans","Catalyst","Deadly Poison","Underhanded Strike"],"special_seed":0,"relics":["Ring of the Snake","NeowsBlessing","Ornamental Fan","Centennial Puzzle","Golden Idol","Girya","Astrolabe"],"potions_floor_usage":[21],"damage_taken":[{"damage":0.0,"enemies":"Cultist","floor":1.0,"turns":1.0},{"damage":0.0,"enemies":"Small Slimes","floor":2.0,"turns":1.0},{"damage":0.0,"enemies":"2 Louse","floor":4.0,"turns":1.0},{"damage":3.0,"enemies":"Blue Slaver","floor":7.0,"turns":6.0},{"damage":22.0,"enemies":"3 Sentries","floor":8.0,"turns":6.0},{"damage":8.0,"enemies":"Hexaghost","floor":16.0,"turns":6.0},{"damage":20.0,"enemies":"Chosen","floor":18.0,"turns":5.0},{"damage":25.0,"enemies":"Spheric Guardian","floor":19.0,"turns":4.0},{"damage":2,"enemies":"Centurion and Healer","floor":21,"turns":6},{"damage":10,"enemies":"Snecko","floor":22,"turns":2}],"seed_played":"-1503082439044038064","potions_obtained":[{"floor":8.0,"key":"FearPotion"},{"floor":16.0,"key":"LiquidBronze"}],"is_trial":false,"path_per_floor":["M","M","$","M","$","R","M","E","T","R","?","R","?","T","R","B",null,"M","M","$","M","M"],"character_chosen":"THE_SILENT","items_purchased":["Caltrops","Leg Sweep","Flying Knee","Catalyst","Deadly Poison","Underhanded Strike"],"campfire_rested":0,"item_purchase_floors":[3,5,5,20,20,20],"current_hp_per_floor":[59,59,59,59,59,59,56,34,34,34,34,34,34,34,34,26,52,32,7,7,5,0],"gold":30,"neow_bonus":"THREE_ENEMY_KILL","is_prod":false,"is_daily":false,"chose_seed":false,"campfire_upgraded":3,"win_rate":0,"timestamp":1565108025,"path_taken":["M","M","$","?","$","R","M","E","T","R","?","R","?","?","R","BOSS","M","M","$","M","M"],"build_version":"2019-07-17","purchased_purges":1,"victory":false,"max_hp_per_floor":[66,66,66,66,66,66,66,66,66,66,60,60,60,60,60,60,60,60,60,60,60,60],"card_choices":[{"not_picked":["Quick Slash","Expertise"],"picked":"Blade Dance","floor":1.0},{"not_picked":["Outmaneuver","Prepared"],"picked":"Noxious Fumes","floor":2.0},{"not_picked":["Flying Knee","Prepared"],"picked":"Dagger Spray","floor":4.0},{"not_picked":["Dodge and Roll","Backstab"],"picked":"Catalyst","floor":7.0},{"not_picked":["Deflect","Outmaneuver"],"picked":"Envenom","floor":8.0},{"not_picked":["Doppelganger","Storm of Steel"],"picked":"Glass Knife","floor":16.0},{"not_picked":["Masterful Stab","Dagger Throw"],"picked":"PiercingWail","floor":18.0},{"not_picked":["Outmaneuver","Cloak And Dagger"],"picked":"Well Laid Plans","floor":19.0},{"not_picked":["Riddle With Holes","Acrobatics","Skewer"],"picked":"SKIP","floor":21}],"player_experience":660522,"relics_obtained":[{"floor":8.0,"key":"Ornamental Fan"},{"floor":9.0,"key":"Centennial Puzzle"},{"floor":14.0,"key":"Girya"}],"event_choices":[{"damage_healed":0.0,"max_hp_gain":0.0,"max_hp_loss":6.0,"gold_gain":0.0,"event_name":"Golden Idol","player_choice":"Lose Max HP","floor":11.0,"gold_loss":0.0,"damage_taken":0.0,"relics_obtained":["Golden Idol"]},{"damage_healed":0.0,"max_hp_gain":0.0,"max_hp_loss":0.0,"gold_gain":0.0,"event_name":"Living Wall","player_choice":"Grow","floor":13.0,"gold_loss":0.0,"damage_taken":0.0,"cards_upgraded":["Caltrops"]}],"is_beta":false,"boss_relics":[{"not_picked":["Busted Crown","HoveringKite"],"picked":"Astrolabe"}],"items_purged_floors":[20],"is_endless":false,"potions_floor_spawned":[8,16,19],"killed_by":"Snecko","ascension_level":20}