{"gold_per_floor":[118,131,131,3,3,3,29,29,29,29,29,41,57,72,72,171,171,191,211,211,301,301,301,301],"floor_reached":24,"playtime":2087,"items_purged":["Regret"],"score":233,"play_id":"5727778e-0b23-4eae-a90a-b9b6d65b21af","local_time":"20180827225900","is_ascension_mode":true,"campfire_choices":[{"data":"Armaments","floor":6,"key":"SMITH"},{"data":"1","floor":8,"key":"LIFT"},{"data":"2","floor":10,"key":"LIFT"},{"data":"Havoc","floor":15,"key":"SMITH"},{"data":"Second Wind","floor":23,"key":"SMITH"}],"neow_cost":"NONE","seed_source_timestamp":887940155952464,"circlet_count":0,"master_deck":["Strike_R","Strike_R","Strike_R","Strike_R","Defend_R","Bash","Armaments+1","Dropkick","Shrug It Off","True Grit","Havoc+1","Fire Breathing","Clash","Fiend Fire","Barricade+1","Juggernaut+1","Second Wind+1","Second Wind+1","Flex","Battle Trance","Purity","Forethought"],"relics":["Burning Blood","Bronze Scales","Girya","Orichalcum","Strawberry","Astrolabe","Sundial"],"potions_floor_usage":[7,16,24,24,24],"damage_taken":[{"damage":13,"enemies":"Jaw Worm","floor":1,"turns":4},{"damage":0,"enemies":"2 Louse","floor":2,"turns":2},{"damage":18,"enemies":"Gremlin Nob","floor":7,"turns":4},{"damage":0,"enemies":"Small Slimes","floor":12,"turns":4},{"damage":2,"enemies":"2 Fungi Beasts","floor":13,"turns":4},{"damage":4,"enemies":"Looter","floor":14,"turns":3},{"damage":25,"enemies":"The Guardian","floor":16,"turns":8},{"damage":20,"enemies":"Shell Parasite","floor":18,"turns":6},{"damage":3,"enemies":"Spheric Guardian","floor":19,"turns":4},{"damage":34,"enemies":"Book of Stabbing","floor":24,"turns":3}],"seed_played":"-7143197210518239628","potions_obtained":[{"floor":1,"key":"SteroidPotion"},{"floor":2,"key":"Energy Potion"},{"floor":16,"key":"LiquidBronze"}],"is_trial":false,"path_per_floor":["M","M","?","$","?","R","E","R","T","R","?","M","M","M","R","B",null,"M","M","?","?","T","R"],"character_chosen":"IRONCLAD","items_purchased":["True Grit"],"campfire_rested":0,"item_purchase_floors":[4],"current_hp_per_floor":[73,79,79,79,72,72,60,60,60,60,55,61,65,67,67,48,87,73,76,76,20,20,20,0],"gold":301,"neow_bonus":"THREE_CARDS","is_prod":false,"is_daily":false,"chose_seed":false,"campfire_upgraded":3,"win_rate":0,"timestamp":1535403540,"path_taken":["M","M","?","$","?","R","E","R","T","R","?","?","?","M","R","BOSS","M","M","?","?","?","R","E"],"build_version":"2018-08-23v2","purchased_purges":1,"victory":false,"max_hp_per_floor":[80,80,80,80,80,80,80,80,80,80,87,87,87,87,87,87,87,87,87,87,87,87,87,87],"card_choices":[{"not_picked":["Headbutt","Iron Wave"],"picked":"Armaments","floor":0},{"not_picked":["Intimidate","Warcry"],"picked":"Dropkick","floor":1},{"not_picked":["Burning Pact","Wild Strike"],"picked":"Shrug It Off","floor":2},{"not_picked":["Sword Boomerang","Feed","Flex"],"picked":"SKIP","floor":7},{"not_picked":["Flex","Pommel Strike"],"picked":"Havoc","floor":12},{"not_picked":["Clothesline","Searing Blow"],"picked":"Fire Breathing","floor":13},{"not_picked":["Corruption","Twin Strike"],"picked":"Clash","floor":14},{"not_picked":["Double Tap","Offering"],"picked":"Fiend Fire","floor":16},{"not_picked":["Perfected Strike+1","Whirlwind"],"picked":"Second Wind","floor":18},{"not_picked":["Infernal Blade","Searing Blow+1"],"picked":"Flex","floor":19}],"player_experience":389897,"relics_obtained":[{"floor":7,"key":"Girya"},{"floor":9,"key":"Orichalcum"},{"floor":22,"key":"Sundial"}],"event_choices":[{"event_name":"Big Fish","player_choice":"Box","floor":3,"damage_taken":0},{"event_name":"Golden Wing","player_choice":"Card Removal","floor":5,"damage_taken":0},{"event_name":"Scrap Ooze","player_choice":"success","floor":11,"damage_taken":12},{"event_name":"The Library","player_choice":"Read","floor":20,"damage_taken":0},{"event_name":"Knowing Skull","player_choice":"POTION POTION POTION CARD CARD GOLD ","floor":21,"damage_taken":0}],"is_beta":false,"boss_relics":[{"not_picked":["Snecko Eye","Sozu"],"picked":"Astrolabe"}],"items_purged_floors":[4],"is_endless":false,"potions_floor_spawned":[1,2,16],"killed_by":"Book of Stabbing","ascension_level":4}