{"gold_per_floor":[14,14,39,114,114,114,150,150,175,7,43,66,82,106,106,200,200,219,232,74,98,98,133,47,47,125,125,50,50,68,68,68,68],"floor_reached":33,"playtime":1602,"items_purged":["Strike_G","Strike_G"],"score":546,"play_id":"8923fb43-4de2-4938-a198-02d138e2cae2","local_time":"20190806112759","is_ascension_mode":true,"campfire_choices":[{"data":"Riddle With Holes","floor":6.0,"key":"SMITH"},{"data":"Neutralize","floor":8.0,"key":"SMITH"},{"floor":15.0,"key":"REST"},{"floor":25.0,"key":"REST"},{"data":"Concentrate","floor":27.0,"key":"SMITH"},{"data":"Outmaneuver","floor":29.0,"key":"SMITH"},{"floor":32,"key":"REST"}],"neow_cost":"NO_GOLD","seed_source_timestamp":1132256780146948,"circlet_count":0,"master_deck":["AscendersBane","Strike_G","Strike_G","Defend_G","Defend_G","Defend_G","Defend_G","Defend_G","Survivor","Neutralize+1","Riddle With Holes+1","Flying Knee","PiercingWail","Well Laid Plans","Sucker Punch","Flying Knee","Skewer","Predator","Dagger Spray","Malaise","Skewer+1","Outmaneuver+1","Backflip","Cloak And Dagger","Concentrate+1","Leg Sweep","Dash","Deflect"],"special_seed":0,"relics":["Ring of the Snake","Ice Cream","Bloody Idol","Gremlin Horn","Darkstone Periapt","Strawberry","Ninja Scroll","WristBlade","Dream Catcher","Question Card"],"potions_floor_usage":[],"damage_taken":[{"damage":0.0,"enemies":"2 Louse","floor":1.0,"turns":5.0},{"damage":0.0,"enemies":"Jaw Worm","floor":3.0,"turns":4.0},{"damage":14.0,"enemies":"3 Sentries","floor":7.0,"turns":8.0},{"damage":19.0,"enemies":"Gremlin Nob","floor":11.0,"turns":5.0},{"damage":0.0,"enemies":"Small Slimes","floor":12.0,"turns":2.0},{"damage":0.0,"enemies":"2 Fungi Beasts","floor":13.0,"turns":3.0},{"damage":1.0,"enemies":"Exordium Thugs","floor":14.0,"turns":3.0},{"damage":26.0,"enemies":"Slime Boss","floor":16.0,"turns":9.0},{"damage":0.0,"enemies":"2 Thieves","floor":18.0,"turns":1.0},{"damage":3.0,"enemies":"3 Byrds","floor":19.0,"turns":4.0},{"damage":10.0,"enemies":"Snake Plant","floor":21.0,"turns":4.0},{"damage":39.0,"enemies":"Slavers","floor":23.0,"turns":9.0},{"damage":18.0,"enemies":"3 Cultists","floor":30.0,"turns":5.0},{"damage":43,"enemies":"Collector","floor":33,"turns":6}],"seed_played":"7193221184824138590","potions_obtained":[{"floor":1.0,"key":"GhostInAJar"},{"floor":11.0,"key":"SkillPotion"},{"floor":16.0,"key":"SteroidPotion"},{"floor":18.0,"key":"EssenceOfSteel"},{"floor":19.0,"key":"EssenceOfSteel"}],"is_trial":false,"path_per_floor":["M","?","M","?","?","R","E","R","T","$","E","M","M","M","R","B",null,"M","M","$","M","?","E","$","R","T","R","?","R","M","?","R","B"],"character_chosen":"THE_SILENT","items_purchased":["Well Laid Plans","Sucker Punch","Backflip","Concentrate"],"campfire_rested":3,"item_purchase_floors":[10,10,20,24],"current_hp_per_floor":[59,59,59,48,43,43,29,29,36,36,17,17,17,16,36,10,53,53,50,50,40,40,6,6,26,31,31,31,31,18,18,38,0],"gold":68,"neow_bonus":"ONE_RARE_RELIC","is_prod":false,"is_daily":false,"chose_seed":false,"campfire_upgraded":4,"win_rate":0,"timestamp":1565116079,"path_taken":["M","?","M","?","?","R","E","R","T","$","E","M","M","M","R","BOSS","M","M","$","M","?","E","?","R","T","R","?","R","M","?","R","BOSS"],"build_version":"2019-07-17","purchased_purges":2,"victory":false,"max_hp_per_floor":[66,60,60,60,60,60,60,60,67,67,67,67,67,67,67,67,67,67,67,67,67,67,67,67,67,67,67,67,67,67,67,67,67],"card_choices":[{"not_picked":["Infinite Blades","Heel Hook"],"picked":"Riddle With Holes","floor":1.0},{"not_picked":["Quick Slash","Prepared"],"picked":"Flying Knee","floor":3.0},{"not_picked":["Burst","Acrobatics"],"picked":"PiercingWail","floor":7.0},{"not_picked":["Deadly Poison","Blade Dance"],"picked":"Flying Knee","floor":11.0},{"not_picked":["Bane","Cloak And Dagger"],"picked":"Skewer","floor":12.0},{"not_picked":["Distraction","Quick Slash"],"picked":"Predator","floor":13.0},{"not_picked":["All Out Attack","Escape Plan"],"picked":"Dagger Spray","floor":14.0},{"not_picked":["Wraith Form v2","Burst"],"picked":"Malaise","floor":16.0},{"not_picked":["Poisoned Stab+1","Flying Knee"],"picked":"Skewer+1","floor":18.0},{"not_picked":["Acrobatics","Accuracy"],"picked":"Outmaneuver","floor":19.0},{"not_picked":["Dagger Throw+1","Poisoned Stab"],"picked":"Cloak And Dagger","floor":21.0},{"not_picked":["Underhanded Strike","Dagger Spray","Bane"],"picked":"SKIP","floor":23.0},{"not_picked":["Cloak And Dagger","Riddle With Holes"],"picked":"Leg Sweep","floor":25.0},{"not_picked":["Choke","Endless Agony","Escape Plan"],"picked":"Dash","floor":30.0},{"not_picked":["Deadly Poison","Choke","Escape Plan"],"picked":"Deflect","floor":32}],"player_experience":665984,"relics_obtained":[{"floor":7.0,"key":"Darkstone Periapt"},{"floor":9.0,"key":"Strawberry"},{"floor":11.0,"key":"Ninja Scroll"},{"floor":23.0,"key":"Dream Catcher"},{"floor":26.0,"key":"Question Card"}],"event_choices":[{"damage_healed":0.0,"max_hp_gain":0.0,"max_hp_loss":6.0,"gold_gain":0.0,"event_name":"Golden Idol","player_choice":"Lose Max HP","floor":2.0,"gold_loss":0.0,"damage_taken":0.0,"relics_obtained":["Golden Idol"]},{"damage_healed":0.0,"max_hp_gain":0.0,"max_hp_loss":0.0,"gold_gain":75.0,"event_name":"World of Goop","player_choice":"Gather Gold","floor":4.0,"gold_loss":0.0,"damage_taken":11.0},{"damage_healed":0.0,"max_hp_gain":0.0,"max_hp_loss":0.0,"gold_gain":0.0,"event_name":"Scrap Ooze","player_choice":"Success","floor":5.0,"gold_loss":0.0,"damage_taken":5.0,"relics_obtained":["Gremlin Horn"]},{"damage_healed":0.0,"max_hp_gain":0.0,"max_hp_loss":0.0,"gold_gain":0.0,"event_name":"Forgotten Altar","player_choice":"Gave Idol","floor":22.0,"relics_lost":["Golden Idol"],"gold_loss":0.0,"damage_taken":0.0,"relics_obtained":["Bloody Idol"]},{"cards_removed":["Strike_G"],"damage_healed":0.0,"max_hp_gain":0.0,"max_hp_loss":0.0,"gold_gain":0.0,"event_name":"Beggar","player_choice":"Gave Gold","floor":28.0,"gold_loss":75.0,"damage_taken":0.0},{"damage_healed":0,"gold_gain":0,"player_choice":"Ignored","damage_taken":0,"max_hp_gain":0,"max_hp_loss":0,"event_name":"Cursed Tome","floor":31,"gold_loss":0}],"is_beta":false,"boss_relics":[{"not_picked":["Orrery","Tiny House"],"picked":"WristBlade"}],"items_purged_floors":[10,20],"is_endless":false,"potions_floor_spawned":[1,11,16,18,19],"killed_by":"Collector","ascension_level":20}