{"gold_per_floor":[113,38,188,206,206,206,241,4,77,93,118,118,118,135,135,211,211,221,237,267,267,292,304,330,342,381,44,44,63,94,94],"floor_reached":31,"playtime":2047,"items_purged":["Doubt","Strike_R"],"score":597,"play_id":"f9673bb2-efbd-47f8-8d2b-875a81193c64","local_time":"20190815121641","is_ascension_mode":true,"campfire_choices":[{"data":"Second Wind","floor":6,"key":"SMITH"},{"data":"Disarm","floor":12,"key":"SMITH"},{"data":"Bash","floor":15,"key":"SMITH"},{"data":"Feel No Pain","floor":23,"key":"SMITH"},{"data":"Fiend Fire","floor":25,"key":"SMITH"}],"neow_cost":"NONE","seed_source_timestamp":43488330092000,"circlet_count":0,"master_deck":["AscendersBane","Strike_R","Strike_R","Strike_R","Strike_R","Defend_R+1","Defend_R","Defend_R","Bash+1","Clash+1","Second Wind+1","Headbutt","Evolve","Disarm+1","Sword Boomerang","Feel No Pain+1","Sever Soul","Clash","Fiend Fire+1","Disarm","Inflame","Combust","Wild Strike","Battle Trance","Shockwave","Blood for Blood","Feel No Pain","True Grit","Disarm"],"relics":["Burning Blood","NeowsBlessing","Mango","Pear","Prayer Wheel","Dream Catcher","Eternal Feather","Red Mask","MawBank","Ancient Tea Set","Anchor","Nilry\u0027s Codex","Bottled Tornado"],"potions_floor_usage":[18,18,20,31,31],"damage_taken":[{"damage":0,"enemies":"Jaw Worm","floor":1,"turns":1},{"damage":0,"enemies":"2 Louse","floor":4,"turns":1},{"damage":0,"enemies":"Lagavulin","floor":7,"turns":2},{"damage":1,"enemies":"Small Slimes","floor":10,"turns":3},{"damage":30,"enemies":"3 Sentries","floor":11,"turns":7},{"damage":7,"enemies":"Blue Slaver","floor":14,"turns":3},{"damage":32,"enemies":"The Guardian","floor":16,"turns":9},{"damage":18,"enemies":"Shell Parasite","floor":18,"turns":5},{"damage":6,"enemies":"3 Byrds","floor":19,"turns":7},{"damage":20,"enemies":"Masked Bandits","floor":20,"turns":3},{"damage":30,"enemies":"Sentry and Sphere","floor":24,"turns":8},{"damage":4,"enemies":"Snake Plant","floor":29,"turns":4},{"damage":22,"enemies":"Book of Stabbing","floor":30,"turns":7},{"damage":36,"enemies":"3 Cultists","floor":31,"turns":4}],"seed_played":"-2067988603521794844","potions_obtained":[{"floor":7,"key":"EssenceOfSteel"},{"floor":10,"key":"Weak Potion"},{"floor":19,"key":"AttackPotion"},{"floor":24,"key":"Energy Potion"},{"floor":29,"key":"Block Potion"}],"is_trial":false,"path_per_floor":["M","?","?","M","?","R","E","$","T","M","E","R","T","M","R","B",null,"M","M","?","?","T","R","M","R","T","$","?","M","E","M"],"character_chosen":"IRONCLAD","items_purchased":["Evolve","Disarm","Anchor","Blood for Blood"],"campfire_rested":0,"item_purchase_floors":[8,8,27,27],"current_hp_per_floor":[74,74,74,75,52,52,72,72,82,87,63,63,63,62,62,36,83,71,71,57,57,57,72,48,63,63,63,42,44,28,0],"gold":94,"neow_bonus":"THREE_ENEMY_KILL","is_prod":false,"is_daily":false,"chose_seed":false,"campfire_upgraded":5,"win_rate":0,"timestamp":1565864201,"path_taken":["M","?","?","M","?","R","E","$","T","M","E","R","?","?","R","BOSS","M","M","?","?","?","R","?","R","T","$","?","M","E","M"],"build_version":"2019-07-17","purchased_purges":2,"victory":false,"max_hp_per_floor":[75,75,75,75,75,75,89,89,99,99,99,99,99,99,99,99,99,99,99,99,99,99,99,99,99,99,99,99,99,99,99],"card_choices":[{"not_picked":["Blood for Blood","Fire Breathing"],"picked":"Clash","floor":1},{"not_picked":["Wild Strike","Whirlwind"],"picked":"Second Wind","floor":4},{"not_picked":["Ghostly Armor","Exhume"],"picked":"Headbutt","floor":7},{"not_picked":["Wild Strike","Heavy Blade"],"picked":"Sword Boomerang","floor":10},{"not_picked":["Twin Strike","Hemokinesis"],"picked":"Feel No Pain","floor":11},{"not_picked":["Seeing Red","Rupture"],"picked":"Sever Soul","floor":14},{"not_picked":["Sword Boomerang","Perfected Strike"],"picked":"Clash","floor":14},{"not_picked":["Feed","Demon Form"],"picked":"Fiend Fire","floor":16},{"not_picked":["True Grit","Fire Breathing"],"picked":"Disarm","floor":18},{"not_picked":["Headbutt","Pummel","Entrench"],"picked":"SKIP","floor":18},{"not_picked":["Hemokinesis","Anger"],"picked":"Inflame","floor":19},{"not_picked":["Headbutt","Rupture+1"],"picked":"Combust","floor":19},{"not_picked":["Second Wind","Twin Strike"],"picked":"Wild Strike","floor":20},{"not_picked":["Reckless Charge","Pommel Strike"],"picked":"Shockwave","floor":24},{"not_picked":["Sword Boomerang+1","Brutality","Pommel Strike"],"picked":"SKIP","floor":24},{"not_picked":["Clothesline","Warcry"],"picked":"Feel No Pain","floor":29},{"not_picked":["Sword Boomerang","Uppercut"],"picked":"True Grit","floor":29},{"not_picked":["Hemokinesis+1","Sword Boomerang"],"picked":"Disarm","floor":30}],"player_experience":1497796,"relics_obtained":[{"floor":7,"key":"Mango"},{"floor":9,"key":"Pear"},{"floor":11,"key":"Prayer Wheel"},{"floor":13,"key":"Dream Catcher"},{"floor":20,"key":"Red Mask"},{"floor":22,"key":"MawBank"},{"floor":26,"key":"Ancient Tea Set"},{"floor":28,"key":"Nilry\u0027s Codex"},{"floor":30,"key":"Bottled Tornado"}],"event_choices":[{"cards_removed":["Defend_R"],"damage_healed":0,"gold_gain":0,"player_choice":"Card Removal","damage_taken":0,"max_hp_gain":0,"max_hp_loss":0,"event_name":"The Cleric","floor":2,"gold_loss":75},{"damage_healed":0,"gold_gain":150,"player_choice":"AGREE","damage_taken":0,"max_hp_gain":0,"max_hp_loss":0,"event_name":"Liars Game","floor":3,"gold_loss":0,"cards_obtained":["Doubt"]},{"damage_healed":0,"gold_gain":0,"player_choice":"Entered Light","damage_taken":23,"max_hp_gain":0,"max_hp_loss":0,"event_name":"Shining Light","floor":5,"gold_loss":0,"cards_upgraded":["Clash","Defend_R"]},{"damage_healed":0,"gold_gain":0,"player_choice":"Fought Bandits","damage_taken":0,"max_hp_gain":0,"max_hp_loss":0,"event_name":"Masked Bandits","floor":20,"gold_loss":0},{"damage_healed":0,"gold_gain":0,"player_choice":"Read","damage_taken":0,"max_hp_gain":0,"max_hp_loss":0,"event_name":"The Library","floor":21,"gold_loss":0,"cards_obtained":["Battle Trance"]},{"damage_healed":0,"gold_gain":0,"player_choice":"Obtained Book","damage_taken":21,"max_hp_gain":0,"max_hp_loss":0,"event_name":"Cursed Tome","floor":28,"gold_loss":0}],"is_beta":false,"boss_relics":[{"not_picked":["Fusion Hammer","Runic Cube"],"picked":"Eternal Feather"}],"items_purged_floors":[8,27],"is_endless":false,"potions_floor_spawned":[7,10,11,16,19,24,29],"killed_by":"3 Cultists","ascension_level":20}