{"gold_per_floor":[367,377,65,35,49,67,81,113,136,136,167,167,183,513,513,513],"floor_reached":16,"playtime":1313,"items_purged":["Strike_R"],"score":169,"play_id":"77df36e5-10d6-413f-b324-4525d47340e8","local_time":"20180826002121","is_ascension_mode":true,"campfire_choices":[{"floor":10,"key":"REST"},{"data":"Offering","floor":15,"key":"SMITH"}],"neow_cost":"PERCENT_DAMAGE","seed_source_timestamp":720843443989068,"circlet_count":0,"master_deck":["Strike_R","Strike_R","Strike_R","Strike_R","Defend_R","Defend_R","Defend_R","Defend_R","Bash","Anger","Anger","Shrug It Off","Offering+1","Shrug It Off","Inflame","Shrug It Off","True Grit","Dropkick"],"relics":["Burning Blood","HandDrill","Paper Frog","Bag of Marbles","Centennial Puzzle","Vajra","Old Coin"],"potions_floor_usage":[6,7,8,11,14,16],"damage_taken":[{"damage":13,"enemies":"Jaw Worm","floor":1,"turns":4},{"damage":1,"enemies":"Cultist","floor":2,"turns":3},{"damage":0,"enemies":"Small Slimes","floor":5,"turns":3},{"damage":8,"enemies":"Exordium Thugs","floor":6,"turns":6},{"damage":26,"enemies":"Gremlin Gang","floor":7,"turns":6},{"damage":31,"enemies":"3 Sentries","floor":8,"turns":9},{"damage":14,"enemies":"Lagavulin","floor":11,"turns":3},{"damage":7,"enemies":"Red Slaver","floor":13,"turns":3},{"damage":6,"enemies":"Gremlin Nob","floor":14,"turns":2},{"damage":28,"enemies":"The Guardian","floor":16,"turns":7}],"seed_played":"-7582481217280227143","potions_obtained":[{"floor":2,"key":"LiquidBronze"},{"floor":4,"key":"Dexterity Potion"},{"floor":4,"key":"Swift Potion"},{"floor":7,"key":"SteroidPotion"},{"floor":13,"key":"Fire Potion"},{"floor":14,"key":"Block Potion"}],"is_trial":false,"path_per_floor":["M","M","$","?","M","M","M","E","T","R","E","?","M","E","R"],"character_chosen":"IRONCLAD","items_purchased":["Anger","HandDrill"],"campfire_rested":1,"item_purchase_floors":[3,3],"current_hp_per_floor":[49,54,54,54,60,58,38,13,13,37,29,29,28,28,28,0],"gold":513,"neow_bonus":"TWO_FIFTY_GOLD","is_prod":false,"is_daily":false,"chose_seed":false,"campfire_upgraded":1,"win_rate":0,"timestamp":1535235681,"path_taken":["M","M","$","?","M","?","M","E","T","R","E","?","?","E","R","BOSS"],"build_version":"2018-08-23v2","purchased_purges":1,"victory":false,"max_hp_per_floor":[80,80,80,80,80,80,80,80,80,80,80,80,80,80,80,80],"card_choices":[{"not_picked":["Heavy Blade","Sentinel"],"picked":"Anger","floor":1},{"not_picked":["Blood for Blood","Cleave"],"picked":"Disarm","floor":2},{"not_picked":["Havoc","Body Slam"],"picked":"Shrug It Off","floor":5},{"not_picked":["Wild Strike","Perfected Strike"],"picked":"Offering","floor":6},{"not_picked":["Twin Strike","Heavy Blade"],"picked":"Shrug It Off","floor":7},{"not_picked":["Sword Boomerang","Flex"],"picked":"Inflame","floor":8},{"not_picked":["Entrench","Second Wind"],"picked":"Shrug It Off","floor":11},{"not_picked":["Cleave","Spot Weakness"],"picked":"True Grit","floor":13},{"not_picked":["Sword Boomerang","Armaments"],"picked":"Dropkick","floor":14}],"player_experience":379937,"relics_obtained":[{"floor":8,"key":"Paper Frog"},{"floor":9,"key":"Bag of Marbles"},{"floor":11,"key":"Centennial Puzzle"},{"floor":14,"key":"Old Coin"}],"event_choices":[{"event_name":"The Woman in Blue","player_choice":"Bought 2 Potions","floor":4,"damage_taken":0},{"event_name":"WeMeetAgain","player_choice":"Card","floor":12,"damage_taken":0}],"is_beta":false,"boss_relics":[],"items_purged_floors":[3],"is_endless":false,"potions_floor_spawned":[2,7,13,14],"killed_by":"The Guardian","ascension_level":3}