{"gold_per_floor":[117,117,42,42,42,73,86,107,130,166,166,197,197,217,217,310,310,310,310,310,19,19,19,19,19,19,19,19,19,19,19,19,19,19,19,19,19,19,19,19,19,19,19,19,19,19,19,19,19,19],"floor_reached":50,"playtime":3314,"items_purged":["Strike_G"],"score":1024,"play_id":"9f8f68b7-314b-452b-8d38-08c0db171b20","local_time":"20190820132449","is_ascension_mode":true,"campfire_choices":[{"floor":11.0,"key":"REST"},{"data":"Wraith Form v2","floor":13.0,"key":"SMITH"},{"data":"Noxious Fumes","floor":15.0,"key":"SMITH"},{"floor":23.0,"key":"REST"},{"floor":25.0,"key":"REST"},{"data":"Catalyst","floor":30.0,"key":"SMITH"},{"floor":32.0,"key":"REST"},{"data":"Wraith Form v2","floor":40,"key":"SMITH"},{"data":"Caltrops","floor":45,"key":"SMITH"},{"data":"Caltrops","floor":47,"key":"SMITH"},{"data":"Deadly Poison","floor":49,"key":"SMITH"}],"neow_cost":"NONE","seed_source_timestamp":2348014310336691,"circlet_count":0,"master_deck":["AscendersBane","Defend_G","Defend_G","Defend_G","Defend_G","Defend_G+1","Survivor","Neutralize","Dash+1","Wraith Form v2+1","All Out Attack+1","Concentrate","Deflect","Noxious Fumes+1","Dodge and Roll","After Image","Blur","Slice+1","Catalyst+1","Flash of Steel","Sucker Punch","Deflect","Well Laid Plans","Bite","Bite","Bite","Bite","Bite","PiercingWail","Wraith Form v2+1","Caltrops+1","Dagger Spray","Caltrops+1","Predator","Dark Shackles","Regret","Quick Slash","Backflip","Deadly Poison+1"],"special_seed":0,"relics":["Ring of the Snake","NeowsBlessing","Golden Idol","PreservedInsect","Art of War","Strawberry","Whetstone","Ectoplasm","Pantograph","Cursed Key","Incense Burner","Gremlin Horn"],"potions_floor_usage":[38],"damage_taken":[{"damage":0.0,"enemies":"Cultist","floor":1.0,"turns":1.0},{"damage":0.0,"enemies":"Gremlin Nob","floor":6.0,"turns":1.0},{"damage":0.0,"enemies":"2 Louse","floor":7.0,"turns":1.0},{"damage":0.0,"enemies":"Small Slimes","floor":8.0,"turns":2.0},{"damage":21.0,"enemies":"Lagavulin","floor":10.0,"turns":8.0},{"damage":2.0,"enemies":"3 Sentries","floor":12.0,"turns":6.0},{"damage":0.0,"enemies":"Exordium Wildlife","floor":14.0,"turns":5.0},{"damage":34.0,"enemies":"The Guardian","floor":16.0,"turns":14.0},{"damage":5.0,"enemies":"Chosen","floor":18.0,"turns":7.0},{"damage":22.0,"enemies":"3 Byrds","floor":20.0,"turns":6.0},{"damage":8.0,"enemies":"Snecko","floor":22.0,"turns":7.0},{"damage":32.0,"enemies":"Shelled Parasite and Fungi","floor":24.0,"turns":7.0},{"damage":19.0,"enemies":"Snake Plant","floor":29.0,"turns":6.0},{"damage":14.0,"enemies":"Snecko","floor":31.0,"turns":9.0},{"damage":18.0,"enemies":"Collector","floor":33.0,"turns":11.0},{"damage":8.0,"enemies":"3 Shapes","floor":35.0,"turns":5.0},{"damage":45.0,"enemies":"3 Darklings","floor":36.0,"turns":10.0},{"damage":10.0,"enemies":"Mind Bloom Boss Battle","floor":37.0,"turns":10.0},{"damage":30,"enemies":"4 Shapes","floor":38,"turns":7},{"damage":2,"enemies":"Transient","floor":44,"turns":6},{"damage":3,"enemies":"Jaw Worm Horde","floor":46,"turns":7},{"damage":1,"enemies":"Spire Growth","floor":48,"turns":8},{"damage":53,"enemies":"Donu and Deca","floor":50,"turns":6}],"seed_played":"-5446890137584414286","potions_obtained":[{"floor":1.0,"key":"Strength Potion"},{"floor":6.0,"key":"SkillPotion"},{"floor":7.0,"key":"Fire Potion"},{"floor":8.0,"key":"Fire Potion"},{"floor":20.0,"key":"SkillPotion"},{"floor":24.0,"key":"SteroidPotion"},{"floor":29.0,"key":"GhostInAJar"},{"floor":33.0,"key":"Dexterity Potion"},{"floor":36.0,"key":"AttackPotion"},{"floor":44,"key":"EssenceOfSteel"}],"is_trial":false,"path_per_floor":["M","?","?","?","?","E","M","M","T","E","R","E","R","M","R","B",null,"M","?","M","$","M","R","M","R","T","?","$","M","R","M","R","B",null,"M","M","?","M","$","R","?","$","T","M","R","M","R","M","R","B"],"character_chosen":"THE_SILENT","items_purchased":["Catalyst","Flash of Steel","Sucker Punch"],"campfire_rested":4,"item_purchase_floors":[21,21,21],"current_hp_per_floor":[59,39,39,32,32,32,32,32,32,18,38,36,36,36,36,2,51,46,46,24,24,16,36,4,24,24,24,24,17,17,21,34,44,46,42,19,41,19,19,19,19,19,19,27,27,32,32,45,45,0],"gold":19,"neow_bonus":"THREE_ENEMY_KILL","is_prod":false,"is_daily":false,"chose_seed":false,"campfire_upgraded":7,"win_rate":0,"timestamp":1566332689,"path_taken":["M","?","?","?","?","E","?","M","T","E","R","E","R","M","R","BOSS","M","?","?","$","M","R","M","R","T","?","?","M","R","M","R","BOSS","M","M","?","M","$","R","?","?","T","M","R","M","R","?","R","BOSS"],"build_version":"2019-07-17","purchased_purges":1,"victory":false,"max_hp_per_floor":[66,66,66,66,60,60,60,60,60,67,67,67,67,67,67,67,67,67,67,67,67,67,67,67,67,67,46,46,46,46,46,46,46,46,46,46,46,46,46,46,46,46,46,46,46,46,46,46,46,46],"card_choices":[{"not_picked":["Flying Knee","Infinite Blades"],"picked":"Dash","floor":1.0},{"not_picked":["Eviscerate","Bane"],"picked":"Wraith Form v2","floor":6.0},{"not_picked":["Dagger Throw","Bane"],"picked":"All Out Attack","floor":7.0},{"not_picked":["Poisoned Stab","Outmaneuver"],"picked":"Concentrate","floor":8.0},{"not_picked":["Reflex","Infinite Blades"],"picked":"Deflect","floor":10.0},{"not_picked":["Bane","Choke"],"picked":"Noxious Fumes","floor":12.0},{"not_picked":["Quick Slash","Sucker Punch"],"picked":"Dodge and Roll","floor":14.0},{"not_picked":["A Thousand Cuts","Storm of Steel"],"picked":"After Image","floor":16.0},{"not_picked":["Deadly Poison","Noxious Fumes"],"picked":"Blur","floor":18.0},{"not_picked":["Flying Knee","Deadly Poison"],"picked":"Slice+1","floor":20.0},{"not_picked":["Heel Hook","Dagger Spray"],"picked":"Deflect","floor":22.0},{"not_picked":["Setup+1","Flechettes"],"picked":"Well Laid Plans","floor":24.0},{"not_picked":["Concentrate","Finisher","Masterful Stab"],"picked":"SKIP","floor":29.0},{"not_picked":["Deflect","Sucker Punch"],"picked":"PiercingWail","floor":31.0},{"not_picked":["Venomology","After Image"],"picked":"Wraith Form v2","floor":33.0},{"not_picked":["Deflect+1","Dagger Throw"],"picked":"Caltrops","floor":35.0},{"not_picked":["Endless Agony","Quick Slash"],"picked":"Dagger Spray","floor":36.0},{"not_picked":["Choke","Outmaneuver"],"picked":"Caltrops","floor":37.0},{"not_picked":["Riddle With Holes","Deflect"],"picked":"Predator","floor":38},{"not_picked":["Discovery","Violence"],"picked":"Dark Shackles","floor":41},{"not_picked":["Underhanded Strike","Choke"],"picked":"Quick Slash","floor":44},{"not_picked":["Quick Slash","Slice"],"picked":"Backflip","floor":46},{"not_picked":["Underhanded Strike","Slice"],"picked":"Deadly Poison","floor":48}],"player_experience":794619,"relics_obtained":[{"floor":6.0,"key":"PreservedInsect"},{"floor":9.0,"key":"Art of War"},{"floor":10.0,"key":"Strawberry"},{"floor":12.0,"key":"Whetstone"},{"floor":26.0,"key":"Pantograph"},{"floor":37.0,"key":"Incense Burner"},{"floor":43,"key":"Gremlin Horn"}],"event_choices":[{"damage_healed":0.0,"max_hp_gain":0.0,"max_hp_loss":0.0,"gold_gain":0.0,"event_name":"Shining Light","player_choice":"Entered Light","floor":2.0,"gold_loss":0.0,"damage_taken":20.0,"cards_upgraded":["Dash","Defend_G"]},{"cards_removed":["Strike_G"],"damage_healed":0.0,"max_hp_gain":0.0,"max_hp_loss":0.0,"gold_gain":0.0,"event_name":"The Cleric","player_choice":"Card Removal","floor":3.0,"gold_loss":75.0,"damage_taken":0.0},{"cards_removed":["Strike_G"],"damage_healed":0.0,"max_hp_gain":0.0,"max_hp_loss":0.0,"gold_gain":0.0,"event_name":"Golden Wing","player_choice":"Card Removal","floor":4.0,"gold_loss":0.0,"damage_taken":7.0},{"damage_healed":0.0,"max_hp_gain":0.0,"max_hp_loss":6.0,"gold_gain":0.0,"event_name":"Golden Idol","player_choice":"Lose Max HP","floor":5.0,"gold_loss":0.0,"damage_taken":0.0,"relics_obtained":["Golden Idol"]},{"damage_healed":0.0,"max_hp_gain":0.0,"max_hp_loss":0.0,"gold_gain":50.0,"event_name":"Golden Shrine","player_choice":"Pray","floor":19.0,"gold_loss":0.0,"damage_taken":0.0},{"damage_healed":0.0,"max_hp_gain":0.0,"max_hp_loss":21.0,"gold_gain":0.0,"event_name":"Vampires","player_choice":"Became a vampire","floor":27.0,"gold_loss":0.0,"damage_taken":0.0,"cards_obtained":["Bite","Bite","Bite","Bite","Bite"]},{"damage_healed":0.0,"max_hp_gain":0.0,"max_hp_loss":0.0,"gold_gain":0.0,"event_name":"MindBloom","player_choice":"Fight","floor":37.0,"gold_loss":0.0,"damage_taken":0.0},{"damage_healed":0,"gold_gain":0,"player_choice":"Memory 1","damage_taken":0,"max_hp_gain":0,"max_hp_loss":0,"event_name":"SensoryStone","floor":41,"gold_loss":0}],"is_beta":false,"boss_relics":[{"not_picked":["Coffee Dripper","Tiny House"],"picked":"Ectoplasm"},{"not_picked":["Empty Cage","Runic Pyramid"],"picked":"Cursed Key"}],"items_purged_floors":[21],"is_endless":false,"potions_floor_spawned":[1,6,7,8,20,24,29,33,36,44],"killed_by":"Donu and Deca","ascension_level":20}