{"gold_per_floor":[12,28,28,28,44,78,78,105,151,151,326,326,404,424,424,424],"floor_reached":16,"playtime":1036,"items_purged":[],"score":119,"play_id":"31cc397c-6b03-42df-bdaa-ca18ac970218","local_time":"20180816153418","is_ascension_mode":true,"campfire_choices":[{"floor":12,"key":"REST"},{"floor":15,"key":"REST"}],"neow_cost":"NO_GOLD","seed_source_timestamp":483156146421716,"circlet_count":0,"master_deck":["Strike_B","Strike_B","Strike_B","Strike_B","Defend_B","Defend_B","Defend_B","Zap","Dualcast","Chaos","Sunder","Sweeping Beam","Chaos","Force Field","Doubt","Heatsinks","Stack"],"relics":["Cracked Core","Turnip","Bag of Preparation","Blood Vial","Calipers","Juzu Bracelet","Golden Idol","Pantograph"],"potions_floor_usage":[14,14],"damage_taken":[{"damage":1,"enemies":"Cultist","floor":1,"turns":3},{"damage":5,"enemies":"2 Louse","floor":2,"turns":3},{"damage":2,"enemies":"Jaw Worm","floor":5,"turns":3},{"damage":13,"enemies":"Lagavulin","floor":6,"turns":4},{"damage":28,"enemies":"Gremlin Nob","floor":8,"turns":4},{"damage":30,"enemies":"Gremlin Nob","floor":13,"turns":4},{"damage":7,"enemies":"Blue Slaver","floor":14,"turns":4},{"damage":55,"enemies":"The Guardian","floor":16,"turns":14}],"seed_played":"-3743257181520816284","potions_obtained":[{"floor":1,"key":"Swift Potion"},{"floor":2,"key":"FairyPotion"},{"floor":13,"key":"GamblersBrew"}],"is_trial":false,"path_per_floor":["M","M","T","?","M","E","?","E","T","?","?","R","?","M","R"],"character_chosen":"DEFECT","items_purchased":[],"campfire_rested":2,"item_purchase_floors":[],"current_hp_per_floor":[74,69,69,69,67,54,54,28,28,10,10,32,4,6,28,0],"gold":424,"neow_bonus":"ONE_RARE_RELIC","is_prod":false,"is_daily":false,"chose_seed":false,"campfire_upgraded":0,"win_rate":0,"timestamp":1534426458,"path_taken":["M","M","?","?","M","E","?","E","T","?","?","R","?","M","R","BOSS"],"build_version":"2018-08-09","purchased_purges":0,"victory":false,"max_hp_per_floor":[75,75,75,75,75,75,75,75,75,75,75,75,75,75,75,75],"card_choices":[{"not_picked":["Defragment","Reprogram"],"picked":"Chaos","floor":1},{"not_picked":["Turbo","Streamline"],"picked":"Sunder","floor":2},{"not_picked":["Compile Driver","Cold Snap"],"picked":"Sweeping Beam","floor":5},{"not_picked":["Steam Power","Steam"],"picked":"Chaos","floor":6},{"not_picked":["Coolheaded","Core Surge"],"picked":"Force Field","floor":8},{"not_picked":["Hologram","Cold Snap"],"picked":"Heatsinks","floor":13},{"not_picked":["Beam Cell","Sweeping Beam"],"picked":"Stack","floor":14}],"player_experience":332802,"relics_obtained":[{"floor":3,"key":"Bag of Preparation"},{"floor":6,"key":"Blood Vial"},{"floor":8,"key":"Calipers"},{"floor":9,"key":"Juzu Bracelet"},{"floor":13,"key":"Pantograph"}],"event_choices":[{"event_name":"The Cleric","player_choice":"Leave","floor":4,"damage_taken":0},{"event_name":"Living Wall","player_choice":"Forget","floor":7,"damage_taken":0},{"event_name":"Golden Idol","player_choice":"Take Damage","floor":10,"damage_taken":0},{"event_name":"Liars Game","player_choice":"agreed","floor":11,"damage_taken":0},{"event_name":"Dead Adventurer","player_choice":"Searched \u00272\u0027 times","floor":13,"damage_taken":0}],"is_beta":false,"boss_relics":[],"items_purged_floors":[],"is_endless":false,"potions_floor_spawned":[1,2,13],"killed_by":"The Guardian","ascension_level":2}