{"gold_per_floor":[116,133,133,208,208,208,241,241,241,241,12,12,23,57,57,57],"floor_reached":16,"playtime":473,"items_purged":[],"score":212,"play_id":"9e790f69-5476-4536-a061-1769350ce88c","local_time":"20190819163231","is_ascension_mode":true,"campfire_choices":[{"data":"Noxious Fumes","floor":6,"key":"SMITH"},{"floor":8,"key":"REST"},{"floor":15,"key":"REST"}],"neow_cost":"NONE","seed_source_timestamp":2275809390639964,"circlet_count":0,"master_deck":["AscendersBane","Strike_G","Strike_G+1","Strike_G","Strike_G","Defend_G","Defend_G","Defend_G","Defend_G","Defend_G","Survivor","Neutralize+1","Noxious Fumes+1","Dagger Spray","Footwork+1","Footwork","Bandage Up","Distraction","Outmaneuver"],"relics":["Ring of the Snake","Strawberry","Mercury Hourglass","Oddly Smooth Stone"],"potions_floor_usage":[7,14],"damage_taken":[{"damage":0,"enemies":"Jaw Worm","floor":1,"turns":5},{"damage":1,"enemies":"Small Slimes","floor":2,"turns":5},{"damage":23,"enemies":"Lagavulin","floor":7,"turns":6},{"damage":0,"enemies":"2 Louse","floor":13,"turns":3},{"damage":22,"enemies":"Gremlin Nob","floor":14,"turns":5},{"damage":44,"enemies":"Hexaghost","floor":16,"turns":12}],"seed_played":"-3825259337754196019","potions_obtained":[{"floor":1,"key":"GhostInAJar"},{"floor":2,"key":"SpeedPotion"}],"is_trial":false,"path_per_floor":["M","M","?","?","?","R","E","R","T","?","$","?","M","E","R","B"],"character_chosen":"THE_SILENT","items_purchased":["Footwork","Bandage Up","Distraction"],"campfire_rested":2,"item_purchase_floors":[11,11,11],"current_hp_per_floor":[65,64,42,31,31,31,15,38,38,38,38,31,35,17,40,0],"gold":57,"neow_bonus":"TEN_PERCENT_HP_BONUS","is_prod":false,"is_daily":false,"chose_seed":false,"campfire_upgraded":1,"win_rate":0,"timestamp":1566257551,"path_taken":["M","M","?","?","?","R","E","R","T","?","$","?","?","E","R","BOSS"],"build_version":"2019-07-17","purchased_purges":0,"victory":false,"max_hp_per_floor":[72,72,72,72,72,72,79,79,79,79,79,79,79,79,79,79],"card_choices":[{"not_picked":["Prepared","Backflip"],"picked":"Noxious Fumes","floor":1},{"not_picked":["Acrobatics","Prepared"],"picked":"Dagger Spray","floor":2},{"not_picked":["Prepared","Deadly Poison"],"picked":"Footwork","floor":7},{"not_picked":["Blade Dance","Dagger Spray","Endless Agony"],"picked":"SKIP","floor":13},{"not_picked":["Eviscerate","Prepared"],"picked":"Outmaneuver","floor":14}],"player_experience":784904,"relics_obtained":[{"floor":7,"key":"Strawberry"},{"floor":9,"key":"Mercury Hourglass"},{"floor":14,"key":"Oddly Smooth Stone"}],"event_choices":[{"damage_healed":0,"gold_gain":0,"player_choice":"Entered Light","damage_taken":22,"max_hp_gain":0,"max_hp_loss":0,"event_name":"Shining Light","floor":3,"gold_loss":0,"cards_upgraded":["Strike_G","Neutralize"]},{"damage_healed":0,"gold_gain":75,"player_choice":"Gather Gold","damage_taken":11,"max_hp_gain":0,"max_hp_loss":0,"event_name":"World of Goop","floor":4,"gold_loss":0},{"damage_healed":0,"gold_gain":0,"player_choice":"Ignored","damage_taken":0,"max_hp_gain":0,"max_hp_loss":0,"event_name":"Liars Game","floor":5,"gold_loss":0},{"damage_healed":0,"gold_gain":0,"player_choice":"Grow","damage_taken":0,"max_hp_gain":0,"max_hp_loss":0,"event_name":"Living Wall","floor":10,"gold_loss":0,"cards_upgraded":["Footwork"]},{"cards_removed":["Strike_G"],"damage_healed":0,"gold_gain":0,"player_choice":"Card Removal","damage_taken":7,"max_hp_gain":0,"max_hp_loss":0,"event_name":"Golden Wing","floor":12,"gold_loss":0}],"is_beta":false,"boss_relics":[],"items_purged_floors":[],"is_endless":false,"potions_floor_spawned":[1,2],"killed_by":"Hexaghost","ascension_level":20}