{"gold_per_floor":[12,12,162,182,23,23,39,39,62,103,178,56,56,56,56,152,215,228,246,161,161,2,2,2],"floor_reached":24,"playtime":1479,"items_purged":["Doubt","Strike_G"],"score":380,"play_id":"45235e2e-b893-460d-9bfa-e5ee241e2584","local_time":"20190814102824","is_ascension_mode":true,"campfire_choices":[{"data":"All Out Attack","floor":6.0,"key":"SMITH"},{"data":"Dash","floor":8.0,"key":"SMITH"},{"floor":13.0,"key":"REST"},{"data":"Terror","floor":15.0,"key":"SMITH"},{"floor":23,"key":"REST"}],"neow_cost":"NO_GOLD","seed_source_timestamp":1820636651556844,"circlet_count":0,"master_deck":["AscendersBane","Strike_G","Strike_G","Defend_G","Defend_G","Defend_G+1","Defend_G","Defend_G","Survivor","Neutralize","Expertise","Night Terror","Escape Plan","All Out Attack+1","PiercingWail","Prepared","Dash+1","Leg Sweep","Well Laid Plans","Terror+1","Die Die Die","Riddle With Holes","PiercingWail","Dodge and Roll+1","Blur","Dagger Spray+1"],"special_seed":0,"relics":["Ring of the Snake","Golden Idol","Orichalcum","Nunchaku","The Courier","Tiny House","Molten Egg 2","Nilry\u0027s Codex"],"potions_floor_usage":[16,16],"damage_taken":[{"damage":3.0,"enemies":"Small Slimes","floor":1.0,"turns":5.0},{"damage":12.0,"enemies":"Jaw Worm","floor":4.0,"turns":11.0},{"damage":0.0,"enemies":"2 Louse","floor":7.0,"turns":3.0},{"damage":6.0,"enemies":"3 Sentries","floor":10.0,"turns":6.0},{"damage":28,"enemies":"Slime Boss","floor":16,"turns":11},{"damage":24,"enemies":"Chosen","floor":18,"turns":6},{"damage":3,"enemies":"Shell Parasite","floor":19,"turns":8},{"damage":36,"enemies":"Slavers","floor":24,"turns":3}],"seed_played":"328570671491685548","potions_obtained":[{"floor":4.0,"key":"SteroidPotion"},{"floor":7.0,"key":"Weak Potion"},{"floor":17,"key":"LiquidBronze"},{"floor":19,"key":"SteroidPotion"}],"is_trial":false,"path_per_floor":["M","?","?","M","$","R","M","R","T","E","?","$","R","T","R","B",null,"M","M","?","?","$","R","E"],"character_chosen":"THE_SILENT","items_purchased":["PiercingWail","Prepared","Well Laid Plans","Terror","Blur","Dagger Spray+1"],"campfire_rested":2,"item_purchase_floors":[5,5,12,12,22,22],"current_hp_per_floor":[56,56,56,44,44,44,44,44,44,38,27,27,45,45,45,17,54,30,27,27,6,6,25,0],"gold":2,"neow_bonus":"TRANSFORM_TWO_CARDS","is_prod":false,"is_daily":false,"chose_seed":false,"campfire_upgraded":3,"win_rate":0,"timestamp":1565803704,"path_taken":["M","?","?","M","$","R","M","R","T","E","?","?","R","?","R","BOSS","M","M","?","?","$","R","E"],"build_version":"2019-07-17","purchased_purges":2,"victory":false,"max_hp_per_floor":[66,60,60,60,60,60,60,60,60,60,60,60,60,60,60,60,65,65,65,65,65,65,65,65],"card_choices":[{"not_picked":["Quick Slash","Slice"],"picked":"Escape Plan","floor":1.0},{"not_picked":["Dagger Throw","Accuracy"],"picked":"All Out Attack","floor":4.0},{"not_picked":["All Out Attack","Sucker Punch"],"picked":"Dash","floor":7.0},{"not_picked":["Catalyst","Deadly Poison"],"picked":"Leg Sweep","floor":10.0},{"not_picked":["Night Terror","Unload"],"picked":"Die Die Die","floor":16},{"not_picked":["Underhanded Strike","Reflex"],"picked":"Riddle With Holes","floor":17},{"not_picked":["Bane","Backflip"],"picked":"PiercingWail","floor":18},{"not_picked":["Blade Dance+1","Prepared"],"picked":"Dodge and Roll+1","floor":19}],"player_experience":720118,"relics_obtained":[{"floor":9.0,"key":"Orichalcum"},{"floor":10.0,"key":"Nunchaku"},{"floor":14.0,"key":"The Courier"},{"floor":21,"key":"Nilry\u0027s Codex"}],"event_choices":[{"damage_healed":0.0,"max_hp_gain":0.0,"max_hp_loss":6.0,"gold_gain":0.0,"event_name":"Golden Idol","player_choice":"Lose Max HP","floor":2.0,"gold_loss":0.0,"damage_taken":0.0,"relics_obtained":["Golden Idol"]},{"damage_healed":0.0,"max_hp_gain":0.0,"max_hp_loss":0.0,"gold_gain":150.0,"event_name":"Liars Game","player_choice":"AGREE","floor":3.0,"gold_loss":0.0,"damage_taken":0.0,"cards_obtained":["Doubt"]},{"damage_healed":0.0,"max_hp_gain":0.0,"max_hp_loss":0.0,"gold_gain":75.0,"event_name":"World of Goop","player_choice":"Gather Gold","floor":11.0,"gold_loss":0.0,"damage_taken":11.0},{"damage_healed":0,"gold_gain":0,"player_choice":"Obtained Relic","damage_taken":0,"relics_obtained":["Molten Egg 2"],"max_hp_gain":0,"max_hp_loss":0,"event_name":"Addict","floor":20,"gold_loss":85},{"damage_healed":0,"gold_gain":0,"player_choice":"Obtained Book","damage_taken":21,"max_hp_gain":0,"max_hp_loss":0,"event_name":"Cursed Tome","floor":21,"gold_loss":0}],"is_beta":false,"boss_relics":[{"not_picked":["Calling Bell","Eternal Feather"],"picked":"Tiny House"}],"items_purged_floors":[5,22],"is_endless":false,"potions_floor_spawned":[4,7,19],"killed_by":"Slavers","ascension_level":20}