{"gold_per_floor":[117,130,142,142,142,170,185,39,39,39,74,74,14,45,45,147,147,165,165,180,190,190],"floor_reached":22,"playtime":1858,"items_purged":["Strike_G"],"score":235,"play_id":"52c496a6-e16c-432e-91cc-ceb557fc60d0","local_time":"20180831210519","is_ascension_mode":true,"campfire_choices":[{"data":"Malaise","floor":12,"key":"SMITH"},{"data":"Leg Sweep","floor":15,"key":"SMITH"}],"neow_cost":"NONE","seed_source_timestamp":1226980346150524,"circlet_count":0,"master_deck":["Defend_G","Defend_G","Defend_G","Defend_G","Strike_G","Strike_G","Strike_G","Survivor","Neutralize","Poisoned Stab","Die Die Die","Backflip","Quick Slash","Sucker Punch","Unload","Neutralize","Malaise+1","Leg Sweep+1","Tools of the Trade","Injury","Clumsy","Regret","Dagger Spray","Eviscerate","Acrobatics"],"relics":["Philosopher\u0027s Stone","Pen Nib","Bottled Lightning","Strawberry","Oddly Smooth Stone","The Courier","Pantograph","Calling Bell","Potion Belt","Dodecahedron","Girya"],"potions_floor_usage":[6,18,18,21,21],"damage_taken":[{"damage":13,"enemies":"Cultist","floor":1,"turns":5},{"damage":0,"enemies":"Small Slimes","floor":2,"turns":3},{"damage":0,"enemies":"Jaw Worm","floor":3,"turns":3},{"damage":14,"enemies":"Gremlin Nob","floor":6,"turns":4},{"damage":0,"enemies":"Blue Slaver","floor":7,"turns":3},{"damage":9,"enemies":"3 Sentries","floor":11,"turns":4},{"damage":8,"enemies":"Lagavulin","floor":14,"turns":7},{"damage":4,"enemies":"Slime Boss","floor":16,"turns":10},{"damage":17,"enemies":"3 Byrds","floor":18,"turns":6},{"damage":14,"enemies":"2 Thieves","floor":20,"turns":4},{"damage":27,"enemies":"Centurion and Healer","floor":21,"turns":3},{"damage":26,"enemies":"Cultist and Chosen","floor":22,"turns":4}],"seed_played":"-42169476183892902","potions_obtained":[{"floor":1,"key":"Regen Potion"},{"floor":11,"key":"GhostInAJar"},{"floor":14,"key":"Weak Potion"},{"floor":16,"key":"Fire Potion"},{"floor":18,"key":"SteroidPotion"}],"is_trial":false,"path_per_floor":["M","M","M","?","?","E","M","$","T","?","E","R","$","E","R","B",null,"M","?","M","M"],"character_chosen":"THE_SILENT","items_purchased":["Strawberry"],"campfire_rested":0,"item_purchase_floors":[8],"current_hp_per_floor":[57,57,57,50,43,41,41,48,48,48,39,39,39,31,31,52,77,60,60,46,19,0],"gold":190,"neow_bonus":"BOSS_RELIC","is_prod":false,"is_daily":false,"chose_seed":false,"campfire_upgraded":2,"win_rate":0,"timestamp":1535742319,"path_taken":["M","?","M","?","?","E","M","?","T","?","E","R","$","E","R","BOSS","M","?","M","M","?"],"build_version":"2018-08-23v2","purchased_purges":1,"victory":false,"max_hp_per_floor":[70,70,70,70,70,70,70,77,77,77,77,77,77,77,77,77,77,77,77,77,77,77],"card_choices":[{"not_picked":["Outmaneuver","Deadly Poison"],"picked":"Poisoned Stab","floor":1},{"not_picked":["Masterful Stab","Deadly Poison"],"picked":"Die Die Die","floor":2},{"not_picked":["Poisoned Stab","Deadly Poison"],"picked":"Backflip","floor":3},{"not_picked":["Reflex","Poisoned Stab"],"picked":"Quick Slash","floor":6},{"not_picked":["Endless Agony","Poisoned Stab"],"picked":"Sucker Punch","floor":7},{"not_picked":["Prepared","Acrobatics"],"picked":"Malaise","floor":11},{"not_picked":["Eviscerate","Underhanded Strike"],"picked":"Leg Sweep","floor":14},{"not_picked":["A Thousand Cuts","Bullet Time"],"picked":"Tools of the Trade","floor":16},{"not_picked":["Poisoned Stab","Backflip+1"],"picked":"Dagger Spray","floor":18},{"not_picked":["Backflip","Deflect"],"picked":"Eviscerate","floor":20},{"not_picked":["Calculated Gamble","Flying Knee"],"picked":"Acrobatics","floor":21}],"player_experience":413768,"relics_obtained":[{"floor":6,"key":"Bottled Lightning"},{"floor":9,"key":"Oddly Smooth Stone"},{"floor":11,"key":"The Courier"},{"floor":14,"key":"Pantograph"},{"floor":17,"key":"Potion Belt"},{"floor":17,"key":"Dodecahedron"},{"floor":17,"key":"Girya"}],"event_choices":[{"event_name":"Golden Wing","player_choice":"Card Removal","floor":4,"damage_taken":0},{"event_name":"Scrap Ooze","player_choice":"success","floor":5,"damage_taken":7},{"event_name":"Match and Keep!","player_choice":"2 cards matched","floor":10,"damage_taken":0},{"event_name":"Back to Basics","player_choice":"Elegance","floor":19,"damage_taken":0}],"is_beta":false,"boss_relics":[{"not_picked":["Tiny House","Lizard Tail"],"picked":"Calling Bell"}],"items_purged_floors":[13],"is_endless":false,"potions_floor_spawned":[1,11,14,16,18],"killed_by":"Cultist and Chosen","ascension_level":3}