{"gold_per_floor":[11,29,29,44,119,147,147,147],"floor_reached":8,"playtime":786,"items_purged":[],"score":70,"play_id":"886ba0ef-c8c8-43f6-8e09-22a148ccd908","local_time":"20190715090926","is_ascension_mode":true,"campfire_choices":[{"floor":7,"key":"REST"}],"neow_cost":"NO_GOLD","seed_source_timestamp":242320745049123,"circlet_count":0,"master_deck":["Strike_G","Strike_G","Strike_G","Strike_G","Strike_G","Defend_G","Defend_G","Defend_G","Defend_G","Defend_G","Survivor","Neutralize","Envenom+1","Acrobatics","Cloak And Dagger","Backflip","Accuracy"],"relics":["Ring of the Snake","Bag of Marbles"],"potions_floor_usage":[],"damage_taken":[{"damage":6,"enemies":"Small Slimes","floor":1,"turns":5},{"damage":16,"enemies":"Jaw Worm","floor":2,"turns":5},{"damage":0,"enemies":"2 Louse","floor":4,"turns":3},{"damage":33,"enemies":"3 Sentries","floor":6,"turns":13},{"damage":26,"enemies":"Lagavulin","floor":8,"turns":10}],"seed_played":"-8115325399716287526","potions_obtained":[],"is_trial":false,"path_per_floor":["M","M","?","M","?","E","R","E"],"character_chosen":"THE_SILENT","items_purchased":[],"campfire_rested":1,"item_purchase_floors":[],"current_hp_per_floor":[64,48,48,48,37,4,25,0],"gold":147,"neow_bonus":"THREE_RARE_CARDS","is_prod":false,"is_daily":false,"chose_seed":false,"campfire_upgraded":0,"win_rate":0,"timestamp":1563206966,"path_taken":["M","M","?","M","?","E","R","E"],"build_version":"2019-07-05","purchased_purges":0,"victory":false,"max_hp_per_floor":[70,70,70,70,70,70,70,70],"card_choices":[{"not_picked":["Tools of the Trade","Die Die Die"],"picked":"Envenom","floor":0},{"not_picked":["Deadly Poison","Escape Plan"],"picked":"Acrobatics","floor":1},{"not_picked":["Skewer","Blade Dance"],"picked":"Cloak And Dagger","floor":2},{"not_picked":["Dodge and Roll","Dagger Spray"],"picked":"Backflip","floor":4},{"not_picked":["Endless Agony","Dodge and Roll"],"picked":"Accuracy","floor":6}],"player_experience":262615,"relics_obtained":[{"floor":6,"key":"Bag of Marbles"}],"event_choices":[{"damage_healed":0,"gold_gain":0,"player_choice":"Grow","damage_taken":0,"max_hp_gain":0,"max_hp_loss":0,"event_name":"Living Wall","floor":3,"gold_loss":0,"cards_upgraded":["Envenom"]},{"damage_healed":0,"gold_gain":75,"player_choice":"Gather Gold","damage_taken":11,"max_hp_gain":0,"max_hp_loss":0,"event_name":"World of Goop","floor":5,"gold_loss":0}],"is_beta":false,"boss_relics":[],"items_purged_floors":[],"is_endless":false,"potions_floor_spawned":[],"killed_by":"Lagavulin","ascension_level":5}