{"gold_per_floor":[110,110,130,130,146,146,210,9,9,26,49,49,63,63],"floor_reached":14,"playtime":682,"items_purged":[],"score":180,"play_id":"9565e993-b6e8-4ce6-b784-2ed7619053c1","local_time":"20190815134054","is_ascension_mode":true,"campfire_choices":[{"floor":6,"key":"REST"},{"floor":12,"key":"REST"}],"neow_cost":"NONE","seed_source_timestamp":1919702874501943,"circlet_count":0,"master_deck":["AscendersBane","Strike_G","Strike_G","Strike_G","Strike_G","Strike_G","Defend_G","Defend_G","Defend_G+1","Defend_G","Defend_G","Survivor","Neutralize","Blur","Flying Knee+1","PiercingWail","Backflip","Well Laid Plans","Well Laid Plans","Leg Sweep","Deadly Poison"],"relics":["Ring of the Snake","Tiny Chest","Art of War","Pantograph","Strawberry"],"potions_floor_usage":[10,14],"damage_taken":[{"damage":1,"enemies":"Small Slimes","floor":1,"turns":4},{"damage":2,"enemies":"Jaw Worm","floor":3,"turns":4},{"damage":3,"enemies":"Cultist","floor":5,"turns":4},{"damage":48,"enemies":"Gremlin Nob","floor":7,"turns":6},{"damage":5,"enemies":"Exordium Thugs","floor":10,"turns":7},{"damage":17,"enemies":"Exordium Wildlife","floor":13,"turns":9},{"damage":19,"enemies":"Gremlin Gang","floor":14,"turns":4}],"seed_played":"-7641390774401376537","potions_obtained":[{"floor":1,"key":"Swift Potion"},{"floor":4,"key":"FairyPotion"},{"floor":4,"key":"Explosive Potion"},{"floor":10,"key":"Block Potion"}],"is_trial":false,"path_per_floor":["M","?","M","?","M","R","E","$","T","M","T","R","M","M"],"character_chosen":"THE_SILENT","items_purchased":["Art of War","Well Laid Plans"],"campfire_rested":2,"item_purchase_floors":[8,8],"current_hp_per_floor":[58,38,36,36,33,52,4,4,4,6,13,34,17,0],"gold":63,"neow_bonus":"THREE_CARDS","is_prod":false,"is_daily":false,"chose_seed":false,"campfire_upgraded":0,"win_rate":0,"timestamp":1565901654,"path_taken":["M","?","M","?","M","R","E","$","T","?","?","R","M","M"],"build_version":"2019-07-17","purchased_purges":0,"victory":false,"max_hp_per_floor":[66,66,66,66,66,66,66,66,66,66,73,73,73,73],"card_choices":[{"not_picked":["Blade Dance","Well Laid Plans"],"picked":"Blur","floor":0},{"not_picked":["Eviscerate","Endless Agony"],"picked":"Flying Knee","floor":1},{"not_picked":["Dagger Spray","Choke"],"picked":"PiercingWail","floor":3},{"not_picked":["Reflex","Concentrate"],"picked":"Backflip","floor":5},{"not_picked":["Underhanded Strike","Sucker Punch"],"picked":"Well Laid Plans","floor":7},{"not_picked":["Tactician","Heel Hook"],"picked":"Leg Sweep","floor":10},{"not_picked":["Quick Slash","Expertise"],"picked":"Deadly Poison","floor":13}],"player_experience":750266,"relics_obtained":[{"floor":7,"key":"Tiny Chest"},{"floor":9,"key":"Pantograph"},{"floor":11,"key":"Strawberry"}],"event_choices":[{"damage_healed":0,"gold_gain":0,"player_choice":"Entered Light","damage_taken":20,"max_hp_gain":0,"max_hp_loss":0,"event_name":"Shining Light","floor":2,"gold_loss":0,"cards_upgraded":["Defend_G","Flying Knee"]},{"damage_healed":0,"gold_gain":0,"player_choice":"Got Potions","damage_taken":0,"max_hp_gain":0,"max_hp_loss":0,"event_name":"Lab","floor":4,"gold_loss":0}],"is_beta":false,"boss_relics":[],"items_purged_floors":[],"is_endless":false,"potions_floor_spawned":[1,5,10],"killed_by":"Gremlin Gang","ascension_level":20}