{"gold_per_floor":[113,129,109,125,51,51,68,100,147,147,147,163,163,173,173,249,249,169,169,119,119,44,44,44,44,44,44,44,44,44,44,44,44],"floor_reached":33,"playtime":1231,"items_purged":["Writhe"],"score":570,"play_id":"b3938a51-4627-4310-bbdb-cad6942ed21d","local_time":"20190819101610","is_ascension_mode":true,"campfire_choices":[{"data":"Terror","floor":6.0,"key":"SMITH"},{"data":"Caltrops","floor":11.0,"key":"SMITH"},{"floor":13.0,"key":"REST"},{"data":"Die Die Die","floor":15.0,"key":"SMITH"},{"data":"Adrenaline","floor":23.0,"key":"SMITH"},{"data":"Burst","floor":27.0,"key":"SMITH"},{"floor":32.0,"key":"REST"}],"neow_cost":"NONE","seed_source_timestamp":2252267107668020,"circlet_count":0,"master_deck":["AscendersBane","Strike_G","Strike_G","Strike_G","Strike_G","Defend_G","Defend_G","Defend_G+1","Defend_G","Defend_G","Survivor","Neutralize","Die Die Die+1","Dagger Spray","Bouncing Flask","Terror+1","Caltrops+1","Sucker Punch","Dodge and Roll","Adrenaline+1","Deflect+1","Deadly Poison","After Image+1","Deadly Poison","Burst+1","Backflip+1","Bane"],"special_seed":0,"relics":["Ring of the Snake","Mercury Hourglass","Lantern","Ectoplasm","War Paint","Bag of Marbles","Question Card","Blood Vial","Oddly Smooth Stone"],"potions_floor_usage":[],"damage_taken":[{"damage":2.0,"enemies":"Cultist","floor":1.0,"turns":4.0},{"damage":0.0,"enemies":"Small Slimes","floor":2.0,"turns":2.0},{"damage":0.0,"enemies":"Jaw Worm","floor":4.0,"turns":4.0},{"damage":4.0,"enemies":"2 Fungi Beasts","floor":7.0,"turns":3.0},{"damage":24.0,"enemies":"3 Sentries","floor":8.0,"turns":6.0},{"damage":0.0,"enemies":"3 Louse","floor":12.0,"turns":2.0},{"damage":3.0,"enemies":"Looter","floor":14.0,"turns":2.0},{"damage":25.0,"enemies":"The Guardian","floor":16.0,"turns":8.0},{"damage":14.0,"enemies":"2 Thieves","floor":18.0,"turns":4.0},{"damage":0.0,"enemies":"Spheric Guardian","floor":21.0,"turns":3.0},{"damage":2.0,"enemies":"Slavers","floor":25.0,"turns":4.0},{"damage":8.0,"enemies":"Centurion and Healer","floor":28.0,"turns":6.0},{"damage":5.0,"enemies":"Snake Plant","floor":30.0,"turns":3.0},{"damage":18.0,"enemies":"Book of Stabbing","floor":31.0,"turns":5.0},{"damage":39,"enemies":"Collector","floor":33,"turns":5}],"seed_played":"2155646758924949605","potions_obtained":[{"floor":3.0,"key":"Poison Potion"},{"floor":4.0,"key":"AttackPotion"},{"floor":7.0,"key":"Explosive Potion"}],"is_trial":false,"path_per_floor":["M","M","?","M","$","R","M","E","T","?","R","M","R","M","R","B",null,"M","?","?","M","$","R","T","E","T","R","M","?","M","E","R","B"],"character_chosen":"THE_SILENT","items_purchased":["Caltrops"],"campfire_rested":2,"item_purchase_floors":[5],"current_hp_per_floor":[57,57,57,57,57,57,53,29,29,29,29,29,48,45,45,20,55,41,41,41,41,41,41,41,39,39,39,33,33,30,14,33,0],"gold":44,"neow_bonus":"ONE_RANDOM_RARE_CARD","is_prod":false,"is_daily":false,"chose_seed":false,"campfire_upgraded":5,"win_rate":0,"timestamp":1566234970,"path_taken":["M","?","?","?","$","R","M","E","T","?","R","M","R","?","R","BOSS","M","?","?","?","$","R","?","E","T","R","M","?","M","E","R","BOSS"],"build_version":"2019-07-17","purchased_purges":1,"victory":false,"max_hp_per_floor":[66,66,66,66,66,66,66,66,66,66,66,66,66,66,66,66,66,66,66,66,66,66,66,66,66,66,66,66,66,66,66,66,66],"card_choices":[{"not_picked":["Sucker Punch","Catalyst"],"picked":"Dagger Spray","floor":1.0},{"not_picked":["Acrobatics","Backflip"],"picked":"Bouncing Flask","floor":2.0},{"not_picked":["Heel Hook","Envenom"],"picked":"Terror","floor":4.0},{"not_picked":["Blade Dance","Caltrops"],"picked":"Sucker Punch","floor":7.0},{"not_picked":["Riddle With Holes","Sucker Punch"],"picked":"Dodge and Roll","floor":8.0},{"not_picked":["Riddle With Holes","Bouncing Flask"],"picked":"Deflect","floor":12.0},{"not_picked":["Endless Agony","Sucker Punch"],"picked":"Deadly Poison","floor":14.0},{"not_picked":["Envenom","Tools of the Trade"],"picked":"After Image","floor":16.0},{"not_picked":["Poisoned Stab","Underhanded Strike","Quick Slash"],"picked":"SKIP","floor":18.0},{"not_picked":["Sucker Punch","Backflip"],"picked":"Deadly Poison","floor":21.0},{"not_picked":["Quick Slash","Reflex"],"picked":"Burst","floor":25.0},{"not_picked":["Endless Agony","Calculated Gamble","Reflex"],"picked":"Backflip+1","floor":28.0},{"not_picked":["Expertise+1","Poisoned Stab","Prepared"],"picked":"Bane","floor":30.0},{"not_picked":["Infinite Blades+1","Backflip","Expertise","Endless Agony"],"picked":"SKIP","floor":31.0}],"player_experience":777012,"relics_obtained":[{"floor":8.0,"key":"Mercury Hourglass"},{"floor":9.0,"key":"Lantern"},{"floor":24.0,"key":"Bag of Marbles"},{"floor":25.0,"key":"Question Card"},{"floor":26.0,"key":"Blood Vial"},{"floor":31.0,"key":"Oddly Smooth Stone"}],"event_choices":[{"damage_healed":0.0,"max_hp_gain":0.0,"max_hp_loss":0.0,"gold_gain":0.0,"event_name":"The Woman in Blue","player_choice":"Bought 1 Potion","floor":3.0,"gold_loss":0.0,"damage_taken":0.0},{"damage_healed":0.0,"max_hp_gain":0.0,"max_hp_loss":0.0,"gold_gain":0.0,"cards_transformed":["Strike_G"],"event_name":"Transmorgrifier","player_choice":"Transformed","floor":10.0,"gold_loss":0.0,"damage_taken":0.0,"cards_obtained":["Adrenaline"]},{"damage_healed":0.0,"max_hp_gain":0.0,"max_hp_loss":0.0,"gold_gain":0.0,"event_name":"The Mausoleum","player_choice":"Opened","floor":19.0,"gold_loss":0.0,"damage_taken":0.0,"relics_obtained":["War Paint"],"cards_obtained":["Writhe"]},{"damage_healed":0.0,"max_hp_gain":0.0,"max_hp_loss":0.0,"gold_gain":0.0,"event_name":"Designer","player_choice":"Upgrade","floor":20.0,"gold_loss":50.0,"damage_taken":0.0,"cards_upgraded":["After Image"]},{"damage_healed":0.0,"max_hp_gain":0.0,"max_hp_loss":0.0,"gold_gain":0.0,"event_name":"Ghosts","player_choice":"Ignored","floor":29.0,"gold_loss":0.0,"damage_taken":0.0}],"is_beta":false,"boss_relics":[{"not_picked":["HoveringKite","Runic Dome"],"picked":"Ectoplasm"}],"items_purged_floors":[22],"is_endless":false,"potions_floor_spawned":[4,7,12,14,21],"killed_by":"Collector","ascension_level":20}