{"gold_per_floor":[110,110,110,127,146,177,196,196,245,280,300,318,283,309,309,309],"floor_reached":16,"playtime":984,"items_purged":[],"score":244,"play_id":"c2a58dc5-e1e7-4658-afbb-a85ecd923b13","local_time":"20190818195222","is_ascension_mode":true,"campfire_choices":[{"floor":8,"key":"REST"},{"data":"Scrape","floor":15,"key":"SMITH"}],"neow_cost":"NONE","seed_source_timestamp":6846674917200,"circlet_count":0,"master_deck":["AscendersBane","Strike_B+1","Strike_B","Strike_B","Strike_B","Defend_B","Defend_B","Defend_B+1","Defend_B","Zap","Dualcast","Compile Driver","Go for the Eyes","Sweeping Beam","Hologram","Sweeping Beam","Cold Snap","Gash","Scrape+1","Ball Lightning"],"relics":["Cracked Core","Dodecahedron","Boot","Omamori","Potion Belt"],"potions_floor_usage":[6,6,14,16],"damage_taken":[{"damage":4,"enemies":"Jaw Worm","floor":1,"turns":4},{"damage":3,"enemies":"2 Louse","floor":4,"turns":3},{"damage":1,"enemies":"Cultist","floor":5,"turns":3},{"damage":10,"enemies":"Lagavulin","floor":6,"turns":5},{"damage":6,"enemies":"Looter","floor":7,"turns":3},{"damage":34,"enemies":"Gremlin Nob","floor":10,"turns":4},{"damage":0,"enemies":"2 Fungi Beasts","floor":11,"turns":2},{"damage":0,"enemies":"Large Slime","floor":12,"turns":4},{"damage":16,"enemies":"3 Sentries","floor":14,"turns":5},{"damage":19,"enemies":"Hexaghost","floor":16,"turns":9}],"seed_played":"2040585554854664042","potions_obtained":[{"floor":3,"key":"FearPotion"},{"floor":3,"key":"AttackPotion"},{"floor":6,"key":"Dexterity Potion"},{"floor":7,"key":"PowerPotion"}],"is_trial":false,"path_per_floor":["M","?","?","M","M","E","M","R","T","E","M","M","?","E","R","B"],"character_chosen":"DEFECT","items_purchased":[],"campfire_rested":1,"item_purchase_floors":[],"current_hp_per_floor":[67,44,44,41,40,30,24,47,47,13,13,13,32,16,16,0],"gold":309,"neow_bonus":"TEN_PERCENT_HP_BONUS","is_prod":false,"is_daily":false,"chose_seed":false,"campfire_upgraded":1,"win_rate":0,"timestamp":1566150742,"path_taken":["M","?","?","M","M","E","M","R","T","E","?","M","?","E","R","BOSS"],"build_version":"2019-07-17","purchased_purges":0,"victory":false,"max_hp_per_floor":[78,78,78,78,78,78,78,78,78,78,78,78,78,78,78,78],"card_choices":[{"not_picked":["Redo","Rebound"],"picked":"Compile Driver","floor":1},{"not_picked":["Lockon","Leap"],"picked":"Go for the Eyes","floor":4},{"not_picked":["Fusion","Darkness"],"picked":"Sweeping Beam","floor":5},{"not_picked":["Streamline","Stack"],"picked":"Hologram","floor":6},{"not_picked":["Compile Driver","Redo"],"picked":"Sweeping Beam","floor":7},{"not_picked":["Steam","Sweeping Beam"],"picked":"Cold Snap","floor":10},{"not_picked":["Hologram","Biased Cognition"],"picked":"Gash","floor":11},{"not_picked":["Streamline","Turbo"],"picked":"Scrape","floor":12},{"not_picked":["Sweeping Beam","Consume"],"picked":"Ball Lightning","floor":14}],"player_experience":1513913,"relics_obtained":[{"floor":6,"key":"Dodecahedron"},{"floor":9,"key":"Boot"},{"floor":10,"key":"Omamori"},{"floor":14,"key":"Potion Belt"}],"event_choices":[{"damage_healed":0,"gold_gain":0,"player_choice":"Entered Light","damage_taken":23,"max_hp_gain":0,"max_hp_loss":0,"event_name":"Shining Light","floor":2,"gold_loss":0,"cards_upgraded":["Strike_B","Defend_B"]},{"damage_healed":0,"gold_gain":0,"player_choice":"Got Potions","damage_taken":0,"max_hp_gain":0,"max_hp_loss":0,"event_name":"Lab","floor":3,"gold_loss":0},{"damage_healed":19,"gold_gain":0,"player_choice":"Healed","damage_taken":0,"max_hp_gain":0,"max_hp_loss":0,"event_name":"The Cleric","floor":13,"gold_loss":35}],"is_beta":false,"boss_relics":[],"items_purged_floors":[],"is_endless":false,"potions_floor_spawned":[6,7,12],"killed_by":"Hexaghost","ascension_level":20}