{"gold_per_floor":[111,129,204,204,214,241,241,273,298,298,308,323,354,366,366,461,461,474,494,13,30,5,5,5],"floor_reached":24,"playtime":2424,"items_purged":[],"score":298,"play_id":"5a12d359-2edb-4bb9-8ec4-c03fbb709160","local_time":"20190715110442","is_ascension_mode":true,"campfire_choices":[{"floor":10,"key":"REST"},{"floor":15,"key":"REST"},{"floor":23,"key":"REST"}],"neow_cost":"NONE","seed_source_timestamp":247591028934690,"circlet_count":0,"master_deck":["Strike_G","Strike_G","Strike_G","Strike_G","Strike_G","Defend_G","Defend_G","Defend_G","Defend_G","Defend_G","Survivor","Neutralize","Underhanded Strike","Noxious Fumes","Prepared","Noxious Fumes","Night Terror","Terror","After Image","Masterful Stab","Reflex","Sucker Punch","Tools of the Trade","Underhanded Strike","Calculated Gamble","Bullet Time","PiercingWail","Catalyst+1","Reflex","Mayhem","Leg Sweep","Noxious Fumes","Bane","Poisoned Stab","Outmaneuver","Dagger Throw","Dodge and Roll"],"relics":["Ring of the Snake","Bag of Preparation","Potion Belt","Dream Catcher","Oddly Smooth Stone","Black Star"],"potions_floor_usage":[6,6,13,13],"damage_taken":[{"damage":0,"enemies":"Jaw Worm","floor":1,"turns":6},{"damage":2,"enemies":"Small Slimes","floor":2,"turns":3},{"damage":0,"enemies":"2 Louse","floor":5,"turns":3},{"damage":13,"enemies":"Lagavulin","floor":6,"turns":7},{"damage":31,"enemies":"3 Sentries","floor":8,"turns":6},{"damage":3,"enemies":"Red Slaver","floor":11,"turns":4},{"damage":0,"enemies":"Blue Slaver","floor":12,"turns":4},{"damage":18,"enemies":"Gremlin Nob","floor":13,"turns":5},{"damage":11,"enemies":"Looter","floor":14,"turns":3},{"damage":19,"enemies":"Hexaghost","floor":16,"turns":10},{"damage":0,"enemies":"Chosen","floor":18,"turns":4},{"damage":4,"enemies":"Spheric Guardian","floor":19,"turns":7},{"damage":34,"enemies":"3 Cultists","floor":21,"turns":7},{"damage":39,"enemies":"Gremlin Leader","floor":24,"turns":4}],"seed_played":"8091702215227909935","potions_obtained":[{"floor":1,"key":"Poison Potion"},{"floor":5,"key":"Poison Potion"},{"floor":8,"key":"Energy Potion"},{"floor":12,"key":"PowerPotion"}],"is_trial":false,"path_per_floor":["M","M","?","?","M","E","?","E","T","R","M","M","E","M","R","B",null,"M","M","$","M","$","R","E"],"character_chosen":"THE_SILENT","items_purchased":["Reflex","Mayhem","Leg Sweep","Noxious Fumes","Bane","Poisoned Stab","Dagger Throw"],"campfire_rested":3,"item_purchase_floors":[20,20,20,20,20,20,22],"current_hp_per_floor":[70,68,57,57,57,44,44,13,13,34,31,31,13,2,23,4,54,54,50,50,16,16,37,0],"gold":5,"neow_bonus":"RANDOM_COMMON_RELIC","is_prod":false,"is_daily":false,"chose_seed":false,"campfire_upgraded":0,"win_rate":0,"timestamp":1563213882,"path_taken":["M","M","?","?","M","E","?","E","T","R","?","M","E","M","R","BOSS","M","M","$","M","$","R","E"],"build_version":"2019-07-05","purchased_purges":0,"victory":false,"max_hp_per_floor":[70,70,70,70,70,70,70,70,70,70,70,70,70,70,70,70,70,70,70,70,70,70,70,70],"card_choices":[{"not_picked":["Distraction","Dagger Throw"],"picked":"Underhanded Strike","floor":1},{"not_picked":["Outmaneuver","Cloak And Dagger"],"picked":"Noxious Fumes","floor":2},{"not_picked":["Blade Dance","Deflect"],"picked":"Prepared","floor":5},{"not_picked":["Backflip","Acrobatics"],"picked":"Noxious Fumes","floor":6},{"not_picked":["Sucker Punch","Quick Slash"],"picked":"After Image","floor":8},{"not_picked":["Escape Plan","Endless Agony"],"picked":"Masterful Stab","floor":10},{"not_picked":["Dodge and Roll","Flying Knee"],"picked":"Reflex","floor":11},{"not_picked":["Blur","Bane"],"picked":"Sucker Punch","floor":12},{"not_picked":["Prepared","Cloak And Dagger"],"picked":"Tools of the Trade","floor":13},{"not_picked":["Quick Slash","Noxious Fumes"],"picked":"Underhanded Strike","floor":14},{"not_picked":["Backflip","Leg Sweep"],"picked":"Calculated Gamble","floor":15},{"not_picked":["Phantasmal Killer","Doppelganger"],"picked":"Bullet Time","floor":16},{"not_picked":["Blade Dance","Backflip"],"picked":"PiercingWail","floor":18},{"not_picked":["Backflip","Dash"],"picked":"Catalyst+1","floor":19},{"not_picked":["Endless Agony","Flechettes"],"picked":"Outmaneuver","floor":21},{"not_picked":["Endless Agony","Choke"],"picked":"Dodge and Roll","floor":23}],"player_experience":267826,"relics_obtained":[{"floor":6,"key":"Potion Belt"},{"floor":8,"key":"Dream Catcher"},{"floor":13,"key":"Oddly Smooth Stone"}],"event_choices":[{"damage_healed":0,"gold_gain":75,"player_choice":"Gather Gold","damage_taken":11,"max_hp_gain":0,"max_hp_loss":0,"event_name":"World of Goop","floor":3,"gold_loss":0},{"damage_healed":0,"gold_gain":0,"player_choice":"Ignored","damage_taken":0,"max_hp_gain":0,"max_hp_loss":0,"event_name":"Liars Game","floor":4,"gold_loss":0},{"damage_healed":0,"gold_gain":0,"player_choice":"2 cards matched","damage_taken":0,"max_hp_gain":0,"max_hp_loss":0,"event_name":"Match and Keep!","floor":7,"gold_loss":0,"cards_obtained":["Night Terror","Terror"]}],"is_beta":false,"boss_relics":[{"not_picked":["Coffee Dripper","Empty Cage"],"picked":"Black Star"}],"items_purged_floors":[],"is_endless":false,"potions_floor_spawned":[1,5,8,12],"killed_by":"Gremlin Leader","ascension_level":5}