{"gold_per_floor":[15,29,41,41,55,55,71,71,119,144,144,30,44,54,54,126,176,186,186,196,196,207,207],"floor_reached":23,"playtime":1332,"items_purged":[],"score":565,"play_id":"da40b775-63c5-479b-aeba-f32f49815967","local_time":"20190805142336","is_ascension_mode":true,"campfire_choices":[{"data":"1","floor":6.0,"key":"LIFT"},{"data":"2","floor":8.0,"key":"LIFT"},{"data":"3","floor":11.0,"key":"LIFT"},{"floor":15.0,"key":"REST"}],"neow_cost":"NO_GOLD","seed_source_timestamp":1057347641616027,"circlet_count":0,"master_deck":["AscendersBane","Strike_G","Strike_G+1","Strike_G+1","Defend_G","Defend_G","Defend_G","Defend_G","Defend_G","Survivor","Neutralize","Well Laid Plans","Bouncing Flask","All Out Attack","PiercingWail","Catalyst+1","Venomology","Noxious Fumes","PiercingWail","PiercingWail","Leg Sweep","After Image","Deadly Poison","Deadly Poison","Catalyst","Catalyst","Adrenaline","Prepared","PiercingWail+1"],"special_seed":0,"relics":["Ring of the Snake","Girya","Whetstone","Darkstone Periapt","Tiny House"],"potions_floor_usage":[],"damage_taken":[{"damage":0.0,"enemies":"Jaw Worm","floor":1.0,"turns":4.0},{"damage":3.0,"enemies":"Small Slimes","floor":2.0,"turns":4.0},{"damage":9.0,"enemies":"2 Louse","floor":3.0,"turns":4.0},{"damage":18.0,"enemies":"Large Slime","floor":5.0,"turns":7.0},{"damage":1.0,"enemies":"Exordium Wildlife","floor":7.0,"turns":3.0},{"damage":0.0,"enemies":"Gremlin Nob","floor":10.0,"turns":2.0},{"damage":2.0,"enemies":"Gremlin Gang","floor":13.0,"turns":4.0},{"damage":5.0,"enemies":"Blue Slaver","floor":14.0,"turns":5.0},{"damage":0.0,"enemies":"The Guardian","floor":16.0,"turns":8.0},{"damage":1.0,"enemies":"Chosen","floor":18.0,"turns":4.0},{"damage":9.0,"enemies":"2 Thieves","floor":20.0,"turns":3.0},{"damage":32.0,"enemies":"Snecko","floor":22.0,"turns":6.0},{"damage":23,"enemies":"Slavers","floor":23,"turns":3}],"seed_played":"-2448185442819182419","potions_obtained":[{"floor":1.0,"key":"Fire Potion"},{"floor":7.0,"key":"Poison Potion"},{"floor":10.0,"key":"Block Potion"},{"floor":13.0,"key":"AttackPotion"},{"floor":17.0,"key":"SteroidPotion"},{"floor":20.0,"key":"Ancient Potion"}],"is_trial":false,"path_per_floor":["M","M","M","$","M","R","M","R","T","E","R","$","M","M","R","B",null,"M","?","M","?","M","E"],"character_chosen":"THE_SILENT","items_purchased":["Noxious Fumes","PiercingWail"],"campfire_rested":1,"item_purchase_floors":[12,12],"current_hp_per_floor":[59,56,47,47,29,29,28,28,28,28,28,28,26,21,40,40,65,64,64,55,55,23,0],"gold":207,"neow_bonus":"ONE_RARE_RELIC","is_prod":false,"is_daily":false,"chose_seed":false,"campfire_upgraded":0,"win_rate":0,"timestamp":1565040216,"path_taken":["M","M","M","$","M","R","M","R","T","E","R","$","M","M","R","BOSS","M","?","M","?","M","E"],"build_version":"2019-07-17","purchased_purges":0,"victory":false,"max_hp_per_floor":[66,66,66,66,66,66,66,66,66,66,66,66,66,66,66,66,71,71,71,71,71,71,71],"card_choices":[{"not_picked":["Backflip","Outmaneuver"],"picked":"Well Laid Plans","floor":1.0},{"not_picked":["Slice","Flying Knee"],"picked":"Bouncing Flask","floor":2.0},{"not_picked":["Reflex","Slice"],"picked":"All Out Attack","floor":3.0},{"not_picked":["Reflex","Slice"],"picked":"PiercingWail","floor":5.0},{"not_picked":["Deflect","Die Die Die"],"picked":"Catalyst","floor":7.0},{"not_picked":["Dodge and Roll","Tactician"],"picked":"Venomology","floor":10.0},{"not_picked":["Escape Plan","Slice"],"picked":"PiercingWail","floor":13.0},{"not_picked":["Dagger Spray","Expertise"],"picked":"Leg Sweep","floor":14.0},{"not_picked":["Venomology","Unload"],"picked":"After Image","floor":16.0},{"not_picked":["Escape Plan","Caltrops"],"picked":"Deadly Poison","floor":17.0},{"not_picked":["Choke","PiercingWail"],"picked":"Deadly Poison","floor":18.0},{"not_picked":["Dagger Throw","Sucker Punch"],"picked":"Catalyst","floor":20.0},{"not_picked":["Dash","Reflex+1"],"picked":"PiercingWail+1","floor":22.0}],"player_experience":651777,"relics_obtained":[{"floor":9.0,"key":"Whetstone"},{"floor":10.0,"key":"Darkstone Periapt"}],"event_choices":[{"damage_healed":0.0,"max_hp_gain":0.0,"max_hp_loss":0.0,"gold_gain":0.0,"event_name":"The Library","player_choice":"Read","floor":19.0,"gold_loss":0.0,"damage_taken":0.0,"cards_obtained":["Catalyst"]},{"damage_healed":0.0,"max_hp_gain":0.0,"max_hp_loss":0.0,"gold_gain":0.0,"cards_transformed":["Strike_G","Strike_G"],"event_name":"Drug Dealer","player_choice":"Became Test Subject","floor":21.0,"gold_loss":0.0,"damage_taken":0.0,"cards_obtained":["Adrenaline","Prepared"]}],"is_beta":false,"boss_relics":[{"not_picked":["Snecko Eye","Lizard Tail"],"picked":"Tiny House"}],"items_purged_floors":[],"is_endless":false,"potions_floor_spawned":[1,7,10,13,20],"killed_by":"Slavers","ascension_level":20}