{"gold_per_floor":[118,6,56,14,14,14,41,41,65,65,79,79,93,123,123,201,201,215,215,41,41,64,64,98,98,98,115,125,143,143,157,157,157],"floor_reached":33,"playtime":1450,"items_purged":["Strike_G","Grand Finale"],"score":592,"play_id":"83b44975-d779-4009-8fff-e975356eb90f","local_time":"20190805151556","is_ascension_mode":true,"campfire_choices":[{"data":"Terror","floor":6.0,"key":"SMITH"},{"data":"Riddle With Holes","floor":8.0,"key":"SMITH"},{"data":"Noxious Fumes","floor":10.0,"key":"SMITH"},{"floor":15.0,"key":"REST"},{"data":"Wraith Form v2","floor":23.0,"key":"SMITH"},{"floor":25.0,"key":"REST"},{"floor":30.0,"key":"REST"},{"floor":32.0,"key":"REST"}],"neow_cost":"NONE","seed_source_timestamp":1059996207187737,"circlet_count":0,"master_deck":["AscendersBane","Survivor","Neutralize","Terror+1","Riddle With Holes+1","Noxious Fumes+1","Poisoned Stab","PiercingWail","Sucker Punch","Catalyst","Wraith Form v2+1","Quick Slash","Blur","Infinite Blades","Reflex","Predator","Burst","Bane","Envenom","Cloak And Dagger+1","Footwork","Backflip","Dash","Outmaneuver","Well Laid Plans","Caltrops","Riddle With Holes+1","Storm of Steel","Catalyst"],"special_seed":0,"relics":["Ring of the Snake","NeowsBlessing","Mercury Hourglass","Omamori","Bag of Preparation","Bottled Flame","Pandora\u0027s Box","Dream Catcher","Ancient Tea Set","Kunai"],"potions_floor_usage":[33,33],"damage_taken":[{"damage":0.0,"enemies":"Cultist","floor":1.0,"turns":1.0},{"damage":0.0,"enemies":"Lagavulin","floor":7.0,"turns":1.0},{"damage":0.0,"enemies":"Small Slimes","floor":11.0,"turns":1.0},{"damage":0.0,"enemies":"Jaw Worm","floor":13.0,"turns":3.0},{"damage":11.0,"enemies":"Gremlin Nob","floor":14.0,"turns":3.0},{"damage":18.0,"enemies":"The Guardian","floor":16.0,"turns":9.0},{"damage":12.0,"enemies":"3 Byrds","floor":18.0,"turns":3.0},{"damage":21.0,"enemies":"Gremlin Leader","floor":24.0,"turns":7.0},{"damage":6.0,"enemies":"Shell Parasite","floor":27.0,"turns":4.0},{"damage":7.0,"enemies":"Centurion and Healer","floor":28.0,"turns":7.0},{"damage":10.0,"enemies":"Snake Plant","floor":29.0,"turns":5.0},{"damage":18.0,"enemies":"Shelled Parasite and Fungi","floor":31.0,"turns":7.0},{"damage":43,"enemies":"Collector","floor":33,"turns":6}],"seed_played":"-5338239181620822998","potions_obtained":[{"floor":7.0,"key":"SkillPotion"},{"floor":11.0,"key":"GhostInAJar"},{"floor":13.0,"key":"PowerPotion"},{"floor":27.0,"key":"PowerPotion"},{"floor":29.0,"key":"Explosive Potion"}],"is_trial":false,"path_per_floor":["M","$","?","$","?","R","E","R","T","R","M","?","M","E","R","B",null,"M","?","$","?","T","R","E","R","T","M","M","M","R","M","R","B"],"character_chosen":"THE_SILENT","items_purchased":["Riddle With Holes","Noxious Fumes","Footwork"],"campfire_rested":4,"item_purchase_floors":[2,4,20],"current_hp_per_floor":[59,59,59,59,33,33,33,33,33,33,33,33,33,22,41,23,55,43,43,43,43,43,43,22,41,41,35,28,18,37,19,38,0],"gold":157,"neow_bonus":"THREE_ENEMY_KILL","is_prod":false,"is_daily":false,"chose_seed":false,"campfire_upgraded":4,"win_rate":0,"timestamp":1565043356,"path_taken":["M","$","?","?","?","R","E","R","T","R","M","?","M","E","R","BOSS","M","?","$","?","?","R","E","R","T","M","M","M","R","?","R","BOSS"],"build_version":"2019-07-17","purchased_purges":2,"victory":false,"max_hp_per_floor":[66,66,66,66,66,66,66,66,66,66,66,66,66,66,66,66,66,66,66,66,66,66,66,66,66,66,66,66,66,66,66,66,66],"card_choices":[{"not_picked":["Backflip","Outmaneuver"],"picked":"Terror","floor":1.0},{"not_picked":["Slice","Endless Agony"],"picked":"Poisoned Stab","floor":7.0},{"not_picked":["All Out Attack","Heel Hook"],"picked":"PiercingWail","floor":11.0},{"not_picked":["Escape Plan","PiercingWail"],"picked":"Sucker Punch","floor":13.0},{"not_picked":["All Out Attack","Crippling Poison"],"picked":"Catalyst","floor":14.0},{"not_picked":["Tools of the Trade","A Thousand Cuts"],"picked":"Wraith Form v2","floor":16.0},{"not_picked":["Masterful Stab","Slice+1"],"picked":"Cloak And Dagger+1","floor":18.0},{"not_picked":["Malaise","Eviscerate"],"picked":"Backflip","floor":24.0},{"not_picked":["Prepared","Blade Dance"],"picked":"Dash","floor":25.0},{"not_picked":["Quick Slash","Acrobatics"],"picked":"Outmaneuver","floor":27.0},{"not_picked":["Eviscerate","Poisoned Stab"],"picked":"Well Laid Plans","floor":28.0},{"not_picked":["Terror","All Out Attack"],"picked":"Caltrops","floor":29.0},{"not_picked":["Dagger Spray","Sucker Punch"],"picked":"Riddle With Holes+1","floor":30.0},{"not_picked":["Backflip","Distraction"],"picked":"Storm of Steel","floor":31.0},{"not_picked":["Bane","Footwork"],"picked":"Catalyst","floor":32.0}],"player_experience":653766,"relics_obtained":[{"floor":7.0,"key":"Omamori"},{"floor":9.0,"key":"Bag of Preparation"},{"floor":14.0,"key":"Bottled Flame"},{"floor":22.0,"key":"Dream Catcher"},{"floor":24.0,"key":"Ancient Tea Set"},{"floor":26.0,"key":"Kunai"}],"event_choices":[{"damage_healed":0.0,"max_hp_gain":0.0,"max_hp_loss":0.0,"gold_gain":50.0,"event_name":"Golden Shrine","player_choice":"Pray","floor":3.0,"gold_loss":0.0,"damage_taken":0.0},{"damage_healed":0.0,"max_hp_gain":0.0,"max_hp_loss":0.0,"gold_gain":0.0,"event_name":"Scrap Ooze","player_choice":"Success","floor":5.0,"gold_loss":0.0,"damage_taken":26.0,"relics_obtained":["Mercury Hourglass"]},{"damage_healed":0.0,"max_hp_gain":0.0,"max_hp_loss":0.0,"gold_gain":0.0,"event_name":"Shining Light","player_choice":"Ignored","floor":12.0,"gold_loss":0.0,"damage_taken":0.0},{"damage_healed":0.0,"max_hp_gain":0.0,"max_hp_loss":0.0,"gold_gain":0.0,"event_name":"Ghosts","player_choice":"Ignored","floor":19.0,"gold_loss":0.0,"damage_taken":0.0}],"is_beta":false,"boss_relics":[{"not_picked":["Velvet Choker","Snecko Eye"],"picked":"Pandora\u0027s Box"}],"items_purged_floors":[2,20],"is_endless":false,"potions_floor_spawned":[7,11,13,14,27,29],"killed_by":"Collector","ascension_level":20}