{"gold_per_floor":[118,129,129,140,151,151,33,62,138,138,67,84,84,97,97,194,194,212,212,2,2,2,36,36,36,36,20,48,48,48,48,48,149,149,159,159,159,177,191,191,223,223,223,257,257,257,357,13,13,13],"floor_reached":50,"playtime":7812,"items_purged":[],"score":662,"play_id":"ecb0ff2f-c998-489b-aae9-1673ad75b5be","local_time":"20190710113936","is_ascension_mode":true,"campfire_choices":[{"floor":6,"key":"REST"},{"floor":13,"key":"REST"},{"floor":15,"key":"REST"},{"floor":24,"key":"REST"},{"floor":30,"key":"REST"},{"data":"Concentrate","floor":32,"key":"SMITH"},{"floor":40,"key":"RECALL"},{"floor":42,"key":"REST"},{"floor":49,"key":"REST"}],"neow_cost":"PERCENT_DAMAGE","seed_source_timestamp":687821044286892,"circlet_count":0,"master_deck":["Strike_G+1","Strike_G","Defend_G","Defend_G","Defend_G","Survivor","Neutralize","Finesse","Panacea","Bouncing Flask","Quick Slash+1","Dagger Throw","Acrobatics","Underhanded Strike","Backflip","Dagger Throw","Acrobatics+1","PiercingWail","Underhanded Strike","Prepared","Dash","Die Die Die","Caltrops+1","Storm of Steel+1","Reflex+1","Acrobatics+1","Outmaneuver","Calculated Gamble","Concentrate+1","Dagger Throw","Envenom+1","Bane+1","Madness","Madness","Escape Plan","Parasite","Concentrate+1","Heel Hook+1","Crippling Poison+1","Heel Hook+1","Prepared"],"relics":["Ring of the Snake","Unceasing Top","Astrolabe","TwistedFunnel","Enchiridion","Whetstone","Ninja Scroll","Frozen Egg 2","Bottled Lightning","Thread and Needle","Eternal Feather","Girya","Boot","Kunai","Tingsha","Gambling Chip"],"potions_floor_usage":[5,8,16,33,33,39,39,44,50,50],"damage_taken":[{"damage":1,"enemies":"Jaw Worm","floor":1,"turns":8},{"damage":1,"enemies":"Cultist","floor":2,"turns":3},{"damage":7,"enemies":"Small Slimes","floor":4,"turns":4},{"damage":18,"enemies":"Exordium Thugs","floor":5,"turns":7},{"damage":33,"enemies":"3 Sentries","floor":8,"turns":13},{"damage":1,"enemies":"Looter","floor":12,"turns":4},{"damage":7,"enemies":"Lots of Slimes","floor":14,"turns":5},{"damage":53,"enemies":"The Guardian","floor":16,"turns":12},{"damage":22,"enemies":"Spheric Guardian","floor":18,"turns":4},{"damage":12,"enemies":"Gremlin Leader","floor":23,"turns":6},{"damage":0,"enemies":"2 Thieves","floor":27,"turns":4},{"damage":6,"enemies":"Slavers","floor":28,"turns":4},{"damage":55,"enemies":"Automaton","floor":33,"turns":8},{"damage":6,"enemies":"Orb Walker","floor":35,"turns":3},{"damage":15,"enemies":"3 Shapes","floor":38,"turns":6},{"damage":10,"enemies":"Writhing Mass","floor":39,"turns":5},{"damage":28,"enemies":"Nemesis","floor":41,"turns":7},{"damage":34,"enemies":"Reptomancer","floor":44,"turns":7},{"damage":17,"enemies":"Mind Bloom Boss Battle","floor":47,"turns":9},{"damage":67,"enemies":"Awakened One","floor":50,"turns":5}],"seed_played":"-7182675907671756962","potions_obtained":[{"floor":2,"key":"Explosive Potion"},{"floor":4,"key":"Regen Potion"},{"floor":8,"key":"AttackPotion"},{"floor":16,"key":"Block Potion"},{"floor":19,"key":"LiquidBronze"},{"floor":19,"key":"Swift Potion"},{"floor":33,"key":"GhostInAJar"},{"floor":39,"key":"Explosive Potion"},{"floor":41,"key":"Fire Potion"},{"floor":47,"key":"AttackPotion"}],"is_trial":false,"path_per_floor":["M","M","?","M","M","R","$","E","T","?","$","M","R","M","R","B",null,"M","?","$","?","?","E","R","T","T","M","E","$","R","T","R","B",null,"M","?","?","M","M","R","E","R","T","E","?","?","?","$","R","B"],"character_chosen":"THE_SILENT","items_purchased":["Underhanded Strike","Backflip","Dagger Throw","PiercingWail","Underhanded Strike","TwistedFunnel","Gambling Chip","Prepared"],"campfire_rested":7,"item_purchase_floors":[7,7,7,11,11,20,48,48],"current_hp_per_floor":[48,47,47,40,22,43,43,25,25,25,25,24,45,38,59,6,70,48,48,48,32,32,20,41,41,41,41,35,35,56,56,56,1,70,64,64,55,40,30,51,23,65,65,31,31,31,14,14,59,0],"gold":13,"neow_bonus":"RANDOM_COLORLESS_2","is_prod":false,"is_daily":false,"chose_seed":false,"campfire_upgraded":1,"win_rate":0,"timestamp":1562783976,"path_taken":["M","M","?","M","?","R","$","E","T","?","$","M","R","?","R","BOSS","M","?","$","?","?","E","R","?","T","?","E","?","R","?","R","BOSS","M","?","?","M","M","R","E","R","T","E","?","?","?","$","R","BOSS"],"build_version":"2019-07-05","purchased_purges":0,"victory":false,"max_hp_per_floor":[70,70,70,70,70,70,70,70,70,70,70,70,70,70,70,70,70,70,70,70,70,70,70,70,70,70,70,70,70,70,70,70,70,70,70,70,70,70,70,70,70,70,70,70,70,70,70,70,70,70],"card_choices":[{"not_picked":["Outmaneuver","Slice"],"picked":"Bouncing Flask","floor":1},{"not_picked":["Dodge and Roll","PiercingWail"],"picked":"Quick Slash","floor":2},{"not_picked":["Sucker Punch","Escape Plan"],"picked":"Dagger Throw","floor":4},{"not_picked":["Deadly Poison","Dash"],"picked":"Acrobatics","floor":5},{"not_picked":["Riddle With Holes","Backstab"],"picked":"Acrobatics","floor":8},{"not_picked":["Quick Slash","Storm of Steel"],"picked":"Prepared","floor":12},{"not_picked":["Eviscerate","Slice"],"picked":"Dash","floor":14},{"not_picked":["Unload","Grand Finale"],"picked":"Die Die Die","floor":16},{"not_picked":["Backstab","Deflect"],"picked":"Acrobatics+1","floor":18},{"not_picked":["Terror","Quick Slash"],"picked":"Accuracy","floor":23},{"not_picked":["Acrobatics","Heel Hook+1"],"picked":"Concentrate","floor":27},{"not_picked":["Deadly Poison","Cloak And Dagger"],"picked":"Dagger Throw","floor":28},{"not_picked":["Storm of Steel","Phantasmal Killer"],"picked":"Envenom+1","floor":33},{"not_picked":["Finisher","Distraction+1"],"picked":"Bane+1","floor":35},{"not_picked":["Deflect+1","Deadly Poison+1"],"picked":"Escape Plan","floor":38},{"not_picked":["Cloak And Dagger","Dodge and Roll+1"],"picked":"Concentrate+1","floor":39},{"not_picked":["Escape Plan","Dodge and Roll"],"picked":"Heel Hook+1","floor":41},{"not_picked":["PiercingWail","Flechettes"],"picked":"Crippling Poison+1","floor":44},{"not_picked":["Cloak And Dagger+1","Flechettes"],"picked":"Heel Hook+1","floor":47}],"player_experience":175624,"relics_obtained":[{"floor":8,"key":"Unceasing Top"},{"floor":21,"key":"Enchiridion"},{"floor":23,"key":"Whetstone"},{"floor":25,"key":"Ninja Scroll"},{"floor":26,"key":"Frozen Egg 2"},{"floor":28,"key":"Bottled Lightning"},{"floor":31,"key":"Thread and Needle"},{"floor":41,"key":"Girya"},{"floor":43,"key":"Boot"},{"floor":44,"key":"Kunai"},{"floor":47,"key":"Tingsha"}],"event_choices":[{"damage_healed":0,"gold_gain":0,"player_choice":"Bought 0 Potions","damage_taken":0,"max_hp_gain":0,"max_hp_loss":0,"event_name":"The Woman in Blue","floor":3,"gold_loss":0},{"damage_healed":0,"gold_gain":0,"player_choice":"Upgraded","damage_taken":0,"max_hp_gain":0,"max_hp_loss":0,"event_name":"Upgrade Shrine","floor":10,"gold_loss":0,"cards_upgraded":["Acrobatics"]},{"damage_healed":0,"gold_gain":0,"player_choice":"Got Potions","damage_taken":0,"max_hp_gain":0,"max_hp_loss":0,"event_name":"Lab","floor":19,"gold_loss":0},{"damage_healed":0,"gold_gain":0,"player_choice":"Obtained Book","damage_taken":16,"max_hp_gain":0,"max_hp_loss":0,"event_name":"Cursed Tome","floor":21,"gold_loss":0},{"damage_healed":0,"gold_gain":0,"cards_transformed":["Strike_G","Defend_G"],"player_choice":"Became Test Subject","damage_taken":0,"max_hp_gain":0,"max_hp_loss":0,"event_name":"Drug Dealer","floor":22,"gold_loss":0,"cards_obtained":["Outmaneuver","Calculated Gamble"]},{"damage_healed":0,"gold_gain":0,"player_choice":"Ignored","damage_taken":0,"max_hp_gain":0,"max_hp_loss":0,"event_name":"Tomb of Lord Red Mask","floor":36,"gold_loss":0},{"damage_healed":0,"gold_gain":0,"player_choice":"Embrace Madness","damage_taken":9,"max_hp_gain":0,"max_hp_loss":0,"event_name":"Winding Halls","floor":37,"gold_loss":0,"cards_obtained":["Madness","Madness"]},{"damage_healed":0,"gold_gain":0,"player_choice":"Ignored","damage_taken":0,"max_hp_gain":0,"max_hp_loss":0,"event_name":"The Moai Head","floor":45,"gold_loss":0},{"cards_removed":["Accuracy"],"damage_healed":0,"gold_gain":0,"player_choice":"Removed Power","damage_taken":0,"max_hp_gain":0,"max_hp_loss":0,"event_name":"Falling","floor":46,"gold_loss":0},{"damage_healed":0,"gold_gain":0,"player_choice":"Fight","damage_taken":0,"max_hp_gain":0,"max_hp_loss":0,"event_name":"MindBloom","floor":47,"gold_loss":0}],"is_beta":false,"boss_relics":[{"not_picked":["Runic Pyramid","White Beast Statue"],"picked":"Astrolabe"},{"not_picked":["Lizard Tail","Snecko Eye"],"picked":"Eternal Feather"}],"items_purged_floors":[],"is_endless":false,"potions_floor_spawned":[2,4,8,16,28,33,39,41,47],"killed_by":"Awakened One","ascension_level":3}