{"gold_per_floor":[17,32,32,32,51,86,109,109,177,177,25,44,44,83,83,212,212,237,257,36,59,80,80],"floor_reached":23,"playtime":1628,"items_purged":["Strike_G"],"score":305,"play_id":"012d6dab-0131-44cd-a834-a1a1d969d436","local_time":"20190724144452","is_ascension_mode":true,"campfire_choices":[{"data":"Outmaneuver","floor":8.0,"key":"SMITH"},{"data":"Concentrate","floor":10.0,"key":"SMITH"},{"floor":15.0,"key":"REST"}],"neow_cost":"NO_GOLD","seed_source_timestamp":20518440876095,"circlet_count":0,"master_deck":["AscendersBane","Strike_G","Strike_G","Strike_G","Strike_G","Defend_G","Defend_G","Defend_G","Defend_G","Defend_G","Survivor","Neutralize","Concentrate+1","Dagger Throw","Backflip","Masterful Stab","Outmaneuver+1","Skewer","Outmaneuver","Caltrops","A Thousand Cuts","Infinite Blades+1","Backflip+1","Well Laid Plans","Blur","Sucker Punch"],"special_seed":0,"relics":["Ring of the Snake","The Specimen","Golden Idol","Gambling Chip","Bottled Flame","Bronze Scales","Black Star","Lantern"],"potions_floor_usage":[],"damage_taken":[{"damage":0.0,"enemies":"Cultist","floor":1.0,"turns":4.0},{"damage":0.0,"enemies":"Jaw Worm","floor":2.0,"turns":6.0},{"damage":2.0,"enemies":"2 Louse","floor":5.0,"turns":3.0},{"damage":29.0,"enemies":"3 Sentries","floor":6.0,"turns":15.0},{"damage":3.0,"enemies":"Exordium Thugs","floor":7.0,"turns":6.0},{"damage":1.0,"enemies":"Blue Slaver","floor":12.0,"turns":2.0},{"damage":18.0,"enemies":"Gremlin Nob","floor":14.0,"turns":4.0},{"damage":25.0,"enemies":"Hexaghost","floor":16.0,"turns":11.0},{"damage":6.0,"enemies":"Spheric Guardian","floor":18.0,"turns":4.0},{"damage":6.0,"enemies":"3 Byrds","floor":19.0,"turns":4.0},{"damage":23.0,"enemies":"Centurion and Healer","floor":21.0,"turns":6.0},{"damage":7.0,"enemies":"Snecko","floor":22.0,"turns":5.0},{"damage":19,"enemies":"Book of Stabbing","floor":23,"turns":3}],"seed_played":"2446195757597275746","potions_obtained":[{"floor":1.0,"key":"Block Potion"},{"floor":5.0,"key":"GhostInAJar"},{"floor":12.0,"key":"Fire Potion"},{"floor":21.0,"key":"Fruit Juice"},{"floor":22.0,"key":"Fire Potion"}],"is_trial":false,"path_per_floor":["M","M","$","?","M","E","M","R","T","R","$","M","$","E","R","B",null,"M","M","$","M","M","E"],"character_chosen":"THE_SILENT","items_purchased":["Skewer","Lantern","Well Laid Plans"],"campfire_rested":1,"item_purchase_floors":[11,20,20],"current_hp_per_floor":[63,63,63,63,61,32,29,29,29,29,29,28,28,10,29,4,50,44,38,38,20,13,0],"gold":80,"neow_bonus":"ONE_RARE_RELIC","is_prod":false,"is_daily":false,"chose_seed":false,"campfire_upgraded":2,"win_rate":0,"timestamp":1564004692,"path_taken":["M","M","?","?","M","E","M","R","T","R","$","M","$","E","R","BOSS","M","M","$","M","M","E"],"build_version":"2019-07-17","purchased_purges":1,"victory":false,"max_hp_per_floor":[70,70,70,65,65,65,65,65,65,65,65,65,65,65,65,65,65,65,65,65,70,70,70],"card_choices":[{"not_picked":["Choke","Deadly Poison"],"picked":"Concentrate","floor":1.0},{"not_picked":["Sucker Punch","Escape Plan"],"picked":"Dagger Throw","floor":2.0},{"not_picked":["Predator","Bane"],"picked":"Backflip","floor":5.0},{"not_picked":["Sucker Punch","Dodge and Roll"],"picked":"Masterful Stab","floor":6.0},{"not_picked":["Deadly Poison","Crippling Poison"],"picked":"Outmaneuver","floor":7.0},{"not_picked":["Catalyst","Flechettes"],"picked":"Outmaneuver","floor":12.0},{"not_picked":["Dash","Leg Sweep"],"picked":"Caltrops","floor":14.0},{"not_picked":["Unload","Storm of Steel"],"picked":"A Thousand Cuts","floor":16.0},{"not_picked":["Poisoned Stab","Bane"],"picked":"Infinite Blades+1","floor":18.0},{"not_picked":["Acrobatics","Terror"],"picked":"Backflip+1","floor":19.0},{"not_picked":["Catalyst","Sucker Punch"],"picked":"Blur","floor":21.0},{"not_picked":["Bane+1","Outmaneuver"],"picked":"Sucker Punch","floor":22.0}],"player_experience":462961,"relics_obtained":[{"floor":6.0,"key":"Gambling Chip"},{"floor":9.0,"key":"Bottled Flame"},{"floor":14.0,"key":"Bronze Scales"}],"event_choices":[{"damage_healed":0.0,"max_hp_gain":0.0,"max_hp_loss":5.0,"gold_gain":0.0,"event_name":"Golden Idol","player_choice":"Lose Max HP","floor":4.0,"gold_loss":0.0,"damage_taken":0.0,"relics_obtained":["Golden Idol"]}],"is_beta":false,"boss_relics":[{"not_picked":["Velvet Choker","Orrery"],"picked":"Black Star"}],"items_purged_floors":[11],"is_endless":false,"potions_floor_spawned":[1,5,12,21,22],"killed_by":"Book of Stabbing","ascension_level":10}