{"gold_per_floor":[113,3,21,21,34,60,60,25,25,60,60,123,137,137,137,233,233,251,261,261,261,14,44,44,44,44,57,57,31,31],"floor_reached":30,"playtime":1919,"items_purged":[],"score":406,"play_id":"50925dc2-1310-48af-94be-117775b36a42","local_time":"20190716111952","is_ascension_mode":true,"campfire_choices":[{"data":"Terror","floor":7,"key":"SMITH"},{"data":"Envenom","floor":11,"key":"SMITH"},{"data":"Concentrate","floor":15,"key":"SMITH"},{"data":"After Image","floor":25,"key":"SMITH"},{"data":"Acrobatics","floor":28,"key":"SMITH"}],"neow_cost":"NONE","seed_source_timestamp":335408662721455,"circlet_count":0,"master_deck":["Defend_G","Defend_G","Defend_G","Defend_G","Defend_G","Survivor","Neutralize","Underhanded Strike","Endless Agony","Footwork","Dagger Throw","Terror+1","Outmaneuver","Envenom+1","Concentrate+1","Prepared","Doppelganger","Prepared","Reflex","Noxious Fumes","Noxious Fumes","Distraction","Backflip","Masterful Stab","Necronomicurse","Bite","Bite","Bite","Bite","Bite","After Image+1","Reflex","Flying Knee","Leg Sweep","Acrobatics+1","Reflex","Prepared"],"relics":["Ring of the Snake","Happy Flower","Ornamental Fan","Mercury Hourglass","Orichalcum","Tiny Chest","Incense Burner","Orrery","Necronomicon","Boot","StoneCalendar"],"potions_floor_usage":[16,23,30],"damage_taken":[{"damage":0,"enemies":"Cultist","floor":1,"turns":4},{"damage":0,"enemies":"2 Louse","floor":3,"turns":2},{"damage":0,"enemies":"Jaw Worm","floor":5,"turns":4},{"damage":24,"enemies":"Gremlin Nob","floor":6,"turns":4},{"damage":12,"enemies":"3 Sentries","floor":10,"turns":6},{"damage":16,"enemies":"Gremlin Nob","floor":12,"turns":4},{"damage":1,"enemies":"Looter","floor":13,"turns":3},{"damage":11,"enemies":"Hexaghost","floor":16,"turns":8},{"damage":12,"enemies":"Shell Parasite","floor":18,"turns":7},{"damage":3,"enemies":"3 Byrds","floor":19,"turns":6},{"damage":18,"enemies":"Book of Stabbing","floor":23,"turns":5},{"damage":9,"enemies":"Snecko","floor":27,"turns":5},{"damage":21,"enemies":"Slavers","floor":30,"turns":1}],"seed_played":"5439840981533423939","potions_obtained":[{"floor":6,"key":"GhostInAJar"},{"floor":10,"key":"LiquidBronze"},{"floor":23,"key":"Swift Potion"}],"is_trial":false,"path_per_floor":["M","$","M","$","M","E","R","?","T","E","R","E","M","?","R","B",null,"M","M","?","?","$","E","?","R","T","M","R","$","E"],"character_chosen":"THE_SILENT","items_purchased":["Endless Agony","Footwork","After Image","Reflex","Flying Knee","Prepared"],"campfire_rested":0,"item_purchase_floors":[2,2,22,22,22,29],"current_hp_per_floor":[63,63,63,63,63,39,39,56,56,44,44,28,27,20,20,9,55,43,40,24,24,24,16,16,16,16,13,13,13,0],"gold":31,"neow_bonus":"RANDOM_COMMON_RELIC","is_prod":false,"is_daily":false,"chose_seed":false,"campfire_upgraded":5,"win_rate":0,"timestamp":1563301192,"path_taken":["M","$","M","?","M","E","R","?","T","E","R","E","M","?","R","BOSS","M","M","?","?","?","E","?","R","T","?","R","$","E"],"build_version":"2019-07-05","purchased_purges":0,"victory":false,"max_hp_per_floor":[70,70,70,70,70,70,70,70,70,70,70,70,70,70,70,70,70,70,70,70,49,49,49,49,49,49,49,49,49,49],"card_choices":[{"not_picked":["Dagger Spray","Outmaneuver"],"picked":"Underhanded Strike","floor":1},{"not_picked":["Leg Sweep","Slice"],"picked":"Dagger Throw","floor":3},{"not_picked":["Flying Knee","Dagger Throw"],"picked":"Terror","floor":5},{"not_picked":["Accuracy","Predator"],"picked":"Outmaneuver","floor":6},{"not_picked":["Sucker Punch","Deadly Poison"],"picked":"Envenom","floor":10},{"not_picked":["Flechettes","Reflex"],"picked":"Concentrate","floor":12},{"not_picked":["Dagger Spray","Dagger Throw"],"picked":"Prepared","floor":13},{"not_picked":["Malaise","Grand Finale"],"picked":"Doppelganger","floor":16},{"not_picked":["Deflect","Deadly Poison"],"picked":"Prepared","floor":17},{"not_picked":["Sucker Punch","Endless Agony"],"picked":"Reflex","floor":17},{"not_picked":["Dodge and Roll","Deadly Poison"],"picked":"Noxious Fumes","floor":17},{"not_picked":["Skewer","Flechettes"],"picked":"Noxious Fumes","floor":17},{"not_picked":["Expertise","Deadly Poison"],"picked":"Distraction","floor":17},{"not_picked":["PiercingWail","Sucker Punch"],"picked":"Backflip","floor":18},{"not_picked":["Prepared","Blade Dance"],"picked":"Masterful Stab","floor":19},{"not_picked":["Accuracy+1","Quick Slash"],"picked":"Leg Sweep","floor":23},{"not_picked":["Quick Slash","Dodge and Roll"],"picked":"Reflex","floor":27}],"player_experience":299297,"relics_obtained":[{"floor":6,"key":"Ornamental Fan"},{"floor":9,"key":"Mercury Hourglass"},{"floor":10,"key":"Orichalcum"},{"floor":12,"key":"Tiny Chest"},{"floor":20,"key":"Necronomicon"},{"floor":23,"key":"Boot"},{"floor":26,"key":"StoneCalendar"}],"event_choices":[{"damage_healed":17,"gold_gain":0,"player_choice":"Healed","damage_taken":0,"max_hp_gain":0,"max_hp_loss":0,"event_name":"The Cleric","floor":8,"gold_loss":35},{"damage_healed":0,"gold_gain":0,"player_choice":"Success","damage_taken":7,"relics_obtained":["Incense Burner"],"max_hp_gain":0,"max_hp_loss":0,"event_name":"Scrap Ooze","floor":14,"gold_loss":0},{"damage_healed":0,"gold_gain":0,"player_choice":"Obtained Book","damage_taken":16,"max_hp_gain":0,"max_hp_loss":0,"event_name":"Cursed Tome","floor":20,"gold_loss":0},{"damage_healed":0,"gold_gain":0,"player_choice":"Became a vampire","damage_taken":0,"max_hp_gain":0,"max_hp_loss":21,"event_name":"Vampires","floor":21,"gold_loss":0,"cards_obtained":["Bite","Bite","Bite","Bite","Bite"]},{"damage_healed":0,"gold_gain":0,"player_choice":"Read","damage_taken":0,"max_hp_gain":0,"max_hp_loss":0,"event_name":"The Library","floor":24,"gold_loss":0,"cards_obtained":["Acrobatics"]}],"is_beta":false,"boss_relics":[{"not_picked":["Runic Pyramid","Snecko Eye"],"picked":"Orrery"}],"items_purged_floors":[],"is_endless":false,"potions_floor_spawned":[6,10,23],"killed_by":"Slavers","ascension_level":7}