{"gold_per_floor":[369,386,11,61,72,72,90,101,101,111,111,129,154,172,172,249,299,249,261,261],"floor_reached":20,"playtime":1747,"items_purged":[],"score":360,"play_id":"efc73c85-d6c7-4c73-8435-69ab42734d3b","local_time":"20190806104511","is_ascension_mode":true,"campfire_choices":[{"data":"Dagger Spray","floor":6.0,"key":"SMITH"},{"data":"Well Laid Plans","floor":11.0,"key":"SMITH"},{"data":"Neutralize","floor":15.0,"key":"SMITH"}],"neow_cost":"TEN_PERCENT_HP_LOSS","seed_source_timestamp":1130302515314502,"circlet_count":0,"master_deck":["AscendersBane","Strike_G","Strike_G+1","Strike_G","Strike_G","Strike_G","Defend_G","Defend_G","Defend_G","Defend_G","Defend_G","Survivor","Neutralize+1","Blur","Dagger Spray+1","Bandage Up","Cloak And Dagger+1","Backflip+1","Blade Dance+1","Well Laid Plans+1","Cloak And Dagger+1","Outmaneuver+1","Outmaneuver+1","Venomology+1","Calculated Gamble+1","Deflect+1","PiercingWail+1"],"special_seed":0,"relics":["Ring of the Snake","Toxic Egg 2","Meat on the Bone","Bottled Lightning","Tiny House"],"potions_floor_usage":[20,20],"damage_taken":[{"damage":6.0,"enemies":"Small Slimes","floor":1.0,"turns":7.0},{"damage":1.0,"enemies":"Cultist","floor":2.0,"turns":5.0},{"damage":2.0,"enemies":"Jaw Worm","floor":5.0,"turns":5.0},{"damage":3.0,"enemies":"Blue Slaver","floor":7.0,"turns":4.0},{"damage":6.0,"enemies":"Large Slime","floor":8.0,"turns":7.0},{"damage":22.0,"enemies":"Exordium Thugs","floor":10.0,"turns":5.0},{"damage":1.0,"enemies":"Looter","floor":12.0,"turns":4.0},{"damage":5.0,"enemies":"3 Sentries","floor":13.0,"turns":7.0},{"damage":2.0,"enemies":"Blue Slaver","floor":14.0,"turns":4.0},{"damage":39.0,"enemies":"Slime Boss","floor":16.0,"turns":15.0},{"damage":13.0,"enemies":"2 Thieves","floor":18.0,"turns":5.0},{"damage":18.0,"enemies":"Shell Parasite","floor":19.0,"turns":8.0},{"damage":62,"enemies":"Cultist and Chosen","floor":20,"turns":12}],"seed_played":"1933804473616635027","potions_obtained":[{"floor":1.0,"key":"FearPotion"},{"floor":8.0,"key":"Swift Potion"},{"floor":10.0,"key":"Ancient Potion"},{"floor":12.0,"key":"Fire Potion"},{"floor":13.0,"key":"FearPotion"},{"floor":17.0,"key":"Block Potion"}],"is_trial":false,"path_per_floor":["M","M","$","?","M","R","M","M","T","M","R","M","E","M","R","B",null,"M","M","M"],"character_chosen":"THE_SILENT","items_purchased":["Bandage Up","Toxic Egg 2"],"campfire_rested":0,"item_purchase_floors":[3,3],"current_hp_per_floor":[53,52,52,52,54,54,55,53,53,35,35,38,37,39,39,16,54,45,43,0],"gold":261,"neow_bonus":"TWO_FIFTY_GOLD","is_prod":false,"is_daily":false,"chose_seed":false,"campfire_upgraded":3,"win_rate":0,"timestamp":1565113511,"path_taken":["M","M","$","?","M","R","M","?","T","M","R","M","E","M","R","BOSS","M","M","M"],"build_version":"2019-07-17","purchased_purges":0,"victory":false,"max_hp_per_floor":[60,60,60,60,60,60,60,60,60,60,60,60,60,60,60,60,65,65,65,65],"card_choices":[{"not_picked":["Infinite Blades","Bane"],"picked":"Blur","floor":1.0},{"not_picked":["Underhanded Strike","Dagger Throw"],"picked":"Dagger Spray","floor":2.0},{"not_picked":["All Out Attack","Masterful Stab"],"picked":"Cloak And Dagger+1","floor":5.0},{"not_picked":["Deadly Poison+1","Calculated Gamble+1"],"picked":"Backflip+1","floor":7.0},{"not_picked":["Reflex+1","Dodge and Roll+1"],"picked":"Blade Dance+1","floor":8.0},{"not_picked":["Blade Dance+1","Riddle With Holes"],"picked":"Well Laid Plans","floor":10.0},{"not_picked":["Dagger Throw","Storm of Steel+1"],"picked":"Cloak And Dagger+1","floor":12.0},{"not_picked":["Deadly Poison+1","Quick Slash"],"picked":"Outmaneuver+1","floor":13.0},{"not_picked":["PiercingWail+1","Backflip+1"],"picked":"Outmaneuver+1","floor":14.0},{"not_picked":["After Image","Wraith Form v2"],"picked":"Venomology+1","floor":16.0},{"not_picked":["Dagger Throw","Prepared+1"],"picked":"Calculated Gamble+1","floor":17.0},{"not_picked":["Outmaneuver+1","Calculated Gamble+1"],"picked":"Deflect+1","floor":18.0},{"not_picked":["Eviscerate","Well Laid Plans"],"picked":"PiercingWail+1","floor":19.0}],"player_experience":664237,"relics_obtained":[{"floor":9.0,"key":"Meat on the Bone"},{"floor":13.0,"key":"Bottled Lightning"}],"event_choices":[{"damage_healed":0.0,"max_hp_gain":0.0,"max_hp_loss":0.0,"gold_gain":50.0,"event_name":"Golden Shrine","player_choice":"Pray","floor":4.0,"gold_loss":0.0,"damage_taken":0.0}],"is_beta":false,"boss_relics":[{"not_picked":["Eternal Feather","Philosopher\u0027s Stone"],"picked":"Tiny House"}],"items_purged_floors":[],"is_endless":false,"potions_floor_spawned":[1,8,10,12,13],"killed_by":"Cultist and Chosen","ascension_level":20}