{"gold_per_floor":[119,139,139,149,161,191,191,116,116,127,127,155,175,175,175,279,279,292,292,312,312,322,322,332,332,332,332,365,365,384,86,86,186,236,250,250,7,24,36,36,36,51,51,62,62,62,79,92,92,92],"floor_reached":51,"playtime":2569,"items_purged":["Strike_R"],"score":881,"play_id":"10c42fed-ad34-446b-b3d4-814d51cbf642","local_time":"20190820231826","is_ascension_mode":false,"campfire_choices":[{"floor":7,"key":"REST"},{"floor":15,"key":"REST"},{"data":"Dualcast","floor":23,"key":"SMITH"},{"floor":25,"key":"REST"},{"floor":27,"key":"REST"},{"floor":32,"key":"REST"},{"data":"Creative AI","floor":40,"key":"SMITH"},{"data":"Turbo","floor":45,"key":"SMITH"},{"floor":49,"key":"REST"}],"neow_cost":"NONE","seed_source_timestamp":52543224766500,"circlet_count":0,"master_deck":["Defend_B","Defend_B","Defend_B","Zap+1","Dualcast+1","FTL","Cold Snap+1","Turbo+1","Rebound","Hologram","Darkness+1","Conserve Battery","Electrodynamics","Machine Learning+1","Rip and Tear+1","Amplify+1","Coolheaded+1","Double Energy+1","Leap+1","Ball Lightning+1","Self Repair+1","Creative AI+1","Redo+1","Glacier+1","Gash+1","BootSequence"],"relics":["Cracked Core","Mummified Hand","Kunai","Gremlin Horn","Astrolabe","Letter Opener","Singing Bowl","Bottled Lightning","Unceasing Top","Tiny House","Symbiotic Virus","FaceOfCleric","Darkstone Periapt"],"potions_floor_usage":[16,16,47,47,50],"damage_taken":[{"damage":1,"enemies":"Cultist","floor":1,"turns":3},{"damage":9,"enemies":"2 Louse","floor":2,"turns":2},{"damage":0,"enemies":"Jaw Worm","floor":4,"turns":2},{"damage":7,"enemies":"Red Slaver","floor":5,"turns":3},{"damage":24,"enemies":"Lagavulin","floor":6,"turns":6},{"damage":6,"enemies":"Large Slime","floor":10,"turns":4},{"damage":27,"enemies":"Gremlin Nob","floor":12,"turns":4},{"damage":9,"enemies":"3 Louse","floor":13,"turns":3},{"damage":0,"enemies":"Slime Boss","floor":16,"turns":4},{"damage":0,"enemies":"Spheric Guardian","floor":18,"turns":3},{"damage":5,"enemies":"Chosen","floor":20,"turns":3},{"damage":31,"enemies":"Shelled Parasite and Fungi","floor":22,"turns":5},{"damage":22,"enemies":"Cultist and Chosen","floor":24,"turns":5},{"damage":10,"enemies":"Book of Stabbing","floor":28,"turns":4},{"damage":7,"enemies":"Sentry and Sphere","floor":30,"turns":3},{"damage":30,"enemies":"Automaton","floor":33,"turns":10},{"damage":18,"enemies":"3 Shapes","floor":35,"turns":2},{"damage":15,"enemies":"Orb Walker","floor":38,"turns":3},{"damage":0,"enemies":"Maw","floor":39,"turns":6},{"damage":2,"enemies":"Jaw Worm Horde","floor":42,"turns":2},{"damage":11,"enemies":"4 Shapes","floor":44,"turns":2},{"damage":11,"enemies":"Sphere and 2 Shapes","floor":47,"turns":4},{"damage":27,"enemies":"Jaw Worm Horde","floor":48,"turns":3},{"damage":33,"enemies":"Donu and Deca","floor":50,"turns":9}],"seed_played":"6438956529632356019","potions_obtained":[{"floor":6,"key":"EssenceOfSteel"},{"floor":10,"key":"SmokeBomb"},{"floor":12,"key":"EntropicBrew"},{"floor":13,"key":"Strength Potion"},{"floor":16,"key":"Ancient Potion"},{"floor":20,"key":"Explosive Potion"},{"floor":24,"key":"FocusPotion"},{"floor":30,"key":"Regen Potion"},{"floor":34,"key":"PowerPotion"},{"floor":48,"key":"Weak Potion"}],"is_trial":false,"path_per_floor":["M","M","?","M","M","E","R","$","T","M","?","E","M","?","R","B",null,"M","?","M","?","M","R","M","R","T","R","E","?","M","$","R","B",null,"M","?","$","M","M","R","?","M","T","M","R","?","M","M","R","B",null],"character_chosen":"DEFECT","items_purchased":["Unceasing Top","Symbiotic Virus"],"campfire_rested":6,"item_purchase_floors":[31,37],"current_hp_per_floor":[74,65,65,65,58,34,56,56,56,50,50,23,14,14,36,36,75,75,75,70,70,39,39,17,39,39,61,51,51,44,44,66,43,82,64,64,64,58,67,67,67,68,68,58,58,58,80,64,91,69],"gold":92,"neow_bonus":"UPGRADE_CARD","is_prod":false,"is_daily":false,"chose_seed":false,"campfire_upgraded":3,"win_rate":0,"timestamp":1566314306,"path_taken":["M","M","?","?","M","E","R","$","T","?","?","E","M","?","R","BOSS","M","?","?","?","M","R","?","R","T","R","E","?","M","$","R","BOSS","M","?","$","M","M","R","?","?","T","?","R","?","M","M","R","BOSS"],"build_version":"2019-07-17","purchased_purges":1,"victory":true,"max_hp_per_floor":[75,75,75,75,75,75,75,75,75,75,75,75,75,75,75,75,75,75,75,75,75,75,75,75,75,75,75,75,75,75,75,75,75,82,82,82,82,84,86,86,86,89,89,90,90,90,91,92,92,93],"card_choices":[{"not_picked":["Sweeping Beam","Compile Driver"],"picked":"FTL","floor":1},{"not_picked":["Capacitor","Storm"],"picked":"Cold Snap","floor":2},{"not_picked":["Redo","Stack"],"picked":"Turbo","floor":4},{"not_picked":["Defragment","Barrage"],"picked":"Rebound","floor":5},{"not_picked":["Leap","Turbo"],"picked":"Hologram","floor":6},{"not_picked":["Barrage","Skim"],"picked":"Darkness","floor":10},{"not_picked":["Creative AI","Turbo"],"picked":"Streamline","floor":12},{"not_picked":["Barrage","Aggregate"],"picked":"Conserve Battery","floor":13},{"not_picked":["Creative AI","Meteor Strike"],"picked":"Electrodynamics","floor":16},{"not_picked":["Barrage+1","Go for the Eyes"],"picked":"Coolheaded+1","floor":18},{"not_picked":["Cold Snap","Storm"],"picked":"Double Energy+1","floor":20},{"not_picked":["Skim","Hologram"],"picked":"Leap+1","floor":22},{"not_picked":["Recycle","White Noise","Undo+1"],"picked":"SKIP","floor":24},{"not_picked":["Darkness","Conserve Battery"],"picked":"Ball Lightning+1","floor":28},{"not_picked":["Sweeping Beam","Genetic Algorithm"],"picked":"Self Repair","floor":30},{"not_picked":["Multi-Cast","Electrodynamics"],"picked":"Creative AI","floor":33},{"not_picked":["Hologram","Darkness","FTL"],"picked":"Singing Bowl","floor":34},{"not_picked":["Steam+1","Streamline"],"picked":"Redo+1","floor":35},{"not_picked":["Skim","Hello World","Redo+1"],"picked":"Singing Bowl","floor":38},{"not_picked":["Hologram+1","Rainbow","Beam Cell"],"picked":"Singing Bowl","floor":39},{"not_picked":["Turbo","Double Energy","Ball Lightning"],"picked":"Singing Bowl","floor":42},{"not_picked":["Tempest+1","Leap+1"],"picked":"Glacier+1","floor":44},{"not_picked":["Ball Lightning","Chill+1"],"picked":"Gash+1","floor":47},{"not_picked":["FTL+1","Turbo+1"],"picked":"BootSequence","floor":48}],"player_experience":220094,"relics_obtained":[{"floor":6,"key":"Mummified Hand"},{"floor":9,"key":"Kunai"},{"floor":12,"key":"Gremlin Horn"},{"floor":26,"key":"Singing Bowl"},{"floor":28,"key":"Bottled Lightning"},{"floor":43,"key":"Darkstone Periapt"}],"event_choices":[{"cards_removed":["Strike_B"],"damage_healed":0,"gold_gain":0,"player_choice":"Took Card","damage_taken":0,"max_hp_gain":0,"max_hp_loss":0,"event_name":"NoteForYourself","floor":3,"gold_loss":0,"cards_obtained":["Strike_R"]},{"damage_healed":0,"gold_gain":0,"player_choice":"Ignored","damage_taken":0,"max_hp_gain":0,"max_hp_loss":0,"event_name":"Golden Idol","floor":11,"gold_loss":0},{"damage_healed":0,"gold_gain":0,"player_choice":"Forge","damage_taken":0,"max_hp_gain":0,"max_hp_loss":0,"event_name":"Accursed Blacksmith","floor":14,"gold_loss":0,"cards_upgraded":["Darkness"]},{"cards_removed":["Streamline"],"damage_healed":5,"gold_gain":0,"player_choice":"Offered Common","damage_taken":0,"max_hp_gain":0,"max_hp_loss":0,"event_name":"Bonfire Elementals","floor":19,"gold_loss":0},{"cards_removed":["Streamline"],"damage_healed":5,"gold_gain":0,"player_choice":"Offered Special","damage_taken":0,"max_hp_gain":0,"max_hp_loss":0,"event_name":"Bonfire Elementals","floor":19,"gold_loss":0},{"damage_healed":0,"gold_gain":0,"player_choice":"Gave Potion","damage_taken":0,"relics_obtained":["Letter Opener"],"max_hp_gain":0,"max_hp_loss":0,"event_name":"WeMeetAgain","floor":21,"gold_loss":0},{"cards_removed":["Defend_B"],"damage_healed":0,"gold_gain":0,"player_choice":"Elegance","damage_taken":0,"max_hp_gain":0,"max_hp_loss":0,"event_name":"Back to Basics","floor":29,"gold_loss":0},{"damage_healed":0,"gold_gain":0,"player_choice":"Ignored","damage_taken":0,"max_hp_gain":0,"max_hp_loss":0,"event_name":"Tomb of Lord Red Mask","floor":36,"gold_loss":0},{"damage_healed":0,"gold_gain":0,"player_choice":"Trade","damage_taken":0,"relics_obtained":["FaceOfCleric"],"max_hp_gain":0,"max_hp_loss":0,"event_name":"FaceTrader","floor":41,"gold_loss":0},{"damage_healed":0,"gold_gain":0,"player_choice":"Upgraded","damage_taken":0,"max_hp_gain":0,"max_hp_loss":0,"event_name":"Upgrade Shrine","floor":46,"gold_loss":0,"cards_upgraded":["Self Repair"]}],"is_beta":false,"boss_relics":[{"not_picked":["Ectoplasm","Calling Bell"],"picked":"Astrolabe"},{"not_picked":["Runic Dome","Coffee Dripper"],"picked":"Tiny House"}],"items_purged_floors":[8],"is_endless":false,"potions_floor_spawned":[6,10,12,13,16,20,24,28,30,44,48],"ascension_level":0}