{"gold_per_floor":[118,118,133,19,19,19,50,50,76,102,114,128,128,128,128,256,256,244,244,244,90,20,20],"floor_reached":23,"playtime":1474,"items_purged":[],"score":263,"play_id":"64bd79b4-ef0e-4b90-ada0-061f59eb1f00","local_time":"20190716104742","is_ascension_mode":true,"campfire_choices":[{"data":"Neutralize","floor":6,"key":"SMITH"},{"data":"Noxious Fumes","floor":8,"key":"SMITH"},{"data":"Endless Agony","floor":13,"key":"SMITH"},{"floor":15,"key":"REST"}],"neow_cost":"NONE","seed_source_timestamp":333923611685426,"circlet_count":0,"master_deck":["Strike_G+1","Strike_G+1","Strike_G+1","Strike_G+1","Strike_G+1","Defend_G+1","Defend_G+1","Defend_G+1","Defend_G+1","Defend_G+1","Survivor","Neutralize+1","Flying Knee","Dodge and Roll","Calculated Gamble+1","Endless Agony+1","Noxious Fumes+1","Acrobatics","Caltrops","Underhanded Strike","Tools of the Trade","Crippling Poison","Necronomicurse","Noxious Fumes"],"relics":["Ring of the Snake","Dodecahedron","Bronze Scales","Bird Faced Urn","Golden Idol","Eternal Feather","Necronomicon","Vajra"],"potions_floor_usage":[10,16,23],"damage_taken":[{"damage":0,"enemies":"Small Slimes","floor":1,"turns":5},{"damage":0,"enemies":"Cultist","floor":3,"turns":3},{"damage":36,"enemies":"3 Sentries","floor":7,"turns":11},{"damage":20,"enemies":"Lagavulin","floor":10,"turns":7},{"damage":4,"enemies":"2 Louse","floor":11,"turns":2},{"damage":20,"enemies":"Large Slime","floor":12,"turns":6},{"damage":35,"enemies":"The Guardian","floor":16,"turns":10},{"damage":23,"enemies":"2 Thieves","floor":18,"turns":4},{"damage":34,"enemies":"Slavers","floor":23,"turns":4}],"seed_played":"2336861535486006322","potions_obtained":[{"floor":7,"key":"Regen Potion"},{"floor":11,"key":"Poison Potion"},{"floor":12,"key":"SpeedPotion"}],"is_trial":false,"path_per_floor":["M","?","M","$","?","R","E","R","T","E","M","M","R","?","R","B",null,"M","?","?","$","$","E"],"character_chosen":"THE_SILENT","items_purchased":["Calculated Gamble","Endless Agony","Vajra","Noxious Fumes"],"campfire_rested":1,"item_purchase_floors":[4,4,21,22],"current_hp_per_floor":[70,75,75,75,75,75,39,39,39,34,30,12,12,12,34,3,58,41,41,25,25,25,0],"gold":20,"neow_bonus":"TEN_PERCENT_HP_BONUS","is_prod":false,"is_daily":false,"chose_seed":false,"campfire_upgraded":3,"win_rate":0,"timestamp":1563299262,"path_taken":["M","?","M","$","?","R","E","R","T","E","?","M","R","?","R","BOSS","M","?","?","?","$","E"],"build_version":"2019-07-05","purchased_purges":0,"victory":false,"max_hp_per_floor":[77,82,82,82,82,82,82,82,82,82,82,82,82,76,76,76,76,76,76,76,76,76,76],"card_choices":[{"not_picked":["Underhanded Strike","Deadly Poison"],"picked":"Flying Knee","floor":1},{"not_picked":["Deflect","Dagger Spray"],"picked":"Dodge and Roll","floor":3},{"not_picked":["Dagger Throw","Sucker Punch"],"picked":"Noxious Fumes","floor":7},{"not_picked":["Riddle With Holes","Unload"],"picked":"Acrobatics","floor":10},{"not_picked":["Prepared","Dash"],"picked":"Caltrops","floor":11},{"not_picked":["Expertise","Dodge and Roll"],"picked":"Underhanded Strike","floor":12},{"not_picked":["Burst","Die Die Die"],"picked":"Tools of the Trade","floor":16},{"not_picked":["Deflect","Flying Knee+1"],"picked":"Crippling Poison","floor":18}],"player_experience":297823,"relics_obtained":[{"floor":7,"key":"Dodecahedron"},{"floor":9,"key":"Bronze Scales"},{"floor":10,"key":"Bird Faced Urn"},{"floor":20,"key":"Necronomicon"}],"event_choices":[{"damage_healed":0,"gold_gain":0,"player_choice":"Donut","damage_taken":0,"max_hp_gain":5,"max_hp_loss":0,"event_name":"Big Fish","floor":2,"gold_loss":0},{"damage_healed":0,"gold_gain":0,"player_choice":"Upgraded","damage_taken":0,"max_hp_gain":0,"max_hp_loss":0,"event_name":"Upgrade Shrine","floor":5,"gold_loss":0,"cards_upgraded":["Calculated Gamble"]},{"damage_healed":0,"gold_gain":0,"player_choice":"Lose Max HP","damage_taken":0,"relics_obtained":["Golden Idol"],"max_hp_gain":0,"max_hp_loss":6,"event_name":"Golden Idol","floor":14,"gold_loss":0},{"damage_healed":0,"gold_gain":0,"player_choice":"Simplicity","damage_taken":0,"max_hp_gain":0,"max_hp_loss":0,"event_name":"Back to Basics","floor":19,"gold_loss":0,"cards_upgraded":["Strike_G","Strike_G","Strike_G","Strike_G","Strike_G","Defend_G","Defend_G","Defend_G","Defend_G","Defend_G"]},{"damage_healed":0,"gold_gain":0,"player_choice":"Obtained Book","damage_taken":16,"max_hp_gain":0,"max_hp_loss":0,"event_name":"Cursed Tome","floor":20,"gold_loss":0}],"is_beta":false,"boss_relics":[{"not_picked":["Fusion Hammer","Velvet Choker"],"picked":"Eternal Feather"}],"items_purged_floors":[],"is_endless":false,"potions_floor_spawned":[7,11,12],"killed_by":"Slavers","ascension_level":7}