{"gold_per_floor":[115,131,14,14,14,39,58,58,58,93,18,37,53,100,112,124],"floor_reached":16,"playtime":1554,"items_purged":[],"score":171,"play_id":"5e870aab-e843-4122-8c97-ebfc402e97b0","local_time":"20190725150436","is_ascension_mode":true,"campfire_choices":[{"data":"Well Laid Plans","floor":8,"key":"SMITH"},{"floor":15,"key":"REST"}],"neow_cost":"NONE","seed_source_timestamp":109457648623126,"circlet_count":0,"master_deck":["AscendersBane","Strike_G","Strike_G","Strike_G","Strike_G","Defend_G","Defend_G","Defend_G","Defend_G","Defend_G","Survivor","Neutralize","Bane","PiercingWail","Quick Slash","Well Laid Plans+1","Backflip","Dagger Throw","Dodge and Roll+1","PiercingWail+1","Calculated Gamble+1","Sucker Punch","Deflect+1","Deadly Poison+1","Corpse Explosion+1"],"relics":["Ring of the Snake","Toxic Egg 2","Centennial Puzzle","Omamori","MawBank"],"potions_floor_usage":[6,13,16],"damage_taken":[{"damage":1,"enemies":"Cultist","floor":1,"turns":5},{"damage":3,"enemies":"2 Louse","floor":2,"turns":3},{"damage":12,"enemies":"3 Sentries","floor":6,"turns":11},{"damage":0,"enemies":"Jaw Worm","floor":7,"turns":5},{"damage":35,"enemies":"Lagavulin","floor":10,"turns":12},{"damage":3,"enemies":"Large Slime","floor":12,"turns":9},{"damage":4,"enemies":"Lots of Slimes","floor":13,"turns":4},{"damage":34,"enemies":"Slime Boss","floor":16,"turns":7}],"seed_played":"6823811191419572890","potions_obtained":[{"floor":1,"key":"AttackPotion"},{"floor":7,"key":"Block Potion"},{"floor":13,"key":"SkillPotion"}],"is_trial":false,"path_per_floor":["M","M","$","?","?","E","M","R","T","E","$","M","M","T","R","B"],"character_chosen":"THE_SILENT","items_purchased":["Well Laid Plans","Backflip","Sucker Punch","Deflect+1"],"campfire_rested":1,"item_purchase_floors":[3,3,11,11],"current_hp_per_floor":[62,59,59,59,59,47,47,47,47,12,12,9,5,5,26,0],"gold":124,"neow_bonus":"THREE_CARDS","is_prod":false,"is_daily":false,"chose_seed":false,"campfire_upgraded":1,"win_rate":0,"timestamp":1564092276,"path_taken":["M","M","$","?","?","E","M","R","T","E","$","M","M","?","R","BOSS"],"build_version":"2019-07-17","purchased_purges":0,"victory":false,"max_hp_per_floor":[70,70,70,70,70,70,70,70,70,70,70,70,70,70,70,70],"card_choices":[{"not_picked":["Quick Slash","Escape Plan"],"picked":"Bane","floor":0},{"not_picked":["Accuracy","Deflect"],"picked":"PiercingWail","floor":1},{"not_picked":["Blade Dance","Eviscerate"],"picked":"Quick Slash","floor":2},{"not_picked":["Skewer","Well Laid Plans"],"picked":"Dodge and Roll","floor":6},{"not_picked":["Backstab","Dagger Spray"],"picked":"PiercingWail+1","floor":7},{"not_picked":["Bane","Masterful Stab"],"picked":"Calculated Gamble+1","floor":10},{"not_picked":["Heel Hook","Dagger Spray"],"picked":"Deadly Poison+1","floor":12},{"not_picked":["Deflect+1","Endless Agony"],"picked":"Corpse Explosion+1","floor":13}],"player_experience":487586,"relics_obtained":[{"floor":6,"key":"Toxic Egg 2"},{"floor":9,"key":"Centennial Puzzle"},{"floor":10,"key":"Omamori"},{"floor":14,"key":"MawBank"}],"event_choices":[{"damage_healed":0,"gold_gain":0,"player_choice":"Ignored","damage_taken":0,"max_hp_gain":0,"max_hp_loss":0,"event_name":"Liars Game","floor":4,"gold_loss":0},{"damage_healed":0,"gold_gain":0,"cards_transformed":["Strike_G"],"player_choice":"Change","damage_taken":0,"max_hp_gain":0,"max_hp_loss":0,"event_name":"Living Wall","floor":5,"gold_loss":0,"cards_obtained":["Dagger Throw"]}],"is_beta":false,"boss_relics":[],"items_purged_floors":[],"is_endless":false,"potions_floor_spawned":[1,7,13],"killed_by":"Slime Boss","ascension_level":11}