{"gold_per_floor":[111,186,139,139,159,171,189,189,189,207,241,166,166,179,179,279,279,295,295,72,72,72,72,92,92,92,102,102,115,115,133,133,133],"floor_reached":33,"playtime":1504,"items_purged":["Combust","Rage"],"score":272,"play_id":"8ab96def-0ed0-4605-8983-75f22c8a9cca","local_time":"20190620223424","is_ascension_mode":false,"campfire_choices":[{"data":"Armaments","floor":15,"key":"SMITH"},{"data":"Feed","floor":23,"key":"SMITH"},{"data":"True Grit","floor":25,"key":"SMITH"},{"data":"Uppercut","floor":28,"key":"SMITH"},{"floor":32,"key":"REST"}],"neow_cost":"NONE","seed_source_timestamp":339025215332986,"circlet_count":0,"master_deck":["Bash","Immolate","Pommel Strike","Burning Pact","Exhume","True Grit+1","Infernal Blade","Uppercut+1","Ghostly Armor","Armaments+1","Thunderclap","Warcry","Feed+1","Headbutt","Metallicize","Havoc","Shockwave+1","Shrug It Off"],"relics":["Pandora\u0027s Box"],"potions_floor_usage":[16,16,16,29,33,33],"damage_taken":[{"damage":0,"enemies":"Jaw Worm","floor":1,"turns":1},{"damage":6,"enemies":"2 Louse","floor":5,"turns":2},{"damage":0,"enemies":"Cultist","floor":6,"turns":2},{"damage":10,"enemies":"Exordium Thugs","floor":7,"turns":2},{"damage":0,"enemies":"3 Louse","floor":10,"turns":2},{"damage":20,"enemies":"Lagavulin","floor":11,"turns":4},{"damage":0,"enemies":"Large Slime","floor":14,"turns":3},{"damage":22,"enemies":"The Guardian","floor":16,"turns":15},{"damage":6,"enemies":"Chosen","floor":18,"turns":3},{"damage":16,"enemies":"3 Byrds","floor":24,"turns":6},{"damage":6,"enemies":"Snecko","floor":27,"turns":4},{"damage":21,"enemies":"Snake Plant","floor":29,"turns":7},{"damage":28,"enemies":"Shelled Parasite and Fungi","floor":31,"turns":8},{"damage":72,"enemies":"Collector","floor":33,"turns":7}],"seed_played":"-6518196792371239866","potions_obtained":[{"floor":6,"key":"Swift Potion"},{"floor":10,"key":"Dexterity Potion"},{"floor":14,"key":"SkillPotion"},{"floor":16,"key":"SpeedPotion"},{"floor":27,"key":"SteroidPotion"},{"floor":31,"key":"Swift Potion"}],"is_trial":false,"path_per_floor":["M","?","$","?","M","M","M","T","T","M","E","$","?","M","R","B",null,"M","?","$","?","$","R","M","R","T","M","R","M","?","M","R","B"],"character_chosen":"IRONCLAD","items_purchased":["Armaments","Metallicize","Havoc"],"campfire_rested":1,"item_purchase_floors":[3,20,20],"current_hp_per_floor":[80,69,69,69,63,63,53,53,53,53,33,33,33,33,33,11,80,77,77,77,77,77,77,65,65,65,63,63,46,46,26,56,0],"gold":133,"neow_bonus":"BOSS_RELIC","is_prod":false,"is_daily":false,"chose_seed":false,"campfire_upgraded":4,"win_rate":0,"timestamp":1561062864,"path_taken":["M","?","$","?","M","M","?","?","T","M","E","$","?","M","R","BOSS","M","?","$","?","?","R","M","R","T","M","R","?","?","M","R","BOSS"],"build_version":"2019-01-23","purchased_purges":2,"victory":false,"max_hp_per_floor":[80,80,80,80,80,80,80,80,80,80,80,80,80,80,80,80,80,83,83,83,83,83,83,87,87,87,91,91,95,95,103,103,103],"card_choices":[{"not_picked":["Twin Strike","Clothesline"],"picked":"Ghostly Armor","floor":1},{"not_picked":["Iron Wave","Body Slam"],"picked":"Thunderclap","floor":5},{"not_picked":["Perfected Strike","Pummel","Second Wind"],"picked":"SKIP","floor":6},{"not_picked":["Twin Strike","Pommel Strike","Combust"],"picked":"SKIP","floor":7},{"not_picked":["Infernal Blade","Inflame"],"picked":"Warcry","floor":10},{"not_picked":["Whirlwind","Cleave","Juggernaut"],"picked":"SKIP","floor":11},{"not_picked":["True Grit","Perfected Strike","Clothesline"],"picked":"SKIP","floor":14},{"not_picked":["Limit Break","Offering"],"picked":"Feed","floor":16},{"not_picked":["Sentinel","Anger"],"picked":"Headbutt","floor":18},{"not_picked":["Evolve","Clothesline+1"],"picked":"Shockwave+1","floor":24},{"not_picked":["Thunderclap","Whirlwind+1"],"picked":"Shrug It Off","floor":27},{"not_picked":["Thunderclap","Heavy Blade+1","Pommel Strike"],"picked":"SKIP","floor":29},{"not_picked":["Perfected Strike","Clothesline","True Grit"],"picked":"SKIP","floor":31}],"player_experience":1368538,"relics_obtained":[],"event_choices":[{"damage_healed":0,"gold_gain":75,"player_choice":"Gather Gold","damage_taken":11,"max_hp_gain":0,"max_hp_loss":0,"event_name":"World of Goop","floor":2,"gold_loss":0},{"damage_healed":0,"gold_gain":0,"cards_transformed":["Clash"],"player_choice":"Transformed","damage_taken":0,"max_hp_gain":0,"max_hp_loss":0,"event_name":"Transmorgrifier","floor":4,"gold_loss":0,"cards_obtained":["Combust"]},{"damage_healed":0,"gold_gain":0,"player_choice":"Ignored","damage_taken":0,"max_hp_gain":0,"max_hp_loss":0,"event_name":"Golden Idol","floor":13,"gold_loss":0},{"damage_healed":0,"gold_gain":0,"player_choice":"Ignored","damage_taken":0,"max_hp_gain":0,"max_hp_loss":0,"event_name":"Vampires","floor":21,"gold_loss":0},{"damage_healed":0,"gold_gain":0,"player_choice":"Ignored","damage_taken":0,"max_hp_gain":0,"max_hp_loss":0,"event_name":"Ghosts","floor":30,"gold_loss":0}],"is_beta":false,"boss_relics":[{"not_picked":["Fusion Hammer","Runic Pyramid","Sozu"]}],"items_purged_floors":[12,20],"is_endless":false,"potions_floor_spawned":[6,10,14,16,27,31],"killed_by":"Collector","ascension_level":0}