{"gold_per_floor":[119,119,18,36,55,55,88,88,88,88,113,113,146,156,156,234,234,253,272,272,286,69,69,69],"floor_reached":24,"playtime":1772,"items_purged":[],"score":428,"play_id":"1961acd0-13ce-41ab-8618-255b2100f6f1","local_time":"20190812230419","is_ascension_mode":true,"campfire_choices":[{"data":"Sunder","floor":6,"key":"SMITH"},{"data":"Seek","floor":12,"key":"SMITH"},{"data":"Cold Snap","floor":15,"key":"SMITH"},{"data":"Electrodynamics","floor":23,"key":"SMITH"}],"neow_cost":"NONE","seed_source_timestamp":701135774139400,"circlet_count":0,"master_deck":["AscendersBane","Strike_B","Defend_B","Defend_B","Defend_B","Zap","Dualcast","Seek+1","Conserve Battery","Sunder+1","Steam","Cold Snap+1","Beam Cell","Reinforced Body","Creative AI","Consume","Cold Snap","Electrodynamics+1","Glacier+1","Defragment+1","Melter+1","Skim","Redo","Turbo","Defragment+1"],"relics":["Cracked Core","Thread and Needle","Meat on the Bone","Bag of Preparation","Ancient Tea Set","Bottled Flame","Astrolabe","DollysMirror"],"potions_floor_usage":[19],"damage_taken":[{"damage":5,"enemies":"Small Slimes","floor":1,"turns":2},{"damage":0,"enemies":"Cultist","floor":4,"turns":3},{"damage":0,"enemies":"2 Louse","floor":5,"turns":2},{"damage":17,"enemies":"Lagavulin","floor":7,"turns":7},{"damage":3,"enemies":"Gremlin Nob","floor":11,"turns":4},{"damage":1,"enemies":"3 Sentries","floor":13,"turns":6},{"damage":0,"enemies":"Exordium Wildlife","floor":14,"turns":2},{"damage":19,"enemies":"The Guardian","floor":16,"turns":9},{"damage":0,"enemies":"Chosen","floor":18,"turns":5},{"damage":3,"enemies":"2 Thieves","floor":19,"turns":4},{"damage":31,"enemies":"Shelled Parasite and Fungi","floor":21,"turns":5},{"damage":42,"enemies":"Gremlin Leader","floor":24,"turns":8}],"seed_played":"-6466826665196881657","potions_obtained":[{"floor":1,"key":"Poison Potion"},{"floor":16,"key":"GamblersBrew"},{"floor":19,"key":"Regen Potion"},{"floor":21,"key":"LiquidBronze"}],"is_trial":false,"path_per_floor":["M","?","$","M","M","R","E","?","T","T","E","R","E","M","R","B",null,"M","M","?","M","$","R","E"],"character_chosen":"DEFECT","items_purchased":["Sunder","Steam","DollysMirror"],"campfire_rested":0,"item_purchase_floors":[3,3,22],"current_hp_per_floor":[59,59,59,59,59,59,42,42,42,42,39,39,38,38,38,31,61,61,58,58,39,39,39,0],"gold":69,"neow_bonus":"ONE_RANDOM_RARE_CARD","is_prod":false,"is_daily":false,"chose_seed":false,"campfire_upgraded":4,"win_rate":0,"timestamp":1565643859,"path_taken":["M","?","?","M","?","R","E","?","T","?","E","R","E","M","R","BOSS","M","M","?","M","$","R","E"],"build_version":"2019-07-17","purchased_purges":0,"victory":false,"max_hp_per_floor":[71,71,71,71,71,71,71,71,71,71,71,71,71,71,71,71,71,71,71,71,71,71,71,71],"card_choices":[{"not_picked":["Beam Cell","Rebound"],"picked":"Conserve Battery","floor":1},{"not_picked":["Redo","Sweeping Beam"],"picked":"Cold Snap","floor":4},{"not_picked":["Barrage","Auto Shields"],"picked":"Beam Cell","floor":5},{"not_picked":["Storm","Steam"],"picked":"Reinforced Body","floor":7},{"not_picked":["Ball Lightning","BootSequence"],"picked":"Creative AI","floor":11},{"not_picked":["Steam","Barrage"],"picked":"Consume","floor":13},{"not_picked":["Go for the Eyes","Hologram"],"picked":"Cold Snap","floor":14},{"not_picked":["Reboot","Hyperbeam"],"picked":"Electrodynamics","floor":16},{"not_picked":["Force Field","Coolheaded"],"picked":"Skim","floor":18},{"not_picked":["Streamline","Gash"],"picked":"Redo","floor":19},{"not_picked":["Gash","Leap"],"picked":"Turbo","floor":21}],"player_experience":1484398,"relics_obtained":[{"floor":7,"key":"Thread and Needle"},{"floor":9,"key":"Meat on the Bone"},{"floor":10,"key":"Bag of Preparation"},{"floor":11,"key":"Ancient Tea Set"},{"floor":13,"key":"Bottled Flame"}],"event_choices":[{"cards_removed":["Defend_B"],"damage_healed":0,"gold_gain":0,"player_choice":"Purged","damage_taken":0,"max_hp_gain":0,"max_hp_loss":0,"event_name":"Purifier","floor":2,"gold_loss":0},{"damage_healed":0,"gold_gain":0,"player_choice":"Ignored","damage_taken":0,"max_hp_gain":0,"max_hp_loss":0,"event_name":"Liars Game","floor":8,"gold_loss":0},{"damage_healed":0,"gold_gain":0,"player_choice":"Ignored","damage_taken":0,"max_hp_gain":0,"max_hp_loss":0,"event_name":"Vampires","floor":20,"gold_loss":0}],"is_beta":false,"boss_relics":[{"not_picked":["Eternal Feather","Philosopher\u0027s Stone"],"picked":"Astrolabe"}],"items_purged_floors":[],"is_endless":false,"potions_floor_spawned":[1,16,19,21],"killed_by":"Gremlin Leader","ascension_level":20}