{"gold_per_floor":[112,112,128,140,151,166,166,241,289,312,322,322,353,363,363,464,464,480,494,594,794,50,50,50,67,67,93,109,109,124,142,142,240,240,258,268,13,113,0,0,14,14,14,28,28,63,63,80,80,80],"floor_reached":50,"playtime":5592,"items_purged":[],"score":571,"play_id":"3d61cb6f-cfe3-4b90-8424-9a50f0925027","local_time":"20190628112734","is_ascension_mode":false,"campfire_choices":[{"data":"Crippling Poison","floor":7,"key":"SMITH"},{"floor":12,"key":"REST"},{"floor":15,"key":"REST"},{"floor":23,"key":"REST"},{"floor":24,"key":"REST"},{"floor":29,"key":"REST"},{"floor":32,"key":"REST"},{"floor":40,"key":"REST"},{"floor":45,"key":"REST"},{"data":"Crippling Poison","floor":47,"key":"SMITH"},{"floor":49,"key":"REST"}],"neow_cost":"NONE","seed_source_timestamp":351441146388192,"circlet_count":0,"master_deck":["Defend_G","Defend_G","Defend_G","Defend_G","Defend_G","Strike_G","Strike_G","Strike_G","Strike_G","Strike_G","Survivor","Neutralize","Crippling Poison+1","Slice","Quick Slash","Flying Knee","Backflip","Poisoned Stab","Terror","Escape Plan","Backstab","Prepared","Adrenaline","Flying Knee+1","Expertise","PiercingWail+1","Noxious Fumes","Secret Weapon","Dash","Acrobatics","Underhanded Strike","Deadly Poison","Predator","Heel Hook+1","Backflip+1","Glass Knife","Flying Knee+1","Malaise","Predator","Backstab","Dark Shackles","Die Die Die","Bane","Outmaneuver+1","Dagger Throw+1","Crippling Poison+1","Quick Slash+1","Catalyst"],"relics":["Ring of the Snake","NeowsBlessing","Happy Flower","Odd Mushroom","Pear","Eternal Feather","WingedGreaves","Ornamental Fan","Centennial Puzzle","Strawberry","Mercury Hourglass","Bag of Preparation","Black Star","Ice Cream","Red Mask","Bottled Lightning","Orichalcum","Juzu Bracelet"],"potions_floor_usage":[13,13,20,33,50,50,50],"damage_taken":[{"damage":0,"enemies":"2 Louse","floor":1,"turns":1},{"damage":0,"enemies":"Cultist","floor":3,"turns":1},{"damage":0,"enemies":"Jaw Worm","floor":4,"turns":1},{"damage":8,"enemies":"3 Louse","floor":5,"turns":4},{"damage":2,"enemies":"2 Fungi Beasts","floor":6,"turns":3},{"damage":19,"enemies":"The Mushroom Lair","floor":10,"turns":4},{"damage":16,"enemies":"Gremlin Gang","floor":11,"turns":5},{"damage":15,"enemies":"3 Sentries","floor":13,"turns":5},{"damage":0,"enemies":"Exordium Wildlife","floor":14,"turns":2},{"damage":25,"enemies":"The Guardian","floor":16,"turns":12},{"damage":15,"enemies":"3 Byrds","floor":18,"turns":5},{"damage":22,"enemies":"2 Thieves","floor":19,"turns":4},{"damage":15,"enemies":"Colosseum Slavers","floor":20,"turns":4},{"damage":20,"enemies":"Colosseum Nobs","floor":20,"turns":4},{"damage":21,"enemies":"Centurion and Healer","floor":25,"turns":6},{"damage":37,"enemies":"Book of Stabbing","floor":27,"turns":6},{"damage":5,"enemies":"Shelled Parasite and Fungi","floor":28,"turns":4},{"damage":10,"enemies":"Chosen and Byrds","floor":30,"turns":4},{"damage":17,"enemies":"Snake Plant","floor":31,"turns":3},{"damage":66,"enemies":"Collector","floor":33,"turns":9},{"damage":10,"enemies":"Orb Walker","floor":35,"turns":4},{"damage":13,"enemies":"3 Darklings","floor":36,"turns":4},{"damage":0,"enemies":"Mind Bloom Boss Battle","floor":38,"turns":7},{"damage":25,"enemies":"Transient","floor":41,"turns":5},{"damage":8,"enemies":"Jaw Worm Horde","floor":44,"turns":3},{"damage":6,"enemies":"Reptomancer","floor":46,"turns":5},{"damage":34,"enemies":"Writhing Mass","floor":48,"turns":6},{"damage":92,"enemies":"Awakened One","floor":50,"turns":9}],"seed_played":"-7674699139959193869","potions_obtained":[{"floor":4,"key":"LiquidBronze"},{"floor":5,"key":"Explosive Potion"},{"floor":10,"key":"Swift Potion"},{"floor":11,"key":"AttackPotion"},{"floor":18,"key":"Weak Potion"},{"floor":27,"key":"Ancient Potion"},{"floor":30,"key":"SpeedPotion"},{"floor":41,"key":"Poison Potion"},{"floor":48,"key":"Fire Potion"}],"is_trial":false,"path_per_floor":["M","?","M","M","M","M","R","?","T","?","M","R","E","M","R","B",null,"M","M","?","?","$","R","R","M","T","E","M","R","M","M","R","B",null,"M","M","$","?","?","R","M","$","T","M","R","E","R","M","R","B"],"character_chosen":"THE_SILENT","items_purchased":["Noxious Fumes","Secret Weapon","Dash","Centennial Puzzle","Strawberry","Acrobatics","Underhanded Strike","Deadly Poison","Dark Shackles","Die Die Die","Bane"],"campfire_rested":9,"item_purchase_floors":[22,22,22,22,22,22,22,22,37,37,37],"current_hp_per_floor":[70,70,70,70,62,60,60,49,49,30,14,35,30,30,54,29,80,65,43,8,8,15,59,87,66,66,29,24,71,61,44,87,21,87,77,64,64,64,64,87,62,62,62,54,87,81,87,53,87,0],"gold":80,"neow_bonus":"THREE_ENEMY_KILL","is_prod":false,"is_daily":false,"chose_seed":false,"campfire_upgraded":2,"win_rate":0.0,"timestamp":1561746454,"path_taken":["M","?","M","?","M","M","R","?","T","?","M","R","E","M","R","BOSS","M","M","?","?","$","R","R","M","T","E","?","R","M","M","R","BOSS","M","M","$","?","?","R","M","?","T","M","R","E","R","M","R","BOSS"],"build_version":"2019-01-23","purchased_purges":0,"victory":false,"max_hp_per_floor":[70,70,70,70,70,70,70,70,70,70,70,70,80,80,80,80,80,80,80,80,80,87,87,87,87,87,87,87,87,87,87,87,87,87,87,87,87,87,87,87,87,87,87,87,87,87,87,87,87,87],"card_choices":[{"not_picked":["Bane","Sucker Punch"],"picked":"Crippling Poison","floor":1},{"not_picked":["Dagger Spray","PiercingWail"],"picked":"Quick Slash","floor":3},{"not_picked":["Sucker Punch","Distraction"],"picked":"Flying Knee","floor":4},{"not_picked":["Eviscerate","Outmaneuver"],"picked":"Backflip","floor":5},{"not_picked":["Riddle With Holes","Dagger Spray"],"picked":"Poisoned Stab","floor":6},{"not_picked":["Acrobatics","Dagger Spray"],"picked":"Terror","floor":10},{"not_picked":["Poisoned Stab","Deflect"],"picked":"Escape Plan","floor":11},{"not_picked":["Skewer","Prepared"],"picked":"Backstab","floor":13},{"not_picked":["Riddle With Holes","Calculated Gamble"],"picked":"Prepared","floor":14},{"not_picked":["Venomology","Malaise"],"picked":"Adrenaline","floor":16},{"not_picked":["All Out Attack","Outmaneuver+1"],"picked":"Flying Knee+1","floor":18},{"not_picked":["Backflip","Dodge and Roll+1"],"picked":"Expertise","floor":19},{"not_picked":["Deflect","Prepared+1"],"picked":"PiercingWail+1","floor":20},{"not_picked":["Flying Knee+1","Dagger Spray"],"picked":"Predator","floor":25},{"not_picked":["Underhanded Strike","Footwork"],"picked":"Heel Hook+1","floor":27},{"not_picked":["Tactician","Outmaneuver"],"picked":"Backflip+1","floor":28},{"not_picked":["Masterful Stab","Deflect+1"],"picked":"Glass Knife","floor":30},{"not_picked":["Prepared","Blade Dance"],"picked":"Flying Knee+1","floor":31},{"not_picked":["Unload","A Thousand Cuts"],"picked":"Malaise","floor":33},{"not_picked":["Choke","Outmaneuver"],"picked":"Predator","floor":35},{"not_picked":["Expertise+1","Slice"],"picked":"Backstab","floor":36},{"not_picked":["Bouncing Flask","Bane"],"picked":"Outmaneuver+1","floor":38},{"not_picked":["Riddle With Holes","Prepared+1"],"picked":"Dagger Throw+1","floor":41},{"not_picked":["All Out Attack","Deflect"],"picked":"Crippling Poison","floor":44},{"not_picked":["Caltrops","Prepared"],"picked":"Quick Slash+1","floor":46},{"not_picked":["Choke","Night Terror"],"picked":"Catalyst","floor":48}],"player_experience":15099,"relics_obtained":[{"floor":9,"key":"Happy Flower"},{"floor":10,"key":"Odd Mushroom"},{"floor":13,"key":"Pear"},{"floor":20,"key":"WingedGreaves"},{"floor":20,"key":"Ornamental Fan"},{"floor":26,"key":"Mercury Hourglass"},{"floor":27,"key":"Bag of Preparation"},{"floor":38,"key":"Ice Cream"},{"floor":43,"key":"Bottled Lightning"},{"floor":46,"key":"Orichalcum"},{"floor":46,"key":"Juzu Bracelet"}],"event_choices":[{"damage_healed":0,"gold_gain":0,"player_choice":"1 cards matched","damage_taken":0,"max_hp_gain":0,"max_hp_loss":0,"event_name":"Match and Keep!","floor":2,"gold_loss":0,"cards_obtained":["Slice"]},{"damage_healed":0,"gold_gain":75,"player_choice":"Gather Gold","damage_taken":11,"max_hp_gain":0,"max_hp_loss":0,"event_name":"World of Goop","floor":8,"gold_loss":0},{"damage_healed":0,"gold_gain":0,"player_choice":"Fought Mushrooms","damage_taken":0,"max_hp_gain":0,"max_hp_loss":0,"event_name":"Mushrooms","floor":10,"gold_loss":0},{"damage_healed":0,"gold_gain":0,"player_choice":"Fight","damage_taken":0,"max_hp_gain":0,"max_hp_loss":0,"event_name":"Colosseum","floor":20,"gold_loss":0},{"damage_healed":0,"gold_gain":0,"player_choice":"Fought Nobs","damage_taken":0,"max_hp_gain":0,"max_hp_loss":0,"event_name":"Colosseum","floor":20,"gold_loss":0},{"damage_healed":0,"gold_gain":200,"player_choice":"Gold","damage_taken":0,"max_hp_gain":0,"max_hp_loss":0,"event_name":"Wheel of Change","floor":21,"gold_loss":0},{"damage_healed":0,"gold_gain":0,"player_choice":"Fight","damage_taken":0,"max_hp_gain":0,"max_hp_loss":0,"event_name":"MindBloom","floor":38,"gold_loss":0},{"damage_healed":0,"gold_gain":0,"player_choice":"Paid","damage_taken":0,"relics_obtained":["Red Mask"],"max_hp_gain":0,"max_hp_loss":0,"event_name":"Tomb of Lord Red Mask","floor":39,"gold_loss":113}],"is_beta":false,"boss_relics":[{"not_picked":["Calling Bell","Philosopher\u0027s Stone"],"picked":"Eternal Feather"},{"not_picked":["Empty Cage","Snecko Eye"],"picked":"Black Star"}],"items_purged_floors":[],"is_endless":false,"potions_floor_spawned":[4,5,10,11,18,20,27,30,41,46,48],"killed_by":"Awakened One","ascension_level":0}