{"gold_per_floor":[113,125,67,67,88,122,122,137,137,175,195,195,216,237,237,237],"floor_reached":16,"playtime":843,"items_purged":[],"score":217,"play_id":"83ec72dd-a603-436f-b262-2ad1e89112a2","local_time":"20190801132108","is_ascension_mode":true,"campfire_choices":[{"data":"Bouncing Flask","floor":7,"key":"SMITH"},{"floor":15,"key":"REST"}],"neow_cost":"NONE","seed_source_timestamp":708699202254855,"circlet_count":0,"master_deck":["AscendersBane","Strike_G","Strike_G","Strike_G","Strike_G","Strike_G","Defend_G","Defend_G","Defend_G","Defend_G","Defend_G","Survivor","Neutralize","Bouncing Flask+1","Dagger Spray","Sucker Punch","Blur","Bane","Calculated Gamble","Bouncing Flask","Bane","Dagger Spray","Poisoned Stab"],"special_seed":0,"relics":["Ring of the Snake","NeowsBlessing","Golden Idol","Sundial","Kunai","PreservedInsect"],"potions_floor_usage":[6],"damage_taken":[{"damage":0.0,"enemies":"Cultist","floor":1.0,"turns":1.0},{"damage":0.0,"enemies":"Small Slimes","floor":2.0,"turns":1.0},{"damage":0.0,"enemies":"Jaw Worm","floor":5.0,"turns":1.0},{"damage":15,"enemies":"Lagavulin","floor":6,"turns":5},{"damage":6,"enemies":"Red Slaver","floor":8,"turns":4},{"damage":36,"enemies":"Gremlin Nob","floor":10,"turns":4},{"damage":1,"enemies":"Blue Slaver","floor":11,"turns":5},{"damage":0,"enemies":"Lots of Slimes","floor":13,"turns":4},{"damage":0,"enemies":"Exordium Thugs","floor":14,"turns":4},{"damage":21,"enemies":"Hexaghost","floor":16,"turns":8}],"seed_played":"5118579225365808190","potions_obtained":[{"floor":2.0,"key":"SkillPotion"},{"floor":10,"key":"Fire Potion"},{"floor":11,"key":"GamblersBrew"},{"floor":14,"key":"Strength Potion"}],"is_trial":false,"path_per_floor":["M","M","$","?","M","E","R","M","T","E","M","?","M","M","R","B"],"character_chosen":"THE_SILENT","items_purchased":["Sucker Punch"],"campfire_rested":1,"item_purchase_floors":[3],"current_hp_per_floor":[59,59,59,59,59,44,44,38,38,2,1,1,1,1,19,0],"gold":237,"neow_bonus":"THREE_ENEMY_KILL","is_prod":false,"is_daily":false,"chose_seed":false,"campfire_upgraded":1,"win_rate":0,"timestamp":1564690868,"path_taken":["M","?","$","?","M","E","R","M","T","E","M","?","M","M","R","BOSS"],"build_version":"2019-07-17","purchased_purges":0,"victory":false,"max_hp_per_floor":[66,66,66,60,60,60,60,60,60,60,60,60,60,60,60,60],"card_choices":[{"not_picked":["Cloak And Dagger","Dodge and Roll"],"picked":"Bouncing Flask","floor":1.0},{"not_picked":["Cloak And Dagger","PiercingWail"],"picked":"Dagger Spray","floor":2.0},{"not_picked":["Flying Knee","Backstab"],"picked":"Blur","floor":5.0},{"not_picked":["Cloak And Dagger","Prepared"],"picked":"Bane","floor":6},{"not_picked":["Tactician","Acrobatics"],"picked":"Calculated Gamble","floor":8},{"not_picked":["A Thousand Cuts","Flying Knee"],"picked":"Bouncing Flask","floor":10},{"not_picked":["Sucker Punch","Dagger Throw"],"picked":"Bane","floor":11},{"not_picked":["Dagger Throw","Quick Slash"],"picked":"Dagger Spray","floor":13},{"not_picked":["Underhanded Strike","Setup"],"picked":"Poisoned Stab","floor":14}],"player_experience":606886,"relics_obtained":[{"floor":6,"key":"Sundial"},{"floor":9,"key":"Kunai"},{"floor":10,"key":"PreservedInsect"}],"event_choices":[{"damage_healed":0.0,"max_hp_gain":0.0,"max_hp_loss":6.0,"gold_gain":0.0,"event_name":"Golden Idol","player_choice":"Lose Max HP","floor":4.0,"gold_loss":0.0,"damage_taken":0.0,"relics_obtained":["Golden Idol"]},{"damage_healed":0,"gold_gain":0,"player_choice":"Leave","damage_taken":0,"max_hp_gain":0,"max_hp_loss":0,"event_name":"FaceTrader","floor":12,"gold_loss":0}],"is_beta":false,"boss_relics":[],"items_purged_floors":[],"is_endless":false,"potions_floor_spawned":[2,10,11,14],"killed_by":"Hexaghost","ascension_level":18}