{"gold_per_floor":[116,136,136,149,160,160,110,120,120,147,162,162,175,205,205,308,308,325,325,325,55,73,73,101,101,101,101,114,114,129,229,229,331,331,346,362,362,362],"floor_reached":38,"playtime":2553,"items_purged":["Strike_R"],"score":483,"play_id":"eb9a5b44-bafe-4c19-a259-55aa1717b6d0","local_time":"20180909142017","is_ascension_mode":true,"campfire_choices":[{"data":"Bash","floor":6.0,"key":"SMITH"},{"data":"Spot Weakness","floor":12.0,"key":"SMITH"},{"data":"Havoc","floor":15.0,"key":"SMITH"},{"floor":23.0,"key":"REST"},{"data":"Impervious","floor":25.0,"key":"SMITH"},{"data":"Seeing Red","floor":27.0,"key":"SMITH"},{"data":"Havoc","floor":32.0,"key":"SMITH"}],"neow_cost":"TEN_PERCENT_HP_LOSS","seed_source_timestamp":1976624559765662,"circlet_count":0,"master_deck":["Strike_R+1","Strike_R+1","Defend_R","Defend_R","Defend_R","Defend_R","Bash+1","Dropkick","Disarm+1","Anger","Havoc+1","Pommel Strike","Spot Weakness+1","Anger","Impervious+1","Flex+1","Warcry","Shrug It Off","Body Slam","Headbutt","Seeing Red+1","Cleave","Warcry+1","True Grit+1","Rage","Havoc+1","Impervious","Heavy Blade","Sentinel+1","Warcry","Sentinel","Rage+1","Intimidate"],"special_seed":0,"relics":["Burning Blood","Calipers","Whetstone","Odd Mushroom","Potion Belt","Eternal Feather","Enchiridion","Gremlin Horn","Unceasing Top","Orrery"],"potions_floor_usage":[38],"damage_taken":[{"damage":7.0,"enemies":"Jaw Worm","floor":1.0,"turns":5.0},{"damage":6.0,"enemies":"Cultist","floor":2.0,"turns":3.0},{"damage":7.0,"enemies":"2 Louse","floor":4.0,"turns":3.0},{"damage":3.0,"enemies":"Blue Slaver","floor":5.0,"turns":2.0},{"damage":27.0,"enemies":"Large Slime","floor":8.0,"turns":7.0},{"damage":16.0,"enemies":"The Mushroom Lair","floor":10.0,"turns":4.0},{"damage":5.0,"enemies":"Red Slaver","floor":11.0,"turns":3.0},{"damage":7.0,"enemies":"2 Fungi Beasts","floor":13.0,"turns":3.0},{"damage":48.0,"enemies":"Slime Boss","floor":16.0,"turns":9.0},{"damage":6.0,"enemies":"Chosen","floor":18.0,"turns":5.0},{"damage":18.0,"enemies":"3 Byrds","floor":22.0,"turns":6.0},{"damage":28.0,"enemies":"Book of Stabbing","floor":24.0,"turns":5.0},{"damage":30.0,"enemies":"Shelled Parasite and Fungi","floor":28.0,"turns":3.0},{"damage":5.0,"enemies":"Snecko","floor":30.0,"turns":6.0},{"damage":32.0,"enemies":"Collector","floor":33.0,"turns":7.0},{"damage":18,"enemies":"3 Darklings","floor":35,"turns":4},{"damage":5,"enemies":"Orb Walker","floor":36,"turns":3},{"damage":71,"enemies":"Awakened One","floor":38,"turns":10}],"seed_played":"4514875264687027102","potions_obtained":[{"floor":1.0,"key":"Strength Potion"},{"floor":4.0,"key":"SkillPotion"},{"floor":10.0,"key":"Regen Potion"},{"floor":16.0,"key":"AttackPotion"},{"floor":24.0,"key":"Ancient Potion"},{"floor":33.0,"key":"Regen Potion"}],"is_trial":false,"path_per_floor":["M","M","?","M","M","R","?","M","T","?","M","R","M","?","R","B",null,"M","?","?","$","M","R","E","R","T","R","M","?","M","?","R","B",null,"M","M","?"],"character_chosen":"IRONCLAD","items_purchased":["Shrug It Off","Body Slam","Headbutt","Seeing Red"],"campfire_rested":1,"item_purchase_floors":[21,21,21,21],"current_hp_per_floor":[71,71,71,70,72,72,72,51,51,41,51,51,50,50,50,8,56,56,40,40,40,28,61,39,51,51,63,39,39,40,40,55,29,61,49,50,50,0],"gold":362,"neow_bonus":"ONE_RARE_RELIC","is_prod":false,"is_daily":false,"chose_seed":false,"campfire_upgraded":6,"win_rate":0,"timestamp":1536495617,"path_taken":["M","M","?","M","M","R","?","M","T","?","M","R","M","?","R","BOSS","M","?","?","$","M","R","E","R","T","R","?","?","?","?","R","BOSS","M","M","?","BOSS"],"build_version":"2018-08-30","purchased_purges":1,"victory":false,"max_hp_per_floor":[72,72,72,72,72,72,72,72,72,72,72,72,72,72,72,72,72,72,72,72,72,72,72,72,72,72,72,72,72,72,72,72,72,72,72,72,72,72],"card_choices":[{"not_picked":["Sword Boomerang","Shockwave"],"picked":"Dropkick","floor":1.0},{"not_picked":["Heavy Blade","Wild Strike"],"picked":"Disarm","floor":2.0},{"not_picked":["Headbutt","Armaments"],"picked":"Anger","floor":4.0},{"not_picked":["Clothesline","Rupture","Heavy Blade"],"picked":"SKIP","floor":5.0},{"not_picked":["Body Slam","Pommel Strike"],"picked":"Havoc","floor":8.0},{"not_picked":["Rupture","Sword Boomerang"],"picked":"Pommel Strike","floor":10.0},{"not_picked":["Uppercut","Perfected Strike"],"picked":"Spot Weakness","floor":11.0},{"not_picked":["Flex","Wild Strike"],"picked":"Anger","floor":13.0},{"not_picked":["Barricade","Berserk"],"picked":"Impervious","floor":16.0},{"not_picked":["Reckless Charge","Headbutt"],"picked":"Flex+1","floor":18.0},{"not_picked":["Body Slam","Disarm+1"],"picked":"Cleave","floor":22.0},{"not_picked":["Anger","Body Slam"],"picked":"Warcry+1","floor":24.0},{"not_picked":["Metallicize","Intimidate+1"],"picked":"True Grit+1","floor":28.0},{"not_picked":["Shockwave","True Grit"],"picked":"Havoc","floor":30.0},{"not_picked":["Demon Form","Bludgeon"],"picked":"Impervious","floor":33.0},{"not_picked":["Iron Wave+1","Pommel Strike"],"picked":"Heavy Blade","floor":34},{"not_picked":["Perfected Strike+1","Ghostly Armor+1"],"picked":"Sentinel+1","floor":34},{"not_picked":["Clothesline","Burning Pact"],"picked":"Warcry","floor":34},{"not_picked":["True Grit","Armaments"],"picked":"Sentinel","floor":34},{"not_picked":["Body Slam","Bloodletting"],"picked":"Rage+1","floor":35},{"not_picked":["Cleave+1","Metallicize+1"],"picked":"Intimidate","floor":36}],"player_experience":439443,"relics_obtained":[{"floor":9.0,"key":"Whetstone"},{"floor":10.0,"key":"Odd Mushroom"},{"floor":19.0,"key":"Enchiridion"},{"floor":24.0,"key":"Gremlin Horn"},{"floor":26.0,"key":"Unceasing Top"}],"event_choices":[{"event_name":"Upgrade Shrine","player_choice":"Upgraded","floor":3.0,"damage_taken":0.0},{"event_name":"The Cleric","player_choice":"Card Removal","floor":7.0,"damage_taken":0.0},{"event_name":"Mushrooms","player_choice":"Fought Mushrooms","floor":10.0,"damage_taken":0.0},{"event_name":"Dead Adventurer","player_choice":"Searched \u00272\u0027 times","floor":14.0,"damage_taken":0.0},{"event_name":"Cursed Tome","player_choice":"Obtained Book","floor":19.0,"damage_taken":0.0},{"event_name":"Transmorgrifier","player_choice":"Transform","floor":20.0,"damage_taken":0.0},{"event_name":"The Library","player_choice":"Read","floor":29.0,"damage_taken":0.0},{"event_name":"Golden Shrine","player_choice":"Pray","floor":31.0,"damage_taken":0.0},{"event_name":"SecretPortal","player_choice":"Took Portal.","floor":37,"damage_taken":0}],"is_beta":false,"boss_relics":[{"not_picked":["Snecko Eye","Philosopher\u0027s Stone"],"picked":"Eternal Feather"},{"not_picked":["Runic Cube","Sozu"],"picked":"Orrery"}],"items_purged_floors":[21],"is_endless":false,"potions_floor_spawned":[1,4,10,16,24,33],"killed_by":"Awakened One","ascension_level":5}