{"gold_per_floor":[115,130,144,144,3,3,33,44,44,62,93,116,150,225,225,296,296,313,313,330,63,77,405,424,438,438,438,466,466,492,503,503,579,579,592,592,604,604,37,68,68,68],"floor_reached":42,"playtime":2191,"items_purged":["Strike_R"],"score":1162,"play_id":"b0a3e613-22ac-4d6a-b69d-88c9653512d7","local_time":"20190802140841","is_ascension_mode":true,"campfire_choices":[{"data":"Cleave","floor":6,"key":"SMITH"},{"data":"Pummel","floor":15,"key":"SMITH"},{"data":"Apotheosis","floor":27,"key":"SMITH"},{"data":"Inflame","floor":29,"key":"SMITH"},{"data":"Shockwave","floor":32,"key":"SMITH"},{"floor":41,"key":"RECALL"}],"neow_cost":"NONE","seed_source_timestamp":2031489480043546,"circlet_count":0,"master_deck":["AscendersBane","Strike_R","Strike_R","Strike_R","Strike_R","Defend_R","Defend_R","Defend_R","Defend_R+1","Bash+1","Inflame+1","Inflame","Cleave+1","Pommel Strike","Heavy Blade","Pommel Strike","Impervious","Twin Strike","Pummel+1","Reaper","Inflame","Shockwave+1","Apotheosis+1","Twin Strike","Demon Form","Feed","Burning Pact"],"relics":["Burning Blood","Strawberry","Pear","Gambling Chip","Du-Vu Doll","Pen Nib","Self Forming Clay","Busted Crown","Old Coin","Bronze Scales","Orichalcum","Bag of Marbles","Black Star","Mummified Hand","Lantern","Dead Branch","Bottled Lightning"],"potions_floor_usage":[13,23,25,28,33,33,40],"damage_taken":[{"damage":15,"enemies":"Small Slimes","floor":1,"turns":4},{"damage":2,"enemies":"Jaw Worm","floor":2,"turns":3},{"damage":2,"enemies":"2 Louse","floor":3,"turns":3},{"damage":8,"enemies":"Gremlin Nob","floor":7,"turns":3},{"damage":0,"enemies":"Large Slime","floor":8,"turns":4},{"damage":13,"enemies":"Blue Slaver","floor":10,"turns":3},{"damage":20,"enemies":"Lagavulin","floor":11,"turns":7},{"damage":0,"enemies":"Gremlin Nob","floor":13,"turns":2},{"damage":8,"enemies":"Slime Boss","floor":16,"turns":6},{"damage":4,"enemies":"Chosen","floor":18,"turns":3},{"damage":17,"enemies":"2 Thieves","floor":20,"turns":3},{"damage":26,"enemies":"Shelled Parasite and Fungi","floor":22,"turns":4},{"damage":62,"enemies":"Book of Stabbing","floor":23,"turns":5},{"damage":0,"enemies":"Chosen and Byrds","floor":24,"turns":3},{"damage":12,"enemies":"Snake Plant","floor":25,"turns":3},{"damage":15,"enemies":"Slavers","floor":28,"turns":4},{"damage":21,"enemies":"Book of Stabbing","floor":30,"turns":4},{"damage":3,"enemies":"Centurion and Healer","floor":31,"turns":3},{"damage":71,"enemies":"Champ","floor":33,"turns":6},{"damage":11,"enemies":"3 Shapes","floor":35,"turns":3},{"damage":46,"enemies":"3 Darklings","floor":37,"turns":6},{"damage":68,"enemies":"Giant Head","floor":40,"turns":8},{"damage":69,"enemies":"Nemesis","floor":42,"turns":6}],"seed_played":"-2269337604853457624","potions_obtained":[{"floor":2,"key":"SpeedPotion"},{"floor":8,"key":"Energy Potion"},{"floor":18,"key":"SkillPotion"},{"floor":23,"key":"Block Potion"},{"floor":25,"key":"SkillPotion"},{"floor":30,"key":"FearPotion"},{"floor":33,"key":"Explosive Potion"},{"floor":37,"key":"LiquidBronze"}],"is_trial":false,"path_per_floor":["M","M","M","?","$","R","E","M","T","M","E","T","E","?","R","B",null,"M","?","M","$","M","E","M","M","T","R","E","R","E","M","R","B",null,"M","?","M","?","$","E","R","E"],"character_chosen":"IRONCLAD","items_purchased":["Pommel Strike","BloodPotion","Shockwave","Apotheosis","Mummified Hand","Lantern","Block Potion"],"campfire_rested":0,"item_purchase_floors":[5,5,21,21,39,39,39],"current_hp_per_floor":[66,70,74,49,49,49,57,63,63,56,42,42,48,37,37,35,78,80,80,69,69,75,37,43,37,37,37,46,46,31,49,49,28,76,74,74,72,72,72,64,64,0],"gold":68,"neow_bonus":"RANDOM_COMMON_RELIC","is_prod":false,"is_daily":false,"chose_seed":false,"campfire_upgraded":5,"win_rate":0,"timestamp":1564747721,"path_taken":["M","M","M","?","$","R","E","M","T","M","E","?","E","?","R","BOSS","M","?","M","$","M","E","M","M","T","R","E","R","E","M","R","BOSS","M","?","M","?","$","E","R","E"],"build_version":"2019-07-17","purchased_purges":1,"victory":false,"max_hp_per_floor":[82,82,82,82,82,82,92,92,92,92,92,92,92,92,92,92,92,92,92,92,92,92,92,92,92,92,92,92,92,92,92,92,92,92,95,95,99,99,99,99,99,99],"card_choices":[{"not_picked":["Twin Strike","Headbutt"],"picked":"Inflame","floor":1},{"not_picked":["Iron Wave","Body Slam"],"picked":"Inflame","floor":2},{"not_picked":["Twin Strike","Clash"],"picked":"Cleave","floor":3},{"not_picked":["Iron Wave","Combust"],"picked":"Heavy Blade","floor":7},{"not_picked":["Second Wind","Flex"],"picked":"Pommel Strike","floor":8},{"not_picked":["Dropkick","Sword Boomerang"],"picked":"Impervious","floor":10},{"not_picked":["Entrench","Wild Strike"],"picked":"Twin Strike","floor":11},{"not_picked":["Shrug It Off","Carnage"],"picked":"Pummel","floor":13},{"not_picked":["Offering","Juggernaut"],"picked":"Reaper","floor":16},{"not_picked":["Clash"],"picked":"SKIP","floor":18},{"not_picked":[],"picked":"Inflame","floor":20},{"not_picked":["Body Slam"],"picked":"SKIP","floor":22},{"not_picked":[],"picked":"Twin Strike","floor":23},{"not_picked":["Infernal Blade"],"picked":"SKIP","floor":24},{"not_picked":["Bloodletting"],"picked":"SKIP","floor":25},{"not_picked":[],"picked":"Bloodletting","floor":25},{"not_picked":["Seeing Red"],"picked":"SKIP","floor":28},{"not_picked":[],"picked":"Demon Form","floor":30},{"not_picked":["Flex"],"picked":"SKIP","floor":31},{"not_picked":[],"picked":"Feed","floor":33},{"not_picked":["Second Wind"],"picked":"SKIP","floor":35},{"not_picked":["Body Slam"],"picked":"SKIP","floor":37},{"not_picked":[],"picked":"Burning Pact","floor":40}],"player_experience":1436146,"relics_obtained":[{"floor":7,"key":"Pear"},{"floor":9,"key":"Gambling Chip"},{"floor":11,"key":"Du-Vu Doll"},{"floor":12,"key":"Pen Nib"},{"floor":13,"key":"Self Forming Clay"},{"floor":23,"key":"Old Coin"},{"floor":26,"key":"Bronze Scales"},{"floor":28,"key":"Orichalcum"},{"floor":30,"key":"Bag of Marbles"},{"floor":40,"key":"Dead Branch"},{"floor":40,"key":"Bottled Lightning"}],"event_choices":[{"damage_healed":0,"gold_gain":0,"player_choice":"Entered Light","damage_taken":25,"max_hp_gain":0,"max_hp_loss":0,"event_name":"Shining Light","floor":4,"gold_loss":0,"cards_upgraded":["Bash","Defend_R"]},{"damage_healed":0,"gold_gain":75,"player_choice":"Gather Gold","damage_taken":11,"max_hp_gain":0,"max_hp_loss":0,"event_name":"World of Goop","floor":14,"gold_loss":0},{"damage_healed":0,"gold_gain":0,"player_choice":"Ignored","damage_taken":0,"max_hp_gain":0,"max_hp_loss":0,"event_name":"Vampires","floor":19,"gold_loss":0},{"cards_removed":["Bloodletting"],"damage_healed":0,"gold_gain":0,"player_choice":"Removed Skill","damage_taken":0,"max_hp_gain":0,"max_hp_loss":0,"event_name":"Falling","floor":36,"gold_loss":0},{"damage_healed":0,"gold_gain":0,"player_choice":"Ignored","damage_taken":0,"max_hp_gain":0,"max_hp_loss":0,"event_name":"Tomb of Lord Red Mask","floor":38,"gold_loss":0}],"is_beta":false,"boss_relics":[{"not_picked":["Eternal Feather","Ectoplasm"],"picked":"Busted Crown"},{"not_picked":["Calling Bell","Mark of Pain"],"picked":"Black Star"}],"items_purged_floors":[39],"is_endless":false,"potions_floor_spawned":[2,7,8,18,23,24,25,30,33,37],"killed_by":"Nemesis","ascension_level":20}