{"gold_per_floor":[114,189,189,199,199,230,14,14,14,14,28,46,46,46,46,120,120,136,136,136,148,63,63,63],"floor_reached":24,"playtime":917,"items_purged":[],"score":459,"play_id":"f036dcbb-634e-4686-b956-29c3ce7a9f27","local_time":"20190815150452","is_ascension_mode":true,"campfire_choices":[{"data":"Noxious Fumes","floor":8,"key":"SMITH"},{"data":"PiercingWail","floor":10,"key":"SMITH"},{"data":"Predator","floor":15,"key":"SMITH"},{"data":"Dagger Spray","floor":23,"key":"SMITH"}],"neow_cost":"NONE","seed_source_timestamp":1924503787405934,"circlet_count":0,"master_deck":["AscendersBane","Defend_G","Defend_G","Defend_G","Defend_G","Defend_G","Survivor","Neutralize","Cloak And Dagger","Noxious Fumes+1","PiercingWail+1","Predator+1","Dagger Spray+1","Venomology","Leg Sweep","Bite","Bite","Bite","Bite","Bite","Flying Knee"],"relics":["Ring of the Snake","NeowsBlessing","Pen Nib","ClockworkSouvenir","FossilizedHelix","Eternal Feather","The Specimen"],"potions_floor_usage":[18,18],"damage_taken":[{"damage":0,"enemies":"Small Slimes","floor":1,"turns":1},{"damage":0,"enemies":"2 Louse","floor":4,"turns":1},{"damage":0,"enemies":"Lagavulin","floor":6,"turns":1},{"damage":0,"enemies":"Jaw Worm","floor":11,"turns":5},{"damage":0,"enemies":"Large Slime","floor":12,"turns":5},{"damage":27,"enemies":"The Guardian","floor":16,"turns":11},{"damage":20,"enemies":"3 Byrds","floor":18,"turns":7},{"damage":19,"enemies":"2 Thieves","floor":21,"turns":4},{"damage":47,"enemies":"Book of Stabbing","floor":24,"turns":6}],"seed_played":"-4793545433256883457","potions_obtained":[{"floor":4,"key":"PowerPotion"},{"floor":6,"key":"EntropicBrew"},{"floor":18,"key":"GhostInAJar"}],"is_trial":false,"path_per_floor":["M","?","?","M","?","E","$","R","T","R","M","M","$","?","R","B",null,"M","?","?","M","?","R","E"],"character_chosen":"THE_SILENT","items_purchased":["ClockworkSouvenir"],"campfire_rested":0,"item_purchase_floors":[7],"current_hp_per_floor":[59,48,41,41,46,46,46,46,46,46,46,46,46,46,46,19,58,38,38,38,25,25,37,0],"gold":63,"neow_bonus":"THREE_ENEMY_KILL","is_prod":false,"is_daily":false,"chose_seed":false,"campfire_upgraded":4,"win_rate":0,"timestamp":1565906692,"path_taken":["M","?","?","M","?","E","$","R","T","R","M","M","$","?","R","BOSS","M","?","?","M","?","R","E"],"build_version":"2019-07-17","purchased_purges":0,"victory":false,"max_hp_per_floor":[66,66,66,66,71,71,71,71,71,71,71,71,71,71,71,71,71,71,49,49,49,49,49,49],"card_choices":[{"not_picked":["Distraction","Dagger Throw"],"picked":"Cloak And Dagger","floor":1},{"not_picked":["Blade Dance","Leg Sweep"],"picked":"Noxious Fumes","floor":4},{"not_picked":["Dagger Throw","Backflip"],"picked":"PiercingWail","floor":6},{"not_picked":["PiercingWail","Unload"],"picked":"Predator","floor":11},{"not_picked":["Infinite Blades","Accuracy"],"picked":"Dagger Spray","floor":12},{"not_picked":["Doppelganger","Grand Finale"],"picked":"Venomology","floor":16},{"not_picked":["Blade Dance","Acrobatics"],"picked":"Leg Sweep","floor":18},{"not_picked":["Deadly Poison","Eviscerate+1"],"picked":"Flying Knee","floor":21}],"player_experience":753466,"relics_obtained":[{"floor":6,"key":"Pen Nib"},{"floor":9,"key":"FossilizedHelix"}],"event_choices":[{"damage_healed":0,"gold_gain":75,"player_choice":"Gather Gold","damage_taken":11,"max_hp_gain":0,"max_hp_loss":0,"event_name":"World of Goop","floor":2,"gold_loss":0},{"cards_removed":["Strike_G"],"damage_healed":0,"gold_gain":0,"player_choice":"Card Removal","damage_taken":7,"max_hp_gain":0,"max_hp_loss":0,"event_name":"Golden Wing","floor":3,"gold_loss":0},{"damage_healed":0,"gold_gain":0,"player_choice":"Donut","damage_taken":0,"max_hp_gain":5,"max_hp_loss":0,"event_name":"Big Fish","floor":5,"gold_loss":0},{"damage_healed":0,"gold_gain":0,"player_choice":"Ignored","damage_taken":0,"max_hp_gain":0,"max_hp_loss":0,"event_name":"Liars Game","floor":14,"gold_loss":0},{"damage_healed":0,"gold_gain":0,"player_choice":"Became a vampire","damage_taken":0,"max_hp_gain":0,"max_hp_loss":22,"event_name":"Vampires","floor":19,"gold_loss":0,"cards_obtained":["Bite","Bite","Bite","Bite","Bite"]},{"damage_healed":0,"gold_gain":0,"player_choice":"Ignored","damage_taken":0,"max_hp_gain":0,"max_hp_loss":0,"event_name":"Ghosts","floor":20,"gold_loss":0},{"damage_healed":0,"gold_gain":0,"player_choice":"Obtained Relic","damage_taken":0,"relics_obtained":["The Specimen"],"max_hp_gain":0,"max_hp_loss":0,"event_name":"Addict","floor":22,"gold_loss":85}],"is_beta":false,"boss_relics":[{"not_picked":["Fusion Hammer","Velvet Choker"],"picked":"Eternal Feather"}],"items_purged_floors":[],"is_endless":false,"potions_floor_spawned":[4,6,18],"killed_by":"Book of Stabbing","ascension_level":20}