{"gold_per_floor":[216,216,239,252,352,352,386,386,411,411,435,479,493,529,529,655,655,679,695,714,714,730,730,748,762,786,185,223,254,302,314,326,338],"floor_reached":33,"playtime":3608,"items_purged":[],"score":309,"play_id":"269f4d10-b8c9-4823-92cc-471378e8b0af","local_time":"20190701125650","is_ascension_mode":false,"campfire_choices":[{"floor":6,"key":"REST"},{"data":"Terror","floor":8,"key":"SMITH"},{"floor":10,"key":"REST"},{"floor":15,"key":"REST"},{"floor":23,"key":"REST"},{"floor":32,"key":"REST"}],"neow_cost":"NONE","seed_source_timestamp":617975001825926,"circlet_count":0,"master_deck":["Defend_G","Defend_G","Defend_G","Defend_G","Defend_G","Strike_G","Strike_G","Strike_G","Strike_G","Strike_G","Survivor","Neutralize","Poisoned Stab","Backflip","Dagger Throw","Terror+1","Crippling Poison","Flying Knee","Dagger Spray","Predator","Tools of the Trade","PiercingWail","Calculated Gamble+1","Underhanded Strike+1","Necronomicurse","Outmaneuver","Endless Agony","Masterful Stab+1","Enlightenment","Violence","Outmaneuver","Outmaneuver+1","Cloak And Dagger+1"],"relics":["Ring of the Snake","Golden Idol","Regal Pillow","Anchor","Pen Nib","Sundial","Eternal Feather","Necronomicon","Blood Vial","Lantern","MealTicket","MawBank","Darkstone Periapt","Prayer Wheel"],"potions_floor_usage":[22,28,33,33,33],"damage_taken":[{"damage":3,"enemies":"Small Slimes","floor":1,"turns":4},{"damage":4,"enemies":"2 Louse","floor":3,"turns":2},{"damage":1,"enemies":"Cultist","floor":4,"turns":4},{"damage":23,"enemies":"Gremlin Nob","floor":7,"turns":4},{"damage":2,"enemies":"3 Louse","floor":11,"turns":4},{"damage":18,"enemies":"Lagavulin","floor":12,"turns":8},{"damage":0,"enemies":"Exordium Wildlife","floor":13,"turns":5},{"damage":11,"enemies":"3 Sentries","floor":14,"turns":8},{"damage":42,"enemies":"The Guardian","floor":16,"turns":12},{"damage":17,"enemies":"2 Thieves","floor":18,"turns":4},{"damage":11,"enemies":"Chosen","floor":19,"turns":5},{"damage":7,"enemies":"Snecko","floor":20,"turns":4},{"damage":6,"enemies":"Snake Plant","floor":22,"turns":5},{"damage":7,"enemies":"Shelled Parasite and Fungi","floor":24,"turns":4},{"damage":5,"enemies":"Chosen and Byrds","floor":25,"turns":4},{"damage":15,"enemies":"Gremlin Leader","floor":28,"turns":5},{"damage":4,"enemies":"3 Cultists","floor":29,"turns":4},{"damage":6,"enemies":"Slavers","floor":30,"turns":5},{"damage":105,"enemies":"Automaton","floor":33,"turns":12}],"seed_played":"4615706276949552533","potions_obtained":[{"floor":1,"key":"SmokeBomb"},{"floor":3,"key":"Block Potion"},{"floor":11,"key":"SneckoOil"},{"floor":14,"key":"Regen Potion"},{"floor":20,"key":"Block Potion"},{"floor":22,"key":"Block Potion"},{"floor":30,"key":"SkillPotion"}],"is_trial":false,"path_per_floor":["M","?","M","M","?","R","E","R","T","R","M","E","M","E","R","B",null,"M","M","M","?","M","R","M","M","T","$","E","M","E","T","R","B"],"character_chosen":"THE_SILENT","items_purchased":["Lantern","MealTicket","Enlightenment","Violence"],"campfire_rested":5,"item_purchase_floors":[27,27,27,27],"current_hp_per_floor":[67,50,46,45,45,66,43,43,43,70,68,50,50,39,70,28,70,53,42,35,19,13,64,57,52,52,52,39,37,33,33,70,0],"gold":338,"neow_bonus":"HUNDRED_GOLD","is_prod":false,"is_daily":false,"chose_seed":false,"campfire_upgraded":1,"win_rate":0.0,"timestamp":1562011010,"path_taken":["M","?","M","M","?","R","E","R","T","R","M","E","M","E","R","BOSS","M","M","?","?","M","R","M","M","T","$","E","M","E","?","R","BOSS"],"build_version":"2019-01-23","purchased_purges":0,"victory":false,"max_hp_per_floor":[70,70,70,70,70,70,70,70,70,70,70,70,70,70,70,70,70,70,70,70,70,70,70,70,70,70,70,70,70,70,70,70,70],"card_choices":[{"not_picked":["Underhanded Strike","Dodge and Roll"],"picked":"Poisoned Stab","floor":1},{"not_picked":["Prepared","Bouncing Flask"],"picked":"Backflip","floor":3},{"not_picked":["Tactician","PiercingWail"],"picked":"Dagger Throw","floor":4},{"not_picked":["Heel Hook","Predator"],"picked":"Terror","floor":7},{"not_picked":["Distraction","Eviscerate"],"picked":"Crippling Poison","floor":11},{"not_picked":["Deflect","Well Laid Plans"],"picked":"Flying Knee","floor":12},{"not_picked":["Underhanded Strike","Backflip"],"picked":"Dagger Spray","floor":13},{"not_picked":["Backflip","Deadly Poison"],"picked":"Predator","floor":14},{"not_picked":["Burst","Glass Knife"],"picked":"Tools of the Trade","floor":16},{"not_picked":["Slice","Deadly Poison"],"picked":"PiercingWail","floor":18},{"not_picked":["PiercingWail","Deflect"],"picked":"Calculated Gamble+1","floor":19},{"not_picked":["PiercingWail","Quick Slash"],"picked":"Underhanded Strike+1","floor":20},{"not_picked":["PiercingWail","Quick Slash"],"picked":"Outmaneuver","floor":22},{"not_picked":["Outmaneuver","Venomology"],"picked":"Endless Agony","floor":24},{"not_picked":["Infinite Blades","Dagger Spray"],"picked":"Masterful Stab+1","floor":25},{"not_picked":["Deflect","Reflex"],"picked":"Outmaneuver","floor":28},{"not_picked":["Deflect","Dagger Throw"],"picked":"Outmaneuver+1","floor":29},{"not_picked":["Terror","Escape Plan"],"picked":"Cloak And Dagger+1","floor":30}],"player_experience":48406,"relics_obtained":[{"floor":7,"key":"Regal Pillow"},{"floor":9,"key":"Anchor"},{"floor":12,"key":"Pen Nib"},{"floor":14,"key":"Sundial"},{"floor":21,"key":"Necronomicon"},{"floor":26,"key":"Blood Vial"},{"floor":28,"key":"MawBank"},{"floor":30,"key":"Darkstone Periapt"},{"floor":31,"key":"Prayer Wheel"}],"event_choices":[{"damage_healed":0,"gold_gain":0,"player_choice":"Take Damage","damage_taken":17,"relics_obtained":["Golden Idol"],"max_hp_gain":0,"max_hp_loss":0,"event_name":"Golden Idol","floor":2,"gold_loss":0},{"damage_healed":0,"gold_gain":100,"player_choice":"Pray","damage_taken":0,"max_hp_gain":0,"max_hp_loss":0,"event_name":"Golden Shrine","floor":5,"gold_loss":0},{"damage_healed":0,"gold_gain":0,"player_choice":"Obtained Book","damage_taken":16,"max_hp_gain":0,"max_hp_loss":0,"event_name":"Cursed Tome","floor":21,"gold_loss":0}],"is_beta":false,"boss_relics":[{"not_picked":["Lizard Tail","Empty Cage"],"picked":"Eternal Feather"}],"items_purged_floors":[],"is_endless":false,"potions_floor_spawned":[1,3,11,14,20,22,25,30],"killed_by":"Automaton","ascension_level":0}