{"gold_per_floor":[114,114,40,40,54,80,80,138,165,180,200,200,217,63,63,140,140,159,170,60,79,79],"floor_reached":22,"playtime":1023,"items_purged":["Strike_G"],"score":442,"play_id":"ec15d704-89aa-47f4-b036-26287a2783e5","local_time":"20190805121712","is_ascension_mode":true,"campfire_choices":[{"data":"Accuracy","floor":7,"key":"SMITH"},{"floor":12,"key":"REST"},{"data":"Phantasmal Killer","floor":15,"key":"SMITH"}],"neow_cost":"NONE","seed_source_timestamp":1050344511802470,"circlet_count":0,"master_deck":["AscendersBane","Strike_G","Strike_G","Defend_G","Defend_G","Defend_G","Defend_G","Defend_G","Survivor","Neutralize","Accuracy+1","Cloak And Dagger","Outmaneuver","Flying Knee","Blade Dance","Cloak And Dagger","Dash","Phantasmal Killer+1","Dagger Spray","Infinite Blades","Wraith Form v2","Outmaneuver","Cloak And Dagger","Deflect","Noxious Fumes","Deflect"],"relics":["Ring of the Snake","NeowsBlessing","Oddly Smooth Stone","Tiny Chest","Lantern","Sozu"],"potions_floor_usage":[21],"damage_taken":[{"damage":0,"enemies":"2 Louse","floor":1,"turns":1},{"damage":0,"enemies":"Cultist","floor":5,"turns":1},{"damage":0,"enemies":"Lagavulin","floor":6,"turns":1},{"damage":31,"enemies":"3 Sentries","floor":8,"turns":12},{"damage":2,"enemies":"Small Slimes","floor":10,"turns":3},{"damage":0,"enemies":"2 Fungi Beasts","floor":11,"turns":5},{"damage":0,"enemies":"3 Louse","floor":13,"turns":4},{"damage":23,"enemies":"Hexaghost","floor":16,"turns":9},{"damage":7,"enemies":"Shell Parasite","floor":18,"turns":6},{"damage":20,"enemies":"Spheric Guardian","floor":19,"turns":6},{"damage":34,"enemies":"Snake Plant","floor":21,"turns":6},{"damage":10,"enemies":"Snecko","floor":22,"turns":4}],"seed_played":"-8123485453647806820","potions_obtained":[{"floor":1,"key":"SpeedPotion"},{"floor":5,"key":"Regen Potion"},{"floor":13,"key":"SteroidPotion"}],"is_trial":false,"path_per_floor":["M","?","$","?","M","E","R","E","T","M","M","R","M","$","R","B",null,"M","M","$","M","M"],"character_chosen":"THE_SILENT","items_purchased":["Cloak And Dagger","Outmaneuver","Infinite Blades","Deflect","Noxious Fumes"],"campfire_rested":1,"item_purchase_floors":[3,3,14,20,20],"current_hp_per_floor":[59,52,52,52,52,52,52,21,21,19,19,38,38,38,38,15,53,46,26,26,6,0],"gold":79,"neow_bonus":"THREE_ENEMY_KILL","is_prod":false,"is_daily":false,"chose_seed":false,"campfire_upgraded":2,"win_rate":0,"timestamp":1565032632,"path_taken":["M","?","$","?","?","E","R","E","T","M","M","R","M","$","R","BOSS","M","?","$","M","M"],"build_version":"2019-07-17","purchased_purges":1,"victory":false,"max_hp_per_floor":[66,66,66,66,66,66,66,66,66,66,66,66,66,66,66,66,66,66,66,66,66,66],"card_choices":[{"not_picked":["Prepared","Finisher"],"picked":"Accuracy","floor":1},{"not_picked":["Dagger Throw","Poisoned Stab"],"picked":"Flying Knee","floor":5},{"not_picked":["Endless Agony","Blur"],"picked":"Blade Dance","floor":6},{"not_picked":["Reflex","Deflect"],"picked":"Cloak And Dagger","floor":8},{"not_picked":["Masterful Stab","Distraction"],"picked":"Dash","floor":10},{"not_picked":["Backflip","PiercingWail"],"picked":"Phantasmal Killer","floor":11},{"not_picked":["PiercingWail","Flying Knee"],"picked":"Dagger Spray","floor":13},{"not_picked":["Unload","Malaise"],"picked":"Wraith Form v2","floor":16},{"not_picked":["Underhanded Strike","Concentrate"],"picked":"Outmaneuver","floor":18},{"not_picked":["Crippling Poison","Quick Slash"],"picked":"Cloak And Dagger","floor":19},{"not_picked":["Bouncing Flask","Underhanded Strike+1"],"picked":"Deflect","floor":21}],"player_experience":646945,"relics_obtained":[{"floor":6,"key":"Oddly Smooth Stone"},{"floor":8,"key":"Tiny Chest"},{"floor":9,"key":"Lantern"}],"event_choices":[{"cards_removed":["Strike_G"],"damage_healed":0,"gold_gain":0,"player_choice":"Card Removal","damage_taken":7,"max_hp_gain":0,"max_hp_loss":0,"event_name":"Golden Wing","floor":2,"gold_loss":0},{"cards_removed":["Strike_G"],"damage_healed":0,"gold_gain":0,"player_choice":"Purged","damage_taken":0,"max_hp_gain":0,"max_hp_loss":0,"event_name":"Purifier","floor":4,"gold_loss":0}],"is_beta":false,"boss_relics":[{"not_picked":["Ring of the Serpent","Fusion Hammer"],"picked":"Sozu"}],"items_purged_floors":[14],"is_endless":false,"potions_floor_spawned":[1,5,13,18,19],"killed_by":"Snecko","ascension_level":20}