{"gold_per_floor":[114,124,124,136,149,178,178,188,213,15,34,59,69,81,81,182,182,202,215,61,73,28,28,28],"floor_reached":24,"playtime":1936,"items_purged":[],"score":269,"play_id":"ed0d298d-0436-4459-9d97-95d63d612f82","local_time":"20190710123555","is_ascension_mode":true,"campfire_choices":[{"data":"Concentrate","floor":7,"key":"SMITH"},{"floor":15,"key":"REST"},{"floor":23,"key":"REST"}],"neow_cost":"NONE","seed_source_timestamp":697078008799598,"circlet_count":0,"master_deck":["Strike_G+1","Strike_G","Strike_G+1","Strike_G","Defend_G","Defend_G","Defend_G","Survivor","Neutralize","Deadly Poison","Underhanded Strike","Concentrate+1","PiercingWail","Sucker Punch","Corpse Explosion","Catalyst","Metamorphosis","Noxious Fumes","Noxious Fumes","Acrobatics","Deadly Poison","Venomology","Setup+1","Bane","Leg Sweep","Footwork","Deadly Poison","Bane"],"relics":["Ring of the Snake","Pear","Whetstone","Strawberry","Empty Cage"],"potions_floor_usage":[6,12,12,24,24,24],"damage_taken":[{"damage":2,"enemies":"Cultist","floor":1,"turns":5},{"damage":0,"enemies":"Jaw Worm","floor":2,"turns":4},{"damage":1,"enemies":"2 Louse","floor":4,"turns":3},{"damage":3,"enemies":"Blue Slaver","floor":5,"turns":4},{"damage":30,"enemies":"Gremlin Nob","floor":6,"turns":5},{"damage":3,"enemies":"Exordium Wildlife","floor":8,"turns":5},{"damage":8,"enemies":"Exordium Thugs","floor":11,"turns":3},{"damage":20,"enemies":"3 Sentries","floor":12,"turns":4},{"damage":0,"enemies":"2 Fungi Beasts","floor":13,"turns":3},{"damage":11,"enemies":"3 Louse","floor":14,"turns":2},{"damage":65,"enemies":"Slime Boss","floor":16,"turns":11},{"damage":42,"enemies":"Shell Parasite","floor":18,"turns":6},{"damage":7,"enemies":"Chosen","floor":19,"turns":4},{"damage":30,"enemies":"Snake Plant","floor":21,"turns":6},{"damage":45,"enemies":"Book of Stabbing","floor":24,"turns":7}],"seed_played":"-2717250721923097869","potions_obtained":[{"floor":5,"key":"GamblersBrew"},{"floor":6,"key":"AttackPotion"},{"floor":11,"key":"Explosive Potion"},{"floor":12,"key":"FairyPotion"},{"floor":14,"key":"Strength Potion"},{"floor":16,"key":"GamblersBrew"},{"floor":21,"key":"Block Potion"}],"is_trial":false,"path_per_floor":["M","M","?","M","M","E","R","M","T","$","M","E","M","M","R","B",null,"M","M","$","M","$","R","E"],"character_chosen":"THE_SILENT","items_purchased":["Catalyst","Metamorphosis","Leg Sweep","Footwork","Bane"],"campfire_rested":2,"item_purchase_floors":[10,10,20,20,22],"current_hp_per_floor":[75,75,75,74,71,51,51,48,48,48,40,27,27,16,44,3,94,52,45,45,15,15,43,0],"gold":28,"neow_bonus":"TEN_PERCENT_HP_BONUS","is_prod":false,"is_daily":false,"chose_seed":false,"campfire_upgraded":1,"win_rate":0,"timestamp":1562787355,"path_taken":["M","?","?","M","?","E","R","M","T","$","M","E","M","M","R","BOSS","M","M","$","M","$","R","E"],"build_version":"2019-07-05","purchased_purges":0,"victory":false,"max_hp_per_floor":[77,77,77,77,77,87,87,87,87,87,87,94,94,94,94,94,94,94,94,94,94,94,94,94],"card_choices":[{"not_picked":["Poisoned Stab","Dodge and Roll"],"picked":"Deadly Poison","floor":1},{"not_picked":["Deflect","Poisoned Stab"],"picked":"Underhanded Strike","floor":2},{"not_picked":["Distraction","Flechettes"],"picked":"Concentrate","floor":4},{"not_picked":["Dagger Spray","Concentrate"],"picked":"PiercingWail","floor":5},{"not_picked":["Quick Slash","Finisher"],"picked":"Sucker Punch","floor":6},{"not_picked":["Flying Knee","Dodge and Roll"],"picked":"Corpse Explosion","floor":8},{"not_picked":["Blade Dance","Flying Knee"],"picked":"Noxious Fumes","floor":11},{"not_picked":["Expertise","PiercingWail"],"picked":"Noxious Fumes","floor":12},{"not_picked":["Blade Dance","Prepared"],"picked":"Acrobatics","floor":13},{"not_picked":["Sucker Punch","Blade Dance"],"picked":"Deadly Poison","floor":14},{"not_picked":["Die Die Die","Wraith Form v2"],"picked":"Venomology","floor":16},{"not_picked":["Dagger Spray","Blur"],"picked":"Setup+1","floor":18},{"not_picked":["Escape Plan+1","Concentrate"],"picked":"Bane","floor":19},{"not_picked":["Sucker Punch+1","Deflect"],"picked":"Deadly Poison","floor":21}],"player_experience":184194,"relics_obtained":[{"floor":6,"key":"Pear"},{"floor":9,"key":"Whetstone"},{"floor":12,"key":"Strawberry"}],"event_choices":[{"cards_removed":["Defend_G"],"damage_healed":0,"gold_gain":0,"player_choice":"Purged","damage_taken":0,"max_hp_gain":0,"max_hp_loss":0,"event_name":"Purifier","floor":3,"gold_loss":0}],"is_beta":false,"boss_relics":[{"not_picked":["Philosopher\u0027s Stone","Calling Bell"],"picked":"Empty Cage"}],"items_purged_floors":[],"is_endless":false,"potions_floor_spawned":[5,6,11,12,14,16,19,21],"killed_by":"Book of Stabbing","ascension_level":3}