{"gold_per_floor":[116,116,135,135,135,135,167,187,187,205,82,101,134,165,177,292,304,333,345,369,39,50,50],"floor_reached":23,"playtime":1548,"items_purged":["Strike_R","Strike_R"],"score":233,"play_id":"d770c658-0218-47ce-8008-1ae110979e93","local_time":"20180826005400","is_ascension_mode":true,"campfire_choices":[{"data":"Shrug It Off","floor":6,"key":"SMITH"},{"data":"Shrug It Off","floor":15,"key":"SMITH"}],"neow_cost":"","seed_source_timestamp":722569097498780,"circlet_count":0,"master_deck":["Strike_R","Defend_R","Defend_R","Defend_R","Defend_R","Bash","Anger","Shrug It Off+1","Headbutt","Anger","Shrug It Off+1","Ghostly Armor","Demon Form","Warcry","Flame Barrier","Flash of Steel","Clash+1"],"relics":["Black Blood","Bag of Marbles","Pen Nib","Darkstone Periapt","MawBank","Oddly Smooth Stone"],"potions_floor_usage":[16,22,22,22],"damage_taken":[{"damage":1,"enemies":"Small Slimes","floor":1,"turns":4},{"damage":0,"enemies":"Jaw Worm","floor":3,"turns":3},{"damage":31,"enemies":"Lagavulin","floor":7,"turns":6},{"damage":1,"enemies":"Cultist","floor":8,"turns":3},{"damage":0,"enemies":"Large Slime","floor":10,"turns":5},{"damage":3,"enemies":"Looter","floor":12,"turns":2},{"damage":28,"enemies":"Gremlin Nob","floor":13,"turns":4},{"damage":5,"enemies":"Blue Slaver","floor":14,"turns":4},{"damage":25,"enemies":"Hexaghost","floor":16,"turns":9},{"damage":23,"enemies":"Shell Parasite","floor":18,"turns":7},{"damage":0,"enemies":"Chosen","floor":20,"turns":5},{"damage":17,"enemies":"Snecko","floor":22,"turns":4},{"damage":60,"enemies":"Gremlin Leader","floor":23,"turns":6}],"seed_played":"-5319415081388697865","potions_obtained":[{"floor":3,"key":"Strength Potion"},{"floor":8,"key":"Strength Potion"},{"floor":13,"key":"Fire Potion"},{"floor":14,"key":"Fire Potion"},{"floor":20,"key":"Poison Potion"}],"is_trial":false,"path_per_floor":["M","?","M","?","?","R","E","M","T","M","$","M","E","M","R","B",null,"M","?","M","$","M"],"character_chosen":"IRONCLAD","items_purchased":["Shrug It Off","Flash of Steel","Oddly Smooth Stone"],"campfire_rested":0,"item_purchase_floors":[11,21,21],"current_hp_per_floor":[80,73,79,79,79,79,54,59,59,65,65,68,46,47,47,28,80,67,52,62,62,55,0],"gold":50,"neow_bonus":"","is_prod":false,"is_daily":false,"chose_seed":false,"campfire_upgraded":2,"win_rate":0,"timestamp":1535237640,"path_taken":["M","?","M","?","?","R","E","M","T","?","?","M","E","M","R","BOSS","M","?","M","$","M","E"],"build_version":"2018-08-23v2","purchased_purges":2,"victory":false,"max_hp_per_floor":[80,80,80,80,80,80,80,80,80,80,80,80,80,80,80,80,80,80,85,85,85,85,85],"card_choices":[{"not_picked":["Thunderclap","Shrug It Off"],"picked":"Anger","floor":1},{"not_picked":["True Grit","Combust"],"picked":"Shrug It Off","floor":3},{"not_picked":["Blood for Blood","Inflame"],"picked":"Headbutt","floor":7},{"not_picked":["Iron Wave","Clash"],"picked":"Anger","floor":8},{"not_picked":["Hemokinesis","Perfected Strike","Body Slam"],"picked":"SKIP","floor":10},{"not_picked":["Juggernaut","Perfected Strike"],"picked":"Ghostly Armor","floor":12},{"not_picked":["Clothesline","Corruption","True Grit"],"picked":"SKIP","floor":13},{"not_picked":["Wild Strike","Pommel Strike","Shockwave"],"picked":"SKIP","floor":14},{"not_picked":["Berserk","Feed"],"picked":"Demon Form","floor":16},{"not_picked":["Thunderclap","Burning Pact"],"picked":"Warcry","floor":18},{"not_picked":["Pummel","Twin Strike+1"],"picked":"Flame Barrier","floor":20},{"not_picked":["Sever Soul","Havoc"],"picked":"Clash+1","floor":22}],"player_experience":381615,"relics_obtained":[{"floor":7,"key":"Pen Nib"},{"floor":9,"key":"Darkstone Periapt"},{"floor":13,"key":"MawBank"}],"event_choices":[{"event_name":"Golden Wing","player_choice":"Card Removal","floor":2,"damage_taken":0},{"event_name":"Accursed Blacksmith","player_choice":"Rummage","floor":4,"damage_taken":0},{"event_name":"Living Wall","player_choice":"Forget","floor":5,"damage_taken":0},{"event_name":"Forgotten Altar","player_choice":"Shed Blood","floor":19,"damage_taken":0}],"is_beta":false,"boss_relics":[{"not_picked":["Velvet Choker","Ectoplasm"],"picked":"Black Blood"}],"items_purged_floors":[11,21],"is_endless":false,"potions_floor_spawned":[3,8,13,14,20],"killed_by":"Gremlin Leader","ascension_level":3}