{"gold_per_floor":[112,112,62,62,62,62,115,115,190,190,210,226,244,254,254,359,359,369,381,392,0,14,30,30,30,30,55,67,149,177,200,212,325,387,416,439,451,463,485,497,525,547,634,646,676,688,16,35,35,35],"floor_reached":50,"playtime":7916,"items_purged":["Strike_G"],"score":590,"play_id":"1a811351-9da4-4d40-94b6-6c24871799b7","local_time":"20180731191230","is_ascension_mode":false,"campfire_choices":[{"data":"Choke","floor":6,"key":"SMITH"},{"data":"Survivor","floor":8,"key":"SMITH"},{"data":"Choke","floor":10,"key":"SMITH"},{"data":"PiercingWail","floor":15,"key":"SMITH"},{"floor":24,"key":"REST"},{"floor":32,"key":"REST"},{"floor":40,"key":"REST"},{"floor":44,"key":"REST"},{"floor":49,"key":"REST"}],"neow_cost":"NONE","seed_source_timestamp":194592068500684,"circlet_count":0,"master_deck":["Defend_G+1","Defend_G","Defend_G","Strike_G+1","Strike_G+1","Strike_G","Survivor+1","Neutralize+1","Choke+1","Choke+1","PiercingWail+1","Outmaneuver","Die Die Die","Infinite Blades+1","Unload","Acrobatics+1","Backstab+1","PiercingWail","Enlightenment","Deflect","Quick Slash","Predator","Sucker Punch","Well Laid Plans+1","Poisoned Stab","Die Die Die","PiercingWail","Poisoned Stab+1","Blur","Madness","Madness","Bane+1","Dagger Throw","PiercingWail+1","PiercingWail","Dodge and Roll+1","Predator","Good Instincts","Quick Slash","Backstab+1"],"relics":["Velvet Choker","CultistMask","Whetstone","Frozen Egg 2","Lizard Tail","Happy Flower","MawBank","Ice Cream","Dodecahedron","Tiny House","Mercury Hourglass","Thread and Needle","TwistedFunnel"],"potions_floor_usage":[13,14,19,30,30,33,33,35,42,45,48,50,50],"damage_taken":[{"damage":0,"enemies":"2 Louse","floor":1,"turns":3},{"damage":0,"enemies":"Small Slimes","floor":11,"turns":2},{"damage":0,"enemies":"Cultist","floor":12,"turns":2},{"damage":2,"enemies":"3 Louse","floor":13,"turns":2},{"damage":0,"enemies":"Exordium Wildlife","floor":14,"turns":2},{"damage":0,"enemies":"Hexaghost","floor":16,"turns":7},{"damage":10,"enemies":"3 Byrds","floor":18,"turns":4},{"damage":10,"enemies":"2 Thieves","floor":19,"turns":3},{"damage":7,"enemies":"Slaver and Parasite","floor":20,"turns":5},{"damage":6,"enemies":"Chosen and Byrds","floor":22,"turns":5},{"damage":5,"enemies":"Centurion and Healer","floor":23,"turns":4},{"damage":12,"enemies":"3 Cultists","floor":27,"turns":4},{"damage":0,"enemies":"Snecko","floor":30,"turns":2},{"damage":16,"enemies":"Snake Plant","floor":31,"turns":3},{"damage":42,"enemies":"Collector","floor":33,"turns":11},{"damage":13,"enemies":"Orb Walker","floor":35,"turns":4},{"damage":4,"enemies":"Flame Bruiser 1 Orb","floor":36,"turns":5},{"damage":36,"enemies":"Transient","floor":39,"turns":5},{"damage":0,"enemies":"Maw","floor":41,"turns":8},{"damage":20,"enemies":"4 Shapes","floor":42,"turns":5},{"damage":3,"enemies":"3 Darklings","floor":45,"turns":3},{"damage":0,"floor":46,"turns":7},{"damage":0,"enemies":"Flame Bruiser 2 Orb","floor":48,"turns":4},{"damage":114,"enemies":"Time Eater","floor":50,"turns":12}],"seed_played":"-7282326703658256562","potions_obtained":[{"floor":1,"key":"Fire Potion"},{"floor":13,"key":"GamblersBrew"},{"floor":14,"key":"Explosive Potion"},{"floor":20,"key":"Energy Potion"},{"floor":22,"key":"FearPotion"},{"floor":23,"key":"Strength Potion"},{"floor":31,"key":"SneckoOil"},{"floor":34,"key":"Block Potion"},{"floor":36,"key":"Poison Potion"},{"floor":42,"key":"Block Potion"}],"is_trial":false,"path_per_floor":["M","?","?","?","?","R","T","R","T","R","M","M","M","M","R","B",null,"M","M","M","$","M","M","R","?","T","M","T","T","M","M","R","B",null,"M","M","?","?","M","R","M","M","T","R","M","?","$","M","R"],"character_chosen":"THE_SILENT","items_purchased":["Happy Flower","Enlightenment","Deflect","TwistedFunnel","PowerPotion","Regen Potion","Predator","Good Instincts","Quick Slash","GamblersBrew"],"campfire_rested":5,"item_purchase_floors":[21,21,21,47,47,47,47,47,47,47],"current_hp_per_floor":[70,56,56,56,56,56,56,56,56,56,56,56,54,54,54,54,70,60,50,43,43,37,32,53,53,53,41,41,41,41,25,46,4,75,62,58,58,49,13,35,35,15,15,37,34,34,34,34,56,0],"gold":35,"neow_bonus":"BOSS_RELIC","is_prod":false,"is_daily":false,"chose_seed":false,"campfire_upgraded":4,"win_rate":0.0,"timestamp":1533057150,"path_taken":["M","?","?","?","?","R","?","R","T","R","M","M","?","M","R","BOSS","M","M","?","$","M","M","R","?","T","M","?","?","M","?","R","BOSS","M","M","?","?","?","R","M","M","T","R","M","?","$","M","R","BOSS"],"build_version":"2018-07-26","purchased_purges":1,"victory":false,"max_hp_per_floor":[70,70,70,70,70,70,70,70,70,70,70,70,70,70,70,70,70,70,70,70,70,70,70,70,70,70,70,70,70,70,70,70,70,75,75,75,75,75,75,75,75,75,75,75,75,75,75,75,75,75],"card_choices":[{"not_picked":["Riddle With Holes","Deflect"],"picked":"Choke","floor":1},{"not_picked":["Outmaneuver","Flying Knee"],"picked":"PiercingWail","floor":11},{"not_picked":["Reflex","Catalyst"],"picked":"Outmaneuver","floor":12},{"not_picked":["Underhanded Strike","Bane"],"picked":"Die Die Die","floor":13},{"not_picked":["Calculated Gamble","Underhanded Strike"],"picked":"Infinite Blades+1","floor":14},{"not_picked":["Bullet Time","After Image+1"],"picked":"Unload","floor":16},{"not_picked":["Flechettes","Heel Hook"],"picked":"Acrobatics","floor":18},{"not_picked":["Cloak And Dagger","Poisoned Stab+1"],"picked":"Backstab+1","floor":19},{"not_picked":["Deadly Poison","Skewer+1"],"picked":"PiercingWail","floor":20},{"not_picked":["Heel Hook","Well Laid Plans+1"],"picked":"Quick Slash","floor":22},{"not_picked":["Flechettes","Bouncing Flask"],"picked":"Predator","floor":23},{"not_picked":["Caltrops+1","Riddle With Holes"],"picked":"Sucker Punch","floor":27},{"not_picked":["Bane","Outmaneuver+1"],"picked":"Well Laid Plans+1","floor":30},{"not_picked":["Wraith Form v2+1","Underhanded Strike"],"picked":"Poisoned Stab","floor":31},{"not_picked":["Burst","Venomology"],"picked":"Die Die Die","floor":33},{"not_picked":["Choke","Slice+1"],"picked":"PiercingWail","floor":34},{"not_picked":["Infinite Blades+1","Deadly Poison+1"],"picked":"Poisoned Stab+1","floor":35},{"not_picked":["Acrobatics+1","Slice+1"],"picked":"Blur","floor":36},{"not_picked":["Tactician","Dagger Throw"],"picked":"Bane+1","floor":39},{"not_picked":["Night Terror","Quick Slash"],"picked":"Dagger Throw","floor":41},{"not_picked":["Footwork+1","Sucker Punch"],"picked":"PiercingWail+1","floor":42},{"not_picked":["Accuracy+1","Acrobatics+1"],"picked":"PiercingWail","floor":45},{"not_picked":["Bane","Outmaneuver+1"],"picked":"Dodge and Roll+1","floor":46},{"not_picked":["Underhanded Strike","Doppelganger"],"picked":"Backstab+1","floor":48}],"player_experience":78317,"relics_obtained":[{"floor":7,"key":"Whetstone"},{"floor":9,"key":"Frozen Egg 2"},{"floor":26,"key":"MawBank"},{"floor":28,"key":"Ice Cream"},{"floor":29,"key":"Dodecahedron"},{"floor":43,"key":"Mercury Hourglass"},{"floor":46,"key":"Thread and Needle"}],"event_choices":[{"event_name":"Shining Light","player_choice":"Entered Light","floor":2,"damage_taken":0},{"event_name":"The Cleric","player_choice":"Card Removal","floor":3,"damage_taken":0},{"event_name":"Living Wall","player_choice":"Change","floor":4,"damage_taken":0},{"event_name":"FaceTrader","player_choice":"Trade","floor":5,"damage_taken":0},{"event_name":"Drug Dealer","player_choice":"Ignored","floor":25,"damage_taken":0},{"event_name":"Purifier","player_choice":"One Purge","floor":37,"damage_taken":0},{"event_name":"Winding Halls","player_choice":"Embrace Madness","floor":38,"damage_taken":0},{"event_name":"MindBloom","player_choice":"Fight","floor":46,"damage_taken":0}],"is_beta":false,"boss_relics":[{"not_picked":["Fusion Hammer","Busted Crown"],"picked":"Lizard Tail"},{"not_picked":["Empty Cage","Eternal Feather"],"picked":"Tiny House"}],"items_purged_floors":[47],"is_endless":false,"potions_floor_spawned":[1,13,14,20,22,23,31,36,42],"killed_by":"Time Eater","ascension_level":0}