{"gold_per_floor":[119,139,139,159,55,80,80,114,137,137],"floor_reached":10,"playtime":369,"items_purged":["Strike_G"],"score":141,"play_id":"828e4b51-be11-4726-b88c-36a7d5fa8a25","local_time":"20190731133136","is_ascension_mode":true,"campfire_choices":[{"data":"Acrobatics","floor":7.0,"key":"SMITH"}],"neow_cost":"NONE","seed_source_timestamp":623290271489472,"circlet_count":0,"master_deck":["AscendersBane","Strike_G","Strike_G","Strike_G","Strike_G","Defend_G","Defend_G","Defend_G","Defend_G","Defend_G","Survivor","Neutralize","Tactician+1","Acrobatics","Dagger Throw","Sucker Punch","Acrobatics+1","Predator"],"special_seed":0,"relics":["Ring of the Snake","NeowsBlessing","Dream Catcher","Strawberry","PreservedInsect"],"potions_floor_usage":[8],"damage_taken":[{"damage":0.0,"enemies":"Jaw Worm","floor":1.0,"turns":1.0},{"damage":0.0,"enemies":"Small Slimes","floor":2.0,"turns":1.0},{"damage":0.0,"enemies":"Cultist","floor":4.0,"turns":1.0},{"damage":28.0,"enemies":"Gremlin Nob","floor":6.0,"turns":5.0},{"damage":28,"enemies":"Lagavulin","floor":8,"turns":8},{"damage":19,"enemies":"Gremlin Nob","floor":10,"turns":4}],"seed_played":"2069468329741496121","potions_obtained":[{"floor":1.0,"key":"GhostInAJar"},{"floor":6.0,"key":"AttackPotion"}],"is_trial":false,"path_per_floor":["M","M","?","M","$","E","R","E","T","E"],"character_chosen":"THE_SILENT","items_purchased":["Sucker Punch"],"campfire_rested":0,"item_purchase_floors":[5],"current_hp_per_floor":[59,59,59,59,59,31,31,10,10,0],"gold":137,"neow_bonus":"THREE_ENEMY_KILL","is_prod":false,"is_daily":false,"chose_seed":false,"campfire_upgraded":1,"win_rate":0,"timestamp":1564605096,"path_taken":["M","M","?","M","$","E","R","E","T","E"],"build_version":"2019-07-17","purchased_purges":1,"victory":false,"max_hp_per_floor":[66,66,66,66,66,66,66,73,73,73],"card_choices":[{"not_picked":["Riddle With Holes","Dash"],"picked":"Tactician","floor":1.0},{"not_picked":["Poisoned Stab","Slice"],"picked":"Acrobatics","floor":2.0},{"not_picked":["Blur","Cloak And Dagger"],"picked":"Dagger Throw","floor":4.0},{"not_picked":["Flechettes","Predator"],"picked":"Acrobatics","floor":6.0},{"not_picked":["Eviscerate","Deflect"],"picked":"Predator","floor":8}],"player_experience":586350,"relics_obtained":[{"floor":6.0,"key":"Dream Catcher"},{"floor":8,"key":"Strawberry"},{"floor":9,"key":"PreservedInsect"}],"event_choices":[{"damage_healed":0.0,"max_hp_gain":0.0,"max_hp_loss":0.0,"gold_gain":0.0,"event_name":"Living Wall","player_choice":"Grow","floor":3.0,"gold_loss":0.0,"damage_taken":0.0,"cards_upgraded":["Tactician"]}],"is_beta":false,"boss_relics":[],"items_purged_floors":[5],"is_endless":false,"potions_floor_spawned":[1,6],"killed_by":"Gremlin Nob","ascension_level":17}