{"gold_per_floor":[112,62,73,148,148,148,174,191,191,59,59,30,30,46,46,151,151,165,183,183,32,32,32,64,82,152,152,152,162,195,210,210,308,308,328,328,345,151,161,190,190,219,242,257,257,16,16,32,32,32],"floor_reached":51,"playtime":4516,"items_purged":["Pain"],"score":887,"play_id":"b791db1b-bb44-4e6b-9a29-d0d91cc19397","local_time":"20180919160827","is_ascension_mode":true,"campfire_choices":[{"floor":6,"key":"REST"},{"floor":11,"key":"REST"},{"data":"Static Discharge","floor":13,"key":"SMITH"},{"data":"Electrodynamics","floor":15,"key":"SMITH"},{"data":"Loop","floor":23,"key":"SMITH"},{"data":"Loop","floor":27,"key":"SMITH"},{"floor":32,"key":"REST"},{"data":"Buffer","floor":41,"key":"SMITH"},{"data":"Secret Technique","floor":45,"key":"SMITH"},{"data":"Go for the Eyes","floor":49,"key":"SMITH"}],"neow_cost":"PERCENT_DAMAGE","seed_source_timestamp":63495572720429,"circlet_count":0,"master_deck":["Strike_B","Strike_B","Strike_B","Defend_B+1","Defend_B","Defend_B","Zap","Dualcast","Ball Lightning","Sweeping Beam","Stack","Capacitor","Hello World","Loop+1","Stack","Static Discharge+1","Electrodynamics+1","Fission+1","Conserve Battery+1","Fusion+1","Echo Form","Cold Snap+1","Loop+1","Redo","Conserve Battery","Ball Lightning","Buffer+1","Force Field+1","Secret Technique+1","Thinking Ahead","Master of Strategy","Fission+1","Conserve Battery","Doom and Gloom","Sweeping Beam+1","Steam+1","Go for the Eyes+1"],"relics":["Cracked Core","WarpedTongs","Bird Faced Urn","Inserter","Nloth\u0027s Gift","Lantern","Mercury Hourglass","Shuriken","Philosopher\u0027s Stone","War Paint","Darkstone Periapt","Gambling Chip","Happy Flower","Ornamental Fan"],"potions_floor_usage":[25,29,31,33,33,39,42,50,50,50],"damage_taken":[{"damage":1,"enemies":"Cultist","floor":1,"turns":3},{"damage":3,"enemies":"Small Slimes","floor":3,"turns":2},{"damage":45,"enemies":"Lagavulin","floor":7,"turns":5},{"damage":3,"enemies":"2 Louse","floor":8,"turns":1},{"damage":1,"enemies":"2 Fungi Beasts","floor":14,"turns":4},{"damage":35,"enemies":"The Guardian","floor":16,"turns":9},{"damage":20,"enemies":"Chosen","floor":18,"turns":5},{"damage":22,"enemies":"Spheric Guardian","floor":19,"turns":4},{"damage":22,"enemies":"Gremlin Leader","floor":24,"turns":5},{"damage":16,"enemies":"Centurion and Healer","floor":25,"turns":5},{"damage":0,"enemies":"3 Cultists","floor":29,"turns":3},{"damage":0,"enemies":"Slavers","floor":30,"turns":2},{"damage":24,"enemies":"Snake Plant","floor":31,"turns":2},{"damage":30,"enemies":"Collector","floor":33,"turns":6},{"damage":11,"enemies":"3 Shapes","floor":35,"turns":3},{"damage":10,"enemies":"Orb Walker","floor":37,"turns":4},{"damage":0,"enemies":"Transient","floor":39,"turns":5},{"damage":10,"enemies":"Giant Head","floor":40,"turns":8},{"damage":15,"enemies":"Nemesis","floor":42,"turns":7},{"damage":18,"enemies":"3 Darklings","floor":44,"turns":3},{"damage":1,"enemies":"Sphere and 2 Shapes","floor":48,"turns":3},{"damage":56,"enemies":"Awakened One","floor":50,"turns":13}],"seed_played":"2424242677447760377","potions_obtained":[{"floor":1,"key":"GamblersBrew"},{"floor":16,"key":"FocusPotion"},{"floor":24,"key":"PowerPotion"},{"floor":25,"key":"Fruit Juice"},{"floor":30,"key":"LiquidBronze"},{"floor":33,"key":"EssenceOfSteel"},{"floor":35,"key":"Dexterity Potion"},{"floor":40,"key":"SneckoOil"},{"floor":42,"key":"LiquidBronze"},{"floor":44,"key":"Ancient Potion"}],"is_trial":false,"path_per_floor":["M","?","M","?","?","R","E","M","T","$","R","$","R","M","R","B",null,"M","M","?","$","?","R","E","M","T","R","?","M","E","M","R","B",null,"M","?","M","$","M","E","R","E","T","M","R","$","?","M","R","B"],"character_chosen":"DEFECT","items_purchased":["Loop","Stack","Static Discharge","Echo Form","Conserve Battery","War Paint","Ornamental Fan"],"campfire_rested":3,"item_purchase_floors":[10,10,12,21,38,38,46],"current_hp_per_floor":[53,53,50,39,39,61,16,13,13,13,35,35,35,42,42,17,75,59,47,47,47,47,47,33,35,35,35,35,46,48,28,52,36,80,73,63,59,59,75,70,70,65,65,57,57,57,57,68,68,28],"gold":32,"neow_bonus":"TRANSFORM_TWO_CARDS","is_prod":false,"is_daily":false,"chose_seed":false,"campfire_upgraded":7,"win_rate":0,"timestamp":1537366107,"path_taken":["M","?","M","?","?","R","E","?","T","?","R","$","R","?","R","BOSS","M","M","?","$","?","R","E","M","T","R","?","M","E","M","R","BOSS","M","?","?","$","M","E","R","E","T","M","R","$","?","M","R","BOSS"],"build_version":"2018-09-06","purchased_purges":1,"victory":true,"max_hp_per_floor":[75,75,75,75,75,75,75,75,75,75,75,75,75,75,75,75,75,75,75,75,75,75,75,75,75,75,75,75,80,80,80,80,80,80,80,80,80,80,80,80,80,80,80,80,80,80,80,80,80,80],"card_choices":[{"not_picked":["Consume","Turbo"],"picked":"Sweeping Beam","floor":1},{"not_picked":["Turbo","Beam Cell"],"picked":"Stack","floor":3},{"not_picked":["Coolheaded","Chill"],"picked":"Capacitor","floor":7},{"not_picked":["Hologram","Compile Driver"],"picked":"Hello World","floor":8},{"not_picked":["Skim","White Noise"],"picked":"Electrodynamics","floor":14},{"not_picked":["Biased Cognition","Electrodynamics"],"picked":"Fission","floor":16},{"not_picked":["Beam Cell","Compile Driver"],"picked":"Conserve Battery+1","floor":18},{"not_picked":["Leap","Glacier"],"picked":"Fusion+1","floor":19},{"not_picked":["Conserve Battery","Sweeping Beam"],"picked":"Cold Snap+1","floor":24},{"not_picked":["Hologram","Turbo"],"picked":"Loop","floor":25},{"not_picked":["Leap","Melter+1"],"picked":"Redo","floor":29},{"not_picked":["Multi-Cast","Blizzard"],"picked":"Conserve Battery","floor":30},{"not_picked":["Conserve Battery","Go for the Eyes+1"],"picked":"Ball Lightning","floor":31},{"not_picked":["Machine Learning","Core Surge"],"picked":"Buffer","floor":33},{"not_picked":["Conserve Battery","Hologram+1"],"picked":"Force Field+1","floor":35},{"not_picked":["Secret Weapon","Deep Breath"],"picked":"Secret Technique","floor":36},{"not_picked":["Enlightenment","Madness"],"picked":"Thinking Ahead","floor":36},{"not_picked":["Flash of Steel","PanicButton"],"picked":"Master of Strategy","floor":36},{"not_picked":["Heatsinks","Beam Cell+1"],"picked":"Fission","floor":37},{"not_picked":["Gash+1","Go for the Eyes"],"picked":"Doom and Gloom","floor":39},{"not_picked":["Seek","Machine Learning"],"picked":"Sweeping Beam+1","floor":40},{"not_picked":["Seek","Self Repair"],"picked":"Steam+1","floor":42},{"not_picked":["Compile Driver","Conserve Battery","All For One"],"picked":"SKIP","floor":44},{"not_picked":["Beam Cell+1","Conserve Battery"],"picked":"Go for the Eyes","floor":48}],"player_experience":487839,"relics_obtained":[{"floor":7,"key":"Bird Faced Urn"},{"floor":9,"key":"The Courier"},{"floor":24,"key":"Lantern"},{"floor":26,"key":"Mercury Hourglass"},{"floor":30,"key":"Shuriken"},{"floor":40,"key":"Darkstone Periapt"},{"floor":42,"key":"Gambling Chip"},{"floor":43,"key":"Happy Flower"}],"event_choices":[{"event_name":"The Cleric","player_choice":"Card Removal","floor":2,"damage_taken":0},{"event_name":"World of Goop","player_choice":"Gather Gold","floor":4,"damage_taken":0},{"event_name":"Accursed Blacksmith","player_choice":"Rummage","floor":5,"damage_taken":0},{"event_name":"N\u0027loth","player_choice":"Traded a The Courier","floor":20,"damage_taken":0},{"event_name":"Upgrade Shrine","player_choice":"Upgraded","floor":22,"damage_taken":0},{"event_name":"Forgotten Altar","player_choice":"Smashed Altar","floor":28,"damage_taken":0},{"event_name":"SensoryStone","player_choice":"Memory 3","floor":36,"damage_taken":0},{"event_name":"Fountain of Cleansing","player_choice":"Removed Curse","floor":47,"damage_taken":0}],"is_beta":false,"boss_relics":[{"not_picked":["Orrery","Coffee Dripper"],"picked":"Inserter"},{"not_picked":["Pandora\u0027s Box","Runic Pyramid"],"picked":"Philosopher\u0027s Stone"}],"items_purged_floors":[10],"is_endless":false,"potions_floor_spawned":[1,16,24,25,30,33,35,40,42,44],"ascension_level":4}