{"gold_per_floor":[115,190,190,47,61,94,107,107,107,107,151,165,190,228,228,349,349,368,223,223,238,261,299,322,322,322,343,443,462,462,266,266,396,396,416,93,93,93,93,93,124,124,181,181,199,218,43,64,64,64],"floor_reached":51,"playtime":3332,"items_purged":["Pain","Reckless Charge","Clothesline","Bash","Dropkick"],"score":993,"play_id":"5bf6ee72-d422-4f32-8ca7-a8e98b23a969","local_time":"20180904211907","is_ascension_mode":true,"campfire_choices":[{"data":"Havoc","floor":8,"key":"SMITH"},{"data":"Havoc","floor":15,"key":"SMITH"},{"data":"Havoc","floor":25,"key":"SMITH"},{"data":"Havoc","floor":30,"key":"SMITH"},{"floor":32,"key":"REST"},{"data":"True Grit","floor":40,"key":"SMITH"},{"data":"True Grit","floor":42,"key":"SMITH"},{"data":"Seeing Red","floor":49,"key":"SMITH"}],"neow_cost":"CURSE","seed_source_timestamp":1571976726348450,"circlet_count":0,"master_deck":["Metallicize","Clash","Anger","Flex","Havoc+1","Headbutt","Anger","Rage","Metallicize","Havoc+1","Double Tap","Cleave","Armaments","Twin Strike","Havoc+1","Havoc+1","Warcry+1","Flex+1","Heavy Blade","Intimidate+1","Flex","Seeing Red+1","Double Tap","Anger","Metallicize","True Grit+1","Seeing Red","Flex","Havoc+1","Flex"],"relics":["Burning Blood","Golden Idol","Bag of Preparation","Shuriken","Unceasing Top","Omamori","Pandora\u0027s Box","Bottled Lightning","Mercury Hourglass","Cursed Key","Bottled Tornado","Tiny Chest"],"potions_floor_usage":[14,16,16,18,23,27,29,50,50],"damage_taken":[{"damage":12,"enemies":"2 Louse","floor":1,"turns":4},{"damage":0,"enemies":"Jaw Worm","floor":5,"turns":3},{"damage":27,"enemies":"3 Sentries","floor":6,"turns":12},{"damage":0,"enemies":"Cultist","floor":7,"turns":3},{"damage":22,"enemies":"Gremlin Nob","floor":11,"turns":4},{"damage":0,"enemies":"Looter","floor":12,"turns":2},{"damage":0,"enemies":"Blue Slaver","floor":13,"turns":2},{"damage":0,"enemies":"3 Sentries","floor":14,"turns":6},{"damage":11,"enemies":"The Guardian","floor":16,"turns":5},{"damage":0,"enemies":"Chosen","floor":18,"turns":4},{"damage":10,"enemies":"Spheric Guardian","floor":21,"turns":4},{"damage":1,"enemies":"Snecko","floor":22,"turns":3},{"damage":42,"enemies":"Slavers","floor":23,"turns":7},{"damage":28,"enemies":"Cultist and Chosen","floor":24,"turns":7},{"damage":0,"enemies":"Centurion and Healer","floor":27,"turns":3},{"damage":7,"enemies":"Snecko","floor":29,"turns":4},{"damage":25,"enemies":"Collector","floor":33,"turns":4},{"damage":11,"enemies":"3 Shapes","floor":35,"turns":2},{"damage":3,"enemies":"Nemesis","floor":41,"turns":3},{"damage":4,"enemies":"Orb Walker","floor":45,"turns":2},{"damage":7,"enemies":"3 Darklings","floor":46,"turns":3},{"damage":0,"enemies":"Maw","floor":48,"turns":3},{"damage":0,"enemies":"Donu and Deca","floor":50,"turns":2}],"seed_played":"2668970418832410538","potions_obtained":[{"floor":1,"key":"Dexterity Potion"},{"floor":11,"key":"EssenceOfSteel"},{"floor":12,"key":"GamblersBrew"},{"floor":13,"key":"PowerPotion"},{"floor":14,"key":"Block Potion"},{"floor":18,"key":"Block Potion"},{"floor":24,"key":"Energy Potion"},{"floor":27,"key":"Block Potion"},{"floor":29,"key":"Ancient Potion"},{"floor":35,"key":"LiquidBronze"},{"floor":46,"key":"FearPotion"}],"is_trial":false,"path_per_floor":["M","?","?","$","M","E","M","R","T","?","E","M","M","E","R","B",null,"M","$","?","M","M","E","M","R","T","M","?","M","R","$","R","B",null,"M","$","?","?","$","R","E","R","T","?","M","M","$","M","R","B"],"character_chosen":"IRONCLAD","items_purchased":["Anger","True Grit","Havoc","Seeing Red","Anger","Metallicize","True Grit"],"campfire_rested":1,"item_purchase_floors":[4,4,19,31,36,36,36],"current_hp_per_floor":[74,63,63,63,69,48,54,54,54,54,38,44,50,56,56,51,74,74,74,74,70,74,38,16,16,16,22,22,21,21,21,43,24,74,69,69,69,69,69,69,72,72,72,72,74,73,73,74,74,74],"gold":64,"neow_bonus":"TRANSFORM_TWO_CARDS","is_prod":false,"is_daily":false,"chose_seed":false,"campfire_upgraded":7,"win_rate":0,"timestamp":1536088747,"path_taken":["M","?","?","$","M","E","M","R","T","?","E","M","?","E","R","BOSS","M","$","?","M","M","E","M","R","T","?","?","M","R","$","R","BOSS","M","$","?","?","$","R","E","R","T","?","M","M","$","M","R","BOSS"],"build_version":"2018-08-30","purchased_purges":5,"victory":true,"max_hp_per_floor":[80,80,74,74,74,74,74,74,74,74,74,74,74,74,74,74,74,74,74,74,74,74,74,74,74,74,74,74,74,74,74,74,74,74,74,74,74,74,74,74,74,74,74,74,74,74,74,74,74,74],"card_choices":[{"not_picked":["Warcry","Cleave"],"picked":"Clash","floor":1},{"not_picked":["Perfected Strike","Armaments"],"picked":"Flex","floor":5},{"not_picked":["Heavy Blade","Sever Soul"],"picked":"Havoc","floor":6},{"not_picked":["Impervious","Armaments"],"picked":"Headbutt","floor":7},{"not_picked":["Rampage","Feed"],"picked":"Anger","floor":11},{"not_picked":["Rupture","Wild Strike"],"picked":"Rage","floor":12},{"not_picked":["Shrug It Off","Armaments"],"picked":"Metallicize","floor":13},{"not_picked":["Iron Wave","Flex"],"picked":"Havoc","floor":14},{"not_picked":["Immolate","Bludgeon"],"picked":"Double Tap","floor":16},{"not_picked":["Perfected Strike","Clash"],"picked":"Havoc","floor":18},{"not_picked":["True Grit","Clothesline"],"picked":"Warcry+1","floor":21},{"not_picked":["Heavy Blade","Rampage"],"picked":"Flex+1","floor":22},{"not_picked":["Shrug It Off","Power Through"],"picked":"Heavy Blade","floor":23},{"not_picked":["Clothesline","Thunderclap+1","Searing Blow"],"picked":"SKIP","floor":24},{"not_picked":["Body Slam","Cleave"],"picked":"Intimidate+1","floor":27},{"not_picked":["Anger","Cleave"],"picked":"Flex","floor":29},{"not_picked":["Dark Embrace","Barricade"],"picked":"Double Tap","floor":33},{"not_picked":["Armaments","Disarm","Twin Strike"],"picked":"SKIP","floor":35},{"not_picked":["Pommel Strike+1","Second Wind+1"],"picked":"Flex","floor":41},{"not_picked":["Armaments+1","Sentinel+1"],"picked":"Havoc+1","floor":45},{"not_picked":["Cleave+1","Anger"],"picked":"Flex","floor":46},{"not_picked":["Inflame","Sever Soul","Ghostly Armor+1"],"picked":"SKIP","floor":48}],"player_experience":434448,"relics_obtained":[{"floor":6,"key":"Bag of Preparation"},{"floor":9,"key":"Shuriken"},{"floor":11,"key":"Unceasing Top"},{"floor":14,"key":"Omamori"},{"floor":23,"key":"Bottled Lightning"},{"floor":26,"key":"Mercury Hourglass"},{"floor":41,"key":"Bottled Tornado"},{"floor":43,"key":"Tiny Chest"}],"event_choices":[{"event_name":"World of Goop","player_choice":"Gather Gold","floor":2,"damage_taken":0},{"event_name":"Golden Idol","player_choice":"Lose Max HP","floor":3,"damage_taken":0},{"event_name":"Living Wall","player_choice":"Forget","floor":10,"damage_taken":0},{"event_name":"Back to Basics","player_choice":"Elegance","floor":20,"damage_taken":0},{"event_name":"Golden Shrine","player_choice":"Pray","floor":28,"damage_taken":0},{"event_name":"Duplicator","player_choice":"One dupe","floor":37,"damage_taken":0},{"event_name":"Tomb of Lord Red Mask","player_choice":"Ignored","floor":38,"damage_taken":0},{"event_name":"Falling","player_choice":"Removed Skill","floor":44,"damage_taken":0}],"is_beta":false,"boss_relics":[{"not_picked":["Mark of Pain","Calling Bell"],"picked":"Pandora\u0027s Box"},{"not_picked":["Runic Dome","Philosopher\u0027s Stone"],"picked":"Cursed Key"}],"items_purged_floors":[4,19,31,36,47],"is_endless":false,"potions_floor_spawned":[1,11,12,13,14,18,24,27,29,35,46],"ascension_level":4}