{"gold_per_floor":[109,184,184,200,49,49,77,96,396,411,411,411,446,446,446,542,542,557,574,233,233,233,233,14,42,42,71,71,71,71,84,84,84],"floor_reached":33,"playtime":2392,"items_purged":["Strike_G","Strike_G"],"score":496,"play_id":"6af79b2c-aa23-4eba-bfba-aa36eba49f10","local_time":"20190723151955","is_ascension_mode":true,"campfire_choices":[{"data":"Well Laid Plans","floor":6,"key":"SMITH"},{"data":"Predator","floor":12,"key":"SMITH"},{"data":"Acrobatics","floor":15,"key":"SMITH"},{"floor":23,"key":"REST"},{"data":"Tactician","floor":28,"key":"SMITH"},{"floor":30,"key":"REST"},{"floor":32,"key":"REST"}],"neow_cost":"NONE","seed_source_timestamp":23596578790364,"circlet_count":0,"master_deck":["AscendersBane","Strike_G","Strike_G","Strike_G","Defend_G","Defend_G","Defend_G","Defend_G","Defend_G","Survivor","Neutralize+1","Dodge and Roll","PiercingWail","PiercingWail","Well Laid Plans+1","Flying Knee","Acrobatics+1","Sucker Punch","Predator+1","Underhanded Strike","A Thousand Cuts+1","Deflect","Doppelganger","Eviscerate","PiercingWail","Deflect","Backflip","Tools of the Trade","Underhanded Strike","Prepared","Predator","Tactician+1","Blur","Concentrate","Masterful Stab","Dodge and Roll","Burst","Concentrate","Caltrops+1","Deflect+1"],"relics":["Ring of the Snake","NeowsBlessing","Prayer Wheel","Old Coin","Sundial","Orrery","Bag of Preparation","Potion Belt","Shuriken","Omamori"],"potions_floor_usage":[25,31],"damage_taken":[{"damage":0,"enemies":"Jaw Worm","floor":1,"turns":1},{"damage":0,"enemies":"2 Louse","floor":4,"turns":1},{"damage":0,"enemies":"3 Sentries","floor":7,"turns":1},{"damage":0,"enemies":"Cultist","floor":8,"turns":5},{"damage":0,"enemies":"Looter","floor":10,"turns":3},{"damage":23,"enemies":"Gremlin Nob","floor":13,"turns":5},{"damage":7,"enemies":"Hexaghost","floor":16,"turns":12},{"damage":21,"enemies":"Spheric Guardian","floor":18,"turns":6},{"damage":11,"enemies":"Shell Parasite","floor":19,"turns":8},{"damage":29,"enemies":"Book of Stabbing","floor":25,"turns":9},{"damage":1,"enemies":"Gremlin Leader","floor":27,"turns":9},{"damage":23,"enemies":"Snake Plant","floor":31,"turns":6},{"damage":36,"enemies":"Champ","floor":33,"turns":12}],"seed_played":"-4614972619063183884","potions_obtained":[{"floor":1,"key":"GhostInAJar"},{"floor":16,"key":"Ancient Potion"},{"floor":25,"key":"GhostInAJar"}],"is_trial":false,"path_per_floor":["M","?","?","M","$","R","E","M","T","M","?","R","E","?","R","B",null,"M","M","$","?","?","R","$","E","T","E","R","?","R","M","R","B"],"character_chosen":"THE_SILENT","items_purchased":["PiercingWail","Well Laid Plans","Flying Knee","Tactician","Blur","Bag of Preparation","Concentrate","Masterful Stab"],"campfire_rested":3,"item_purchase_floors":[5,5,5,20,20,20,24,24],"current_hp_per_floor":[63,52,52,52,52,52,52,52,52,52,52,52,29,34,34,27,63,42,31,31,31,17,41,41,12,12,11,11,11,35,12,36,0],"gold":84,"neow_bonus":"THREE_ENEMY_KILL","is_prod":false,"is_daily":false,"chose_seed":false,"campfire_upgraded":4,"win_rate":0,"timestamp":1563920395,"path_taken":["M","?","?","?","$","R","E","M","T","M","?","R","E","?","R","BOSS","M","M","$","?","?","R","$","E","T","E","R","?","R","M","R","BOSS"],"build_version":"2019-07-17","purchased_purges":2,"victory":false,"max_hp_per_floor":[70,70,70,70,70,70,70,70,70,70,70,70,70,75,75,75,75,75,75,75,75,80,80,80,80,80,80,80,80,80,80,80,80],"card_choices":[{"not_picked":["Accuracy","Prepared"],"picked":"Dodge and Roll","floor":1},{"not_picked":["Prepared","Cloak And Dagger"],"picked":"PiercingWail","floor":4},{"not_picked":["Quick Slash","Infinite Blades"],"picked":"Acrobatics","floor":7},{"not_picked":["Riddle With Holes","Quick Slash"],"picked":"Sucker Punch","floor":8},{"not_picked":["Catalyst","Slice"],"picked":"Predator","floor":8},{"not_picked":["Choke","Slice"],"picked":"Underhanded Strike","floor":10},{"not_picked":["Blade Dance","Prepared"],"picked":"A Thousand Cuts","floor":10},{"not_picked":["Escape Plan","Flying Knee"],"picked":"Deflect","floor":13},{"not_picked":["Unload","Malaise"],"picked":"Doppelganger","floor":16},{"not_picked":["Blade Dance","Dagger Spray"],"picked":"Eviscerate","floor":17},{"not_picked":["Poisoned Stab","Deadly Poison"],"picked":"PiercingWail","floor":17},{"not_picked":["Dagger Spray","Riddle With Holes"],"picked":"Deflect","floor":17},{"not_picked":["Poisoned Stab","Dagger Throw"],"picked":"Backflip","floor":17},{"not_picked":["Backflip","Finisher"],"picked":"Tools of the Trade","floor":17},{"not_picked":["Deadly Poison","Outmaneuver"],"picked":"Underhanded Strike","floor":18},{"not_picked":["Poisoned Stab","Blur"],"picked":"Prepared","floor":18},{"not_picked":["Poisoned Stab","Backflip"],"picked":"Predator","floor":19},{"not_picked":["Accuracy","Crippling Poison","Deadly Poison+1"],"picked":"SKIP","floor":19},{"not_picked":["Slice","Sucker Punch"],"picked":"Dodge and Roll","floor":25},{"not_picked":["Poisoned Stab","Dodge and Roll+1"],"picked":"Burst","floor":27},{"not_picked":["Flechettes","Cloak And Dagger+1"],"picked":"Caltrops+1","floor":31},{"not_picked":["Quick Slash","Flying Knee+1"],"picked":"Deflect+1","floor":31}],"player_experience":435740,"relics_obtained":[{"floor":7,"key":"Prayer Wheel"},{"floor":9,"key":"Old Coin"},{"floor":13,"key":"Sundial"},{"floor":25,"key":"Potion Belt"},{"floor":26,"key":"Shuriken"},{"floor":27,"key":"Omamori"}],"event_choices":[{"damage_healed":0,"gold_gain":75,"player_choice":"Gather Gold","damage_taken":11,"max_hp_gain":0,"max_hp_loss":0,"event_name":"World of Goop","floor":2,"gold_loss":0},{"damage_healed":0,"gold_gain":0,"player_choice":"Forge","damage_taken":0,"max_hp_gain":0,"max_hp_loss":0,"event_name":"Accursed Blacksmith","floor":3,"gold_loss":0,"cards_upgraded":["Neutralize"]},{"damage_healed":0,"gold_gain":0,"player_choice":"Grow","damage_taken":0,"max_hp_gain":0,"max_hp_loss":0,"event_name":"Living Wall","floor":11,"gold_loss":0,"cards_upgraded":["A Thousand Cuts"]},{"damage_healed":0,"gold_gain":0,"player_choice":"Donut","damage_taken":0,"max_hp_gain":5,"max_hp_loss":0,"event_name":"Big Fish","floor":14,"gold_loss":0},{"damage_healed":0,"gold_gain":0,"player_choice":"Ignored","damage_taken":0,"max_hp_gain":0,"max_hp_loss":0,"event_name":"The Mausoleum","floor":21,"gold_loss":0},{"damage_healed":0,"gold_gain":0,"player_choice":"Shed Blood","damage_taken":19,"max_hp_gain":5,"max_hp_loss":0,"event_name":"Forgotten Altar","floor":22,"gold_loss":0},{"damage_healed":0,"gold_gain":0,"player_choice":"Read","damage_taken":0,"max_hp_gain":0,"max_hp_loss":0,"event_name":"The Library","floor":29,"gold_loss":0,"cards_obtained":["Concentrate"]}],"is_beta":false,"boss_relics":[{"not_picked":["Snecko Eye","Fusion Hammer"],"picked":"Orrery"}],"items_purged_floors":[20,24],"is_endless":false,"potions_floor_spawned":[1,16,25],"killed_by":"Champ","ascension_level":10}