{"gold_per_floor":[114,129,37,37,12,41,41,68,68,68,68,80,113,113],"floor_reached":14,"playtime":748,"items_purged":[],"score":159,"play_id":"4963d35c-8d30-4715-a849-6faad41398bd","local_time":"20190719144147","is_ascension_mode":true,"campfire_choices":[{"data":"Terror","floor":7,"key":"SMITH"},{"floor":10,"key":"REST"}],"neow_cost":"NONE","seed_source_timestamp":607895527260922,"circlet_count":0,"master_deck":["AscendersBane","Strike_G","Strike_G","Strike_G","Strike_G","Strike_G","Defend_G","Defend_G","Defend_G","Defend_G","Defend_G","Survivor","Neutralize","Terror+1","Concentrate","Caltrops","Quick Slash","Deadly Poison","Deflect","Sucker Punch","Crippling Poison","Concentrate"],"relics":["Ring of the Snake","Dodecahedron","Shuriken","Centennial Puzzle","The Specimen","Nunchaku"],"potions_floor_usage":[6,13],"damage_taken":[{"damage":5,"enemies":"Jaw Worm","floor":1,"turns":4},{"damage":0,"enemies":"Cultist","floor":2,"turns":4},{"damage":28,"enemies":"Lagavulin","floor":6,"turns":7},{"damage":29,"enemies":"Gremlin Nob","floor":8,"turns":4},{"damage":0,"enemies":"2 Louse","floor":12,"turns":2},{"damage":16,"enemies":"3 Sentries","floor":13,"turns":9},{"damage":18,"enemies":"Red Slaver","floor":14,"turns":5}],"seed_played":"3284320156464829831","potions_obtained":[{"floor":1,"key":"Block Potion"},{"floor":8,"key":"SkillPotion"}],"is_trial":false,"path_per_floor":["M","M","$","?","$","E","R","E","T","R","T","M","E","M"],"character_chosen":"THE_SILENT","items_purchased":["Caltrops","Quick Slash","Deadly Poison"],"campfire_rested":1,"item_purchase_floors":[3,3,5],"current_hp_per_floor":[65,65,65,65,65,37,37,8,8,31,31,31,15,0],"gold":113,"neow_bonus":"TEN_PERCENT_HP_BONUS","is_prod":false,"is_daily":false,"chose_seed":false,"campfire_upgraded":1,"win_rate":0,"timestamp":1563572507,"path_taken":["M","M","$","?","$","E","R","E","T","R","?","M","E","M"],"build_version":"2019-07-17","purchased_purges":0,"victory":false,"max_hp_per_floor":[77,77,77,77,77,77,77,77,77,77,77,77,77,77],"card_choices":[{"not_picked":["Dagger Throw","Bouncing Flask"],"picked":"Terror","floor":1},{"not_picked":["Setup","Expertise"],"picked":"Concentrate","floor":2},{"not_picked":["Bane","PiercingWail"],"picked":"Deflect","floor":6},{"not_picked":["Leg Sweep","Escape Plan"],"picked":"Sucker Punch","floor":8},{"not_picked":["Deadly Poison","Sucker Punch"],"picked":"Crippling Poison","floor":12},{"not_picked":["PiercingWail","Expertise"],"picked":"Concentrate","floor":13}],"player_experience":385161,"relics_obtained":[{"floor":6,"key":"Dodecahedron"},{"floor":8,"key":"Shuriken"},{"floor":9,"key":"Centennial Puzzle"},{"floor":11,"key":"The Specimen"},{"floor":13,"key":"Nunchaku"}],"event_choices":[{"damage_healed":0,"gold_gain":0,"player_choice":"Ignored","damage_taken":0,"max_hp_gain":0,"max_hp_loss":0,"event_name":"Liars Game","floor":4,"gold_loss":0}],"is_beta":false,"boss_relics":[],"items_purged_floors":[],"is_endless":false,"potions_floor_spawned":[1,8],"killed_by":"Red Slaver","ascension_level":10}