{"gold_per_floor":[117,1,15,15,27,27,27,27,50,62,101,146,174,186,198,210],"floor_reached":16,"playtime":736,"items_purged":[],"score":196,"play_id":"5633436e-30c2-4f46-9f3c-8b3b1f788ad1","local_time":"20190819134254","is_ascension_mode":true,"campfire_choices":[{"data":"Footwork","floor":6.0,"key":"SMITH"},{"data":"Well Laid Plans","floor":8.0,"key":"SMITH"},{"data":"Blade Dance","floor":10.0,"key":"SMITH"},{"floor":15.0,"key":"REST"}],"neow_cost":"NONE","seed_source_timestamp":2264723619485913,"circlet_count":0,"master_deck":["AscendersBane","Strike_G","Strike_G","Strike_G","Strike_G","Strike_G","Defend_G","Defend_G","Defend_G","Defend_G","Defend_G","Survivor","Neutralize","Blade Dance+1","Footwork+1","PiercingWail","Blur","Well Laid Plans+1","Riddle With Holes","Corpse Explosion","Prepared"],"special_seed":0,"relics":["Ring of the Snake","NeowsBlessing","Regal Pillow","MawBank","Odd Mushroom","Bronze Scales"],"potions_floor_usage":[16],"damage_taken":[{"damage":0.0,"enemies":"Cultist","floor":1.0,"turns":1.0},{"damage":0.0,"enemies":"Jaw Worm","floor":3.0,"turns":1.0},{"damage":0.0,"enemies":"Small Slimes","floor":5.0,"turns":1.0},{"damage":30.0,"enemies":"The Mushroom Lair","floor":11.0,"turns":7.0},{"damage":16.0,"enemies":"3 Sentries","floor":12.0,"turns":13.0},{"damage":1.0,"enemies":"Gremlin Gang","floor":13.0,"turns":5.0},{"damage":38,"enemies":"Slime Boss","floor":16,"turns":9}],"seed_played":"-1041636792636667151","potions_obtained":[{"floor":11.0,"key":"Poison Potion"},{"floor":12.0,"key":"SkillPotion"}],"is_trial":false,"path_per_floor":["M","$","M","$","M","R","?","R","T","R","?","E","M","?","R","B"],"character_chosen":"THE_SILENT","items_purchased":["Footwork","PiercingWail"],"campfire_rested":1,"item_purchase_floors":[2,2],"current_hp_per_floor":[59,59,59,59,59,59,48,48,48,48,18,2,1,1,35,0],"gold":210,"neow_bonus":"THREE_ENEMY_KILL","is_prod":false,"is_daily":false,"chose_seed":false,"campfire_upgraded":3,"win_rate":0,"timestamp":1566247374,"path_taken":["M","?","M","$","M","R","?","R","T","R","?","E","M","?","R","BOSS"],"build_version":"2019-07-17","purchased_purges":0,"victory":false,"max_hp_per_floor":[66,66,66,66,66,66,66,66,66,66,66,66,66,66,66,66],"card_choices":[{"not_picked":["Flying Knee","Eviscerate"],"picked":"Blade Dance","floor":1.0},{"not_picked":["Choke","Bane"],"picked":"Blur","floor":3.0},{"not_picked":["Dagger Spray","Deflect"],"picked":"Well Laid Plans","floor":5.0},{"not_picked":["Poisoned Stab","Bane"],"picked":"Riddle With Holes","floor":11.0},{"not_picked":["Caltrops","Blade Dance"],"picked":"Corpse Explosion","floor":12.0},{"not_picked":["Slice","Prepared","Quick Slash"],"picked":"SKIP","floor":13.0},{"not_picked":["Slice","Quick Slash"],"picked":"Prepared","floor":13.0}],"player_experience":782787,"relics_obtained":[{"floor":9.0,"key":"MawBank"},{"floor":11.0,"key":"Odd Mushroom"},{"floor":12.0,"key":"Bronze Scales"}],"event_choices":[{"damage_healed":0.0,"max_hp_gain":0.0,"max_hp_loss":0.0,"gold_gain":0.0,"event_name":"Scrap Ooze","player_choice":"Success","floor":7.0,"gold_loss":0.0,"damage_taken":11.0,"relics_obtained":["Regal Pillow"]},{"damage_healed":0.0,"max_hp_gain":0.0,"max_hp_loss":0.0,"gold_gain":0.0,"event_name":"Mushrooms","player_choice":"Fought Mushrooms","floor":11.0,"gold_loss":0.0,"damage_taken":0.0},{"damage_healed":0.0,"max_hp_gain":0.0,"max_hp_loss":0.0,"gold_gain":0.0,"event_name":"Liars Game","player_choice":"Ignored","floor":14.0,"gold_loss":0.0,"damage_taken":0.0}],"is_beta":false,"boss_relics":[],"items_purged_floors":[],"is_endless":false,"potions_floor_spawned":[11,12],"killed_by":"Slime Boss","ascension_level":20}