{"gold_per_floor":[113,113,126,150,150,190,215,230,230,248,9,9,33,67,67,198,198,211,211,211,311,335,354,387,387,387,37,67,100,112,124,136,148],"floor_reached":33,"playtime":3588,"items_purged":["Defend_G","Riddle With Holes"],"score":321,"play_id":"d49b94b9-7a25-4148-a515-7803e64db8e1","local_time":"20180830203845","is_ascension_mode":true,"campfire_choices":[{"floor":12,"key":"REST"},{"data":"Infinite Blades","floor":15,"key":"SMITH"},{"floor":25,"key":"REST"},{"floor":30,"key":"REST"},{"floor":32,"key":"REST"}],"neow_cost":"NONE","seed_source_timestamp":1137244276503078,"circlet_count":0,"master_deck":["Survivor","Neutralize","A Thousand Cuts","Blade Dance","Backflip","Prepared","Outmaneuver","Distraction","Dagger Spray","Prepared","Endless Agony","Acrobatics","Cloak And Dagger","Infinite Blades+1","Night Terror","Bane","Calculated Gamble","Choke","Bane","Crippling Poison","Setup","Footwork","Well Laid Plans+1","Blade Dance","Blade Dance"],"relics":["Ring of the Snake","Golden Idol","Orichalcum","Bronze Scales","Dead Branch","Omamori","Pandora\u0027s Box","MutagenicStrength","Smiling Mask","Anchor","Oddly Smooth Stone","MawBank"],"potions_floor_usage":[6,7,14,16,16,18,22,23,33],"damage_taken":[{"damage":0,"enemies":"Cultist","floor":1,"turns":5},{"damage":5,"enemies":"2 Louse","floor":3,"turns":3},{"damage":0,"enemies":"Small Slimes","floor":4,"turns":4},{"damage":36,"enemies":"Gremlin Nob","floor":6,"turns":5},{"damage":5,"enemies":"Exordium Thugs","floor":7,"turns":3},{"damage":2,"enemies":"2 Fungi Beasts","floor":8,"turns":4},{"damage":7,"enemies":"Blue Slaver","floor":10,"turns":2},{"damage":5,"enemies":"Looter","floor":13,"turns":5},{"damage":6,"enemies":"3 Sentries","floor":14,"turns":3},{"damage":4,"enemies":"The Guardian","floor":16,"turns":11},{"damage":14,"enemies":"2 Thieves","floor":18,"turns":3},{"damage":0,"enemies":"Spheric Guardian","floor":22,"turns":4},{"damage":14,"enemies":"Cultist and Chosen","floor":23,"turns":5},{"damage":20,"enemies":"Gremlin Leader","floor":24,"turns":8},{"damage":6,"enemies":"Snecko","floor":28,"turns":3},{"damage":18,"enemies":"Chosen and Byrds","floor":29,"turns":5},{"damage":62,"enemies":"Collector","floor":33,"turns":5}],"seed_played":"-3229202728106942865","potions_obtained":[{"floor":3,"key":"Regen Potion"},{"floor":6,"key":"Fire Potion"},{"floor":14,"key":"EssenceOfSteel"},{"floor":16,"key":"Weak Potion"},{"floor":18,"key":"Energy Potion"},{"floor":22,"key":"Energy Potion"},{"floor":24,"key":"Strength Potion"}],"is_trial":false,"path_per_floor":["M","?","M","M","T","E","M","M","T","M","$","R","M","E","R","B",null,"M","?","?","?","M","M","E","R","T","$","M","M","R","$","R"],"character_chosen":"THE_SILENT","items_purchased":["Endless Agony","Energy Potion","Acrobatics","Oddly Smooth Stone","MawBank"],"campfire_rested":4,"item_purchase_floors":[11,11,11,27,27],"current_hp_per_floor":[70,65,60,60,60,33,28,26,26,19,19,38,33,27,27,23,65,51,51,51,51,51,37,17,36,36,36,30,12,31,31,50,0],"gold":148,"neow_bonus":"TRANSFORM_CARD","is_prod":false,"is_daily":false,"chose_seed":false,"campfire_upgraded":1,"win_rate":0,"timestamp":1535654325,"path_taken":["M","?","?","M","?","E","M","M","T","M","$","R","M","E","R","BOSS","M","?","?","?","?","M","E","R","T","?","M","M","R","$","R","BOSS"],"build_version":"2018-08-23v2","purchased_purges":2,"victory":false,"max_hp_per_floor":[70,65,65,65,65,65,65,65,65,65,65,65,65,65,65,65,65,65,65,65,65,65,65,65,65,65,65,65,65,65,65,65,65],"card_choices":[{"not_picked":["Acrobatics","Outmaneuver"],"picked":"Blade Dance","floor":1},{"not_picked":["Deadly Poison","Reflex"],"picked":"Backflip","floor":3},{"not_picked":["Deadly Poison","Quick Slash"],"picked":"Prepared","floor":4},{"not_picked":["Quick Slash","Dash"],"picked":"Outmaneuver","floor":6},{"not_picked":["Dagger Throw","Wraith Form v2"],"picked":"Distraction","floor":7},{"not_picked":["Eviscerate","Deflect"],"picked":"Dagger Spray","floor":8},{"not_picked":["Deadly Poison","Backflip"],"picked":"Prepared","floor":10},{"not_picked":["PiercingWail","Bane"],"picked":"Cloak And Dagger","floor":13},{"not_picked":["Cloak And Dagger","Predator"],"picked":"Infinite Blades","floor":14},{"not_picked":["Glass Knife","Venomology"],"picked":"Night Terror","floor":16},{"not_picked":["Tactician","PiercingWail"],"picked":"Well Laid Plans+1","floor":18},{"not_picked":["Flying Knee","Footwork+1"],"picked":"Blade Dance","floor":22},{"not_picked":["Terror","Bane+1"],"picked":"Blade Dance","floor":23},{"not_picked":["After Image","Predator+1","Sucker Punch"],"picked":"SKIP","floor":24},{"not_picked":["Eviscerate","Flying Knee","Well Laid Plans"],"picked":"SKIP","floor":28},{"not_picked":["Dash+1","Outmaneuver+1","Flechettes"],"picked":"SKIP","floor":29}],"player_experience":410180,"relics_obtained":[{"floor":5,"key":"Orichalcum"},{"floor":6,"key":"Bronze Scales"},{"floor":9,"key":"Dead Branch"},{"floor":14,"key":"Omamori"},{"floor":24,"key":"Smiling Mask"},{"floor":26,"key":"Anchor"}],"event_choices":[{"event_name":"Golden Idol","player_choice":"Lose Max HP","floor":2,"damage_taken":0},{"event_name":"Drug Dealer","player_choice":"Inject Mutagens","floor":19,"damage_taken":0},{"event_name":"Vampires","player_choice":"Ignored","floor":20,"damage_taken":0},{"event_name":"Golden Shrine","player_choice":"Pray","floor":21,"damage_taken":0}],"is_beta":false,"boss_relics":[{"not_picked":["Sozu","Philosopher\u0027s Stone"],"picked":"Pandora\u0027s Box"}],"items_purged_floors":[11,27],"is_endless":false,"potions_floor_spawned":[3,6,14,16,18,22,24],"killed_by":"Collector","ascension_level":3}