{"gold_per_floor":[117,4,17,34,52,52,83,83,135,169,187,220,230,248,248,347,347,358,358,373,385,103,103,103],"floor_reached":24,"playtime":1787,"items_purged":[],"score":355,"play_id":"431375bb-ae1c-4e5a-8adf-87903b01155d","local_time":"20190724090405","is_ascension_mode":true,"campfire_choices":[{"data":"Terror","floor":6,"key":"SMITH"},{"data":"Noxious Fumes","floor":8,"key":"SMITH"},{"floor":15,"key":"REST"},{"data":"After Image","floor":23,"key":"SMITH"}],"neow_cost":"NONE","seed_source_timestamp":1196729140760,"circlet_count":0,"master_deck":["AscendersBane","Survivor","Neutralize","PiercingWail","Footwork","Outmaneuver","Terror+1","Noxious Fumes+1","Flying Knee","Die Die Die","Deadly Poison","Noxious Fumes","Backflip","Dagger Spray","Footwork","After Image+1","Dash","Cloak And Dagger","Flying Knee","Cloak And Dagger","Setup","Leg Sweep","Cloak And Dagger","Bane","Quick Slash","Catalyst","Acrobatics+1","Flying Knee","Catalyst","Dark Shackles","Panache"],"relics":["Ring of the Snake","NeowsBlessing","Pear","Smiling Mask","Whetstone","Regal Pillow","Pandora\u0027s Box"],"potions_floor_usage":[7,13,13,21],"damage_taken":[{"damage":0,"enemies":"Cultist","floor":1,"turns":1},{"damage":0,"enemies":"Jaw Worm","floor":3,"turns":1},{"damage":0,"enemies":"2 Louse","floor":4,"turns":1},{"damage":2,"enemies":"Red Slaver","floor":5,"turns":6},{"damage":11,"enemies":"Lagavulin","floor":7,"turns":8},{"damage":33,"enemies":"3 Sentries","floor":10,"turns":8},{"damage":8,"enemies":"Gremlin Gang","floor":11,"turns":4},{"damage":14,"enemies":"Lagavulin","floor":12,"turns":7},{"damage":3,"enemies":"Blue Slaver","floor":13,"turns":3},{"damage":1,"enemies":"Looter","floor":14,"turns":4},{"damage":17,"enemies":"Hexaghost","floor":16,"turns":8},{"damage":2,"enemies":"Chosen","floor":18,"turns":6},{"damage":7,"enemies":"Shell Parasite","floor":20,"turns":7},{"damage":2,"enemies":"Snecko","floor":21,"turns":5},{"damage":41,"enemies":"Slavers","floor":24,"turns":3}],"seed_played":"8077586711368137934","potions_obtained":[{"floor":1,"key":"EssenceOfSteel"},{"floor":7,"key":"GamblersBrew"},{"floor":10,"key":"Energy Potion"},{"floor":12,"key":"AttackPotion"},{"floor":16,"key":"Poison Potion"},{"floor":18,"key":"SpeedPotion"}],"is_trial":false,"path_per_floor":["M","$","M","M","M","R","E","R","T","E","M","E","M","M","R","B",null,"M","?","M","M","$","R","E"],"character_chosen":"THE_SILENT","items_purchased":["Footwork","Outmaneuver","Dark Shackles","Panache"],"campfire_rested":1,"item_purchase_floors":[2,2,22,22],"current_hp_per_floor":[63,63,63,63,61,61,60,60,60,27,19,5,2,1,40,23,66,64,49,42,40,40,40,0],"gold":103,"neow_bonus":"THREE_ENEMY_KILL","is_prod":false,"is_daily":false,"chose_seed":false,"campfire_upgraded":3,"win_rate":0,"timestamp":1563984245,"path_taken":["M","$","?","M","M","R","E","R","T","E","M","E","M","M","R","BOSS","M","?","M","M","$","R","E"],"build_version":"2019-07-17","purchased_purges":0,"victory":false,"max_hp_per_floor":[70,70,70,70,70,70,80,80,80,80,80,80,80,80,80,80,80,80,85,85,85,85,85,85],"card_choices":[{"not_picked":["Bane","Slice"],"picked":"PiercingWail","floor":1},{"not_picked":["Choke","Dagger Throw"],"picked":"Terror","floor":3},{"not_picked":["Leg Sweep","Acrobatics"],"picked":"Noxious Fumes","floor":4},{"not_picked":["Backstab","Escape Plan"],"picked":"Flying Knee","floor":5},{"not_picked":["Underhanded Strike","Finisher"],"picked":"Die Die Die","floor":7},{"not_picked":["Dagger Spray","Dagger Throw"],"picked":"Deadly Poison","floor":10},{"not_picked":["Slice","Flying Knee"],"picked":"Noxious Fumes","floor":11},{"not_picked":["Doppelganger","Dodge and Roll"],"picked":"Backflip","floor":12},{"not_picked":["Blade Dance","Prepared"],"picked":"Dagger Spray","floor":13},{"not_picked":["Predator","Dagger Spray"],"picked":"Footwork","floor":14},{"not_picked":["Unload","Wraith Form v2"],"picked":"After Image","floor":16},{"not_picked":["Choke","Bane"],"picked":"Acrobatics+1","floor":18},{"not_picked":["Acrobatics","Dagger Spray+1"],"picked":"Flying Knee","floor":20},{"not_picked":["Outmaneuver","Underhanded Strike"],"picked":"Catalyst","floor":21}],"player_experience":444623,"relics_obtained":[{"floor":7,"key":"Pear"},{"floor":9,"key":"Smiling Mask"},{"floor":10,"key":"Whetstone"},{"floor":12,"key":"Regal Pillow"}],"event_choices":[{"damage_healed":0,"gold_gain":0,"player_choice":"Shed Blood","damage_taken":20,"max_hp_gain":5,"max_hp_loss":0,"event_name":"Forgotten Altar","floor":19,"gold_loss":0}],"is_beta":false,"boss_relics":[{"not_picked":["Coffee Dripper","Ectoplasm"],"picked":"Pandora\u0027s Box"}],"items_purged_floors":[],"is_endless":false,"potions_floor_spawned":[1,7,10,12,16,18,20],"killed_by":"Slavers","ascension_level":10}