{"gold_per_floor":[118,138,63,73,87,87,101,128,153,153,180,203,24,39,39,113,113,113,93,16,16,16,16,16],"floor_reached":24,"playtime":1460,"items_purged":[],"score":412,"play_id":"d81afb83-cad7-4109-be24-5a0749f44b72","local_time":"20190813104444","is_ascension_mode":true,"campfire_choices":[{"data":"Footwork","floor":6.0,"key":"SMITH"},{"floor":15.0,"key":"REST"},{"data":"Catalyst","floor":23.0,"key":"SMITH"}],"neow_cost":"NONE","seed_source_timestamp":1735473484793449,"circlet_count":0,"master_deck":["AscendersBane","Strike_G","Strike_G","Strike_G","Strike_G","Strike_G","Defend_G","Defend_G","Defend_G","Defend_G","Defend_G","Survivor","Neutralize","Corpse Explosion","Deflect","Leg Sweep","Footwork+1","PiercingWail","Predator","Outmaneuver","Dodge and Roll","Heel Hook","Catalyst+1","Blur","Well Laid Plans","Poisoned Stab","Cloak And Dagger","Burst","Deadly Poison","Bandage Up","Noxious Fumes"],"special_seed":0,"relics":["Ring of the Snake","The Courier","Centennial Puzzle","Boot","Odd Mushroom","Ectoplasm"],"potions_floor_usage":[24],"damage_taken":[{"damage":0.0,"enemies":"2 Louse","floor":1.0,"turns":1.0},{"damage":5.0,"enemies":"Small Slimes","floor":2.0,"turns":7.0},{"damage":0.0,"enemies":"Cultist","floor":4.0,"turns":5.0},{"damage":0.0,"enemies":"Lots of Slimes","floor":5.0,"turns":2.0},{"damage":0.0,"enemies":"Looter","floor":7.0,"turns":5.0},{"damage":5.0,"enemies":"3 Sentries","floor":8.0,"turns":5.0},{"damage":32.0,"enemies":"Gremlin Nob","floor":11.0,"turns":4.0},{"damage":6.0,"enemies":"The Mushroom Lair","floor":12.0,"turns":2.0},{"damage":0.0,"enemies":"Blue Slaver","floor":14.0,"turns":6.0},{"damage":14.0,"enemies":"Hexaghost","floor":16.0,"turns":13.0},{"damage":7.0,"enemies":"Shell Parasite","floor":18.0,"turns":7.0},{"damage":1.0,"enemies":"3 Byrds","floor":22.0,"turns":2.0},{"damage":76,"enemies":"Gremlin Leader","floor":24,"turns":7}],"seed_played":"-1998444547705904526","potions_obtained":[{"floor":1.0,"key":"AttackPotion"},{"floor":4.0,"key":"Swift Potion"},{"floor":14.0,"key":"GamblersBrew"},{"floor":19.0,"key":"FairyPotion"},{"floor":22.0,"key":"Dexterity Potion"}],"is_trial":false,"path_per_floor":["M","M","$","M","M","R","M","E","T","?","E","?","$","M","R","B",null,"M","?","$","$","M","R","E"],"character_chosen":"THE_SILENT","items_purchased":["Footwork","Blur","Well Laid Plans","Poisoned Stab","Bandage Up"],"campfire_rested":1,"item_purchase_floors":[3,13,13,13,20],"current_hp_per_floor":[59,54,54,54,54,54,54,49,49,54,22,16,16,16,37,23,59,52,52,52,52,55,55,0],"gold":16,"neow_bonus":"ONE_RANDOM_RARE_CARD","is_prod":false,"is_daily":false,"chose_seed":false,"campfire_upgraded":2,"win_rate":0,"timestamp":1565718284,"path_taken":["M","M","$","M","M","R","M","E","T","?","E","?","$","M","R","BOSS","M","?","?","$","?","R","E"],"build_version":"2019-07-17","purchased_purges":0,"victory":false,"max_hp_per_floor":[66,66,66,66,66,66,66,66,66,71,71,71,71,71,71,71,71,71,71,71,71,71,71,71],"card_choices":[{"not_picked":["Eviscerate","Escape Plan"],"picked":"Deflect","floor":1.0},{"not_picked":["Poisoned Stab","Flechettes"],"picked":"Leg Sweep","floor":2.0},{"not_picked":["Infinite Blades","Accuracy"],"picked":"PiercingWail","floor":4.0},{"not_picked":["Cloak And Dagger","Backstab"],"picked":"Predator","floor":5.0},{"not_picked":["Endless Agony","Infinite Blades"],"picked":"Outmaneuver","floor":7.0},{"not_picked":["Escape Plan","Acrobatics"],"picked":"Dodge and Roll","floor":8.0},{"not_picked":["Endless Agony","Finisher"],"picked":"Heel Hook","floor":11.0},{"not_picked":["Acrobatics","Underhanded Strike"],"picked":"Catalyst","floor":12.0},{"not_picked":["Slice","Phantasmal Killer"],"picked":"Cloak And Dagger","floor":14.0},{"not_picked":["Adrenaline","Malaise"],"picked":"Burst","floor":16.0},{"not_picked":["Infinite Blades","Dagger Spray"],"picked":"Deadly Poison","floor":18.0},{"not_picked":["Blade Dance","Slice+1"],"picked":"Noxious Fumes","floor":22.0}],"player_experience":701874,"relics_obtained":[{"floor":8.0,"key":"The Courier"},{"floor":9.0,"key":"Centennial Puzzle"},{"floor":11.0,"key":"Boot"},{"floor":12.0,"key":"Odd Mushroom"}],"event_choices":[{"damage_healed":0.0,"max_hp_gain":5.0,"max_hp_loss":0.0,"gold_gain":0.0,"event_name":"Big Fish","player_choice":"Donut","floor":10.0,"gold_loss":0.0,"damage_taken":0.0},{"damage_healed":0.0,"max_hp_gain":0.0,"max_hp_loss":0.0,"gold_gain":0.0,"event_name":"Mushrooms","player_choice":"Fought Mushrooms","floor":12.0,"gold_loss":0.0,"damage_taken":0.0},{"damage_healed":0.0,"max_hp_gain":0.0,"max_hp_loss":0.0,"gold_gain":0.0,"event_name":"The Woman in Blue","player_choice":"Bought 1 Potion","floor":19.0,"gold_loss":0.0,"damage_taken":0.0}],"is_beta":false,"boss_relics":[{"not_picked":["Runic Dome","Lizard Tail"],"picked":"Ectoplasm"}],"items_purged_floors":[],"is_endless":false,"potions_floor_spawned":[1,4,5,8,14,22],"killed_by":"Gremlin Leader","ascension_level":20}