{"gold_per_floor":[114,114,133,144,144,172,172,187,233,198,9,9,35,52,52,157,157,173,173,193,193,205,205],"floor_reached":23,"playtime":4315,"items_purged":[],"score":201,"play_id":"1f1c7804-99fc-41f2-a6fa-924705214831","local_time":"20180730183947","is_ascension_mode":false,"campfire_choices":[{"floor":7,"key":"REST"},{"floor":12,"key":"REST"},{"data":"Footwork","floor":15,"key":"SMITH"}],"neow_cost":"NONE","seed_source_timestamp":109835644315853,"circlet_count":0,"master_deck":["Defend_G","Defend_G","Defend_G+1","Defend_G+1","Defend_G","Strike_G","Strike_G","Strike_G","Strike_G","Strike_G","Survivor","Neutralize","Venomology","Poisoned Stab","Underhanded Strike","Caltrops","Well Laid Plans","Footwork+1","PiercingWail","Quick Slash+1","Flying Knee+1","A Thousand Cuts","Sucker Punch+1","Dash+1","RitualDagger+1","Outmaneuver+1"],"relics":["Ring of the Serpent","Bird Faced Urn","Molten Egg 2","Letter Opener","Bag of Marbles","War Paint","Question Card"],"potions_floor_usage":[1,4,6,6,16,16,16,18,20,20,20,20,22,23,23,23],"damage_taken":[{"damage":1,"enemies":"Cultist","floor":1,"turns":4},{"damage":0,"enemies":"Small Slimes","floor":3,"turns":4},{"damage":3,"enemies":"Jaw Worm","floor":4,"turns":3},{"damage":26,"enemies":"Gremlin Nob","floor":6,"turns":5},{"damage":13,"enemies":"2 Fungi Beasts","floor":8,"turns":4},{"damage":6,"enemies":"3 Sentries","floor":13,"turns":12},{"damage":0,"enemies":"3 Louse","floor":14,"turns":4},{"damage":8,"enemies":"Hexaghost","floor":16,"turns":8},{"damage":9,"enemies":"Shell Parasite","floor":18,"turns":7},{"damage":17,"enemies":"2 Thieves","floor":20,"turns":5},{"damage":15,"enemies":"Slaver and Parasite","floor":22,"turns":10},{"damage":41,"enemies":"Slavers","floor":23,"turns":5}],"seed_played":"-6372572706800754356","potions_obtained":[{"floor":3,"key":"Block Potion"},{"floor":4,"key":"GhostInAJar"},{"floor":6,"key":"Regen Potion"},{"floor":14,"key":"Block Potion"},{"floor":16,"key":"EntropicBrew"},{"floor":20,"key":"Ancient Potion"},{"floor":22,"key":"Strength Potion"}],"is_trial":false,"path_per_floor":["M","?","M","M","T","E","R","M","T","?","$","R","E","M","R","B",null,"M","?","M","?","M"],"character_chosen":"THE_SILENT","items_purchased":["War Paint","PiercingWail"],"campfire_rested":2,"item_purchase_floors":[11,11],"current_hp_per_floor":[69,36,36,33,33,9,30,21,21,38,38,59,59,65,65,67,70,63,56,47,41,34,0],"gold":205,"neow_bonus":"ONE_RANDOM_RARE_CARD","is_prod":false,"is_daily":false,"chose_seed":false,"campfire_upgraded":1,"win_rate":0.0,"timestamp":1532968787,"path_taken":["M","?","M","M","?","E","R","M","T","?","$","R","E","?","R","BOSS","M","?","M","?","?","E"],"build_version":"2018-07-26","purchased_purges":0,"victory":false,"max_hp_per_floor":[70,70,70,70,70,70,70,70,70,70,70,70,70,70,70,70,70,70,70,70,70,70,70],"card_choices":[{"not_picked":["Bane","Acrobatics"],"picked":"Poisoned Stab","floor":1},{"not_picked":["Masterful Stab","Riddle With Holes"],"picked":"Underhanded Strike","floor":3},{"not_picked":["Acrobatics","Adrenaline"],"picked":"Caltrops","floor":4},{"not_picked":["Acrobatics","Distraction"],"picked":"Well Laid Plans","floor":6},{"not_picked":["Dagger Throw+1","Backflip"],"picked":"Footwork","floor":8},{"not_picked":["Calculated Gamble","Wraith Form v2"],"picked":"Quick Slash+1","floor":13},{"not_picked":["Deadly Poison","Bouncing Flask","Underhanded Strike+1"],"picked":"Flying Knee+1","floor":14},{"not_picked":["Venomology","Night Terror","Glass Knife+1"],"picked":"A Thousand Cuts","floor":16},{"not_picked":["Dagger Throw+1","Acrobatics","Slice+1"],"picked":"Sucker Punch+1","floor":18},{"not_picked":["Blade Dance","Backflip","Heel Hook+1"],"picked":"Dash+1","floor":20},{"not_picked":["Dagger Throw+1","Blade Dance","Bane+1"],"picked":"Outmaneuver+1","floor":22}],"player_experience":38850,"relics_obtained":[{"floor":5,"key":"Molten Egg 2"},{"floor":6,"key":"Letter Opener"},{"floor":9,"key":"Bag of Marbles"},{"floor":13,"key":"Question Card"}],"event_choices":[{"event_name":"Scrap Ooze","player_choice":"success","floor":2,"damage_taken":33},{"event_name":"The Cleric","player_choice":"Healed","floor":10,"damage_taken":0},{"event_name":"Wheel of Change","player_choice":"Damage","floor":19,"damage_taken":0},{"event_name":"Nest","player_choice":"Joined the Cult","floor":21,"damage_taken":0}],"is_beta":false,"boss_relics":[{"not_picked":["Snecko Eye","Empty Cage"],"picked":"Ring of the Serpent"}],"items_purged_floors":[],"is_endless":false,"potions_floor_spawned":[3,4,6,14,16,20,22],"killed_by":"Slavers","ascension_level":0}