{"gold_per_floor":[113,126,24,44,54,54,89,89,89,99,133,133,195,3,3,103,103,117,117,136,149,149,149,200,200],"floor_reached":25,"playtime":2021,"items_purged":[],"score":211,"play_id":"77bf075b-4e38-44dd-9b0f-5e63b660662d","local_time":"20190701083847","is_ascension_mode":false,"campfire_choices":[{"data":"Infinite Blades","floor":6,"key":"SMITH"},{"floor":8,"key":"REST"},{"floor":15,"key":"REST"},{"floor":23,"key":"REST"}],"neow_cost":"NONE","seed_source_timestamp":604080648544142,"circlet_count":0,"master_deck":["Defend_G","Defend_G","Defend_G","Defend_G","Strike_G","Strike_G+1","Strike_G","Strike_G","Survivor","Neutralize","Tactician","Poisoned Stab","Dash","Dagger Throw","Infinite Blades+1","Deadly Poison","Dagger Spray","Outmaneuver","Backflip+1","Flechettes","Flechettes","Terror","Infinite Blades","Night Terror","Blade Dance+1","Infinite Blades+1","Acrobatics"],"relics":["Ring of the Snake","StoneCalendar","Ornamental Fan","Shuriken","Fusion Hammer","Bag of Preparation"],"potions_floor_usage":[11,16,16,21],"damage_taken":[{"damage":0,"enemies":"Jaw Worm","floor":1,"turns":4},{"damage":1,"enemies":"Small Slimes","floor":2,"turns":4},{"damage":0,"enemies":"2 Louse","floor":4,"turns":3},{"damage":11,"enemies":"Gremlin Gang","floor":5,"turns":6},{"damage":6,"enemies":"Lagavulin","floor":7,"turns":6},{"damage":11,"enemies":"3 Louse","floor":10,"turns":4},{"damage":2,"enemies":"Gremlin Nob","floor":11,"turns":4},{"damage":24,"enemies":"Hexaghost","floor":16,"turns":7},{"damage":23,"enemies":"2 Thieves","floor":18,"turns":3},{"damage":11,"enemies":"Spheric Guardian","floor":20,"turns":4},{"damage":28,"enemies":"Snake Plant","floor":21,"turns":5},{"damage":38,"enemies":"Gremlin Leader","floor":25,"turns":4}],"seed_played":"-4217156071687027759","potions_obtained":[{"floor":1,"key":"Strength Potion"},{"floor":4,"key":"Block Potion"},{"floor":10,"key":"Fire Potion"},{"floor":11,"key":"EssenceOfSteel"},{"floor":16,"key":"Block Potion"},{"floor":20,"key":"Weak Potion"}],"is_trial":false,"path_per_floor":["M","M","$","M","M","R","E","R","T","M","E","?","?","$","R","B",null,"M","?","M","M","?","R","T","E"],"character_chosen":"THE_SILENT","items_purchased":["Dagger Throw","Infinite Blades","Flechettes","Terror","Infinite Blades"],"campfire_rested":3,"item_purchase_floors":[3,3,14,14,14],"current_hp_per_floor":[70,69,69,69,58,58,52,70,70,59,57,43,43,43,64,40,70,47,47,36,8,8,29,29,0],"gold":200,"neow_bonus":"TRANSFORM_CARD","is_prod":false,"is_daily":false,"chose_seed":false,"campfire_upgraded":1,"win_rate":0.0,"timestamp":1561995527,"path_taken":["M","M","$","M","M","R","E","R","T","M","E","?","?","$","R","BOSS","M","?","?","M","?","R","?","E"],"build_version":"2019-01-23","purchased_purges":0,"victory":false,"max_hp_per_floor":[70,70,70,70,70,70,70,70,70,70,70,70,70,70,70,70,70,70,70,70,70,70,70,70,70],"card_choices":[{"not_picked":["Well Laid Plans","Prepared"],"picked":"Poisoned Stab","floor":1},{"not_picked":["Deflect","Distraction"],"picked":"Dash","floor":2},{"not_picked":["Slice","Poisoned Stab"],"picked":"Deadly Poison","floor":4},{"not_picked":["Blur","All Out Attack"],"picked":"Dagger Spray","floor":5},{"not_picked":["Backflip","Bane"],"picked":"Outmaneuver","floor":7},{"not_picked":["Skewer","Dagger Spray"],"picked":"Backflip","floor":10},{"not_picked":["Crippling Poison","Poisoned Stab"],"picked":"Flechettes","floor":11},{"not_picked":["Tools of the Trade","Malaise"],"picked":"Night Terror","floor":16},{"not_picked":["Eviscerate","Dagger Throw"],"picked":"Blade Dance+1","floor":18},{"not_picked":["Underhanded Strike","Dodge and Roll"],"picked":"Infinite Blades+1","floor":20},{"not_picked":["Dodge and Roll+1","Expertise"],"picked":"Acrobatics","floor":21}],"player_experience":40051,"relics_obtained":[{"floor":7,"key":"StoneCalendar"},{"floor":9,"key":"Ornamental Fan"},{"floor":11,"key":"Shuriken"},{"floor":24,"key":"Bag of Preparation"}],"event_choices":[{"damage_healed":0,"gold_gain":0,"player_choice":"Entered Light","damage_taken":14,"max_hp_gain":0,"max_hp_loss":0,"event_name":"Shining Light","floor":12,"gold_loss":0,"cards_upgraded":["Strike_G","Backflip"]},{"damage_healed":0,"gold_gain":62,"player_choice":"Gained Gold","damage_taken":0,"max_hp_gain":0,"max_hp_loss":0,"event_name":"Golden Wing","floor":13,"gold_loss":0},{"cards_removed":["Strike_G"],"damage_healed":0,"gold_gain":0,"player_choice":"Purged","damage_taken":0,"max_hp_gain":0,"max_hp_loss":0,"event_name":"Purifier","floor":19,"gold_loss":0},{"damage_healed":0,"gold_gain":0,"player_choice":"Ignored","damage_taken":0,"max_hp_gain":0,"max_hp_loss":0,"event_name":"Ghosts","floor":22,"gold_loss":0}],"is_beta":false,"boss_relics":[{"not_picked":["Ectoplasm","Snecko Eye"],"picked":"Fusion Hammer"}],"items_purged_floors":[],"is_endless":false,"potions_floor_spawned":[1,4,10,11,16,20],"killed_by":"Gremlin Leader","ascension_level":0}