{"gold_per_floor":[116,136,61,80,90,118,118,146,146,171,184,184,284,302,302,399,399,418,418,436,5,18,44,44,77,77,77,108,122,139,159,159,159],"floor_reached":33,"playtime":2663,"items_purged":[],"score":439,"play_id":"c48de268-14ab-4493-9b30-f181cfec16a0","local_time":"20190708134602","is_ascension_mode":true,"campfire_choices":[{"floor":7,"key":"REST"},{"floor":12,"key":"REST"},{"data":"Envenom","floor":15,"key":"SMITH"},{"floor":24,"key":"REST"},{"floor":27,"key":"REST"},{"floor":32,"key":"REST"}],"neow_cost":"NONE","seed_source_timestamp":527765564989955,"circlet_count":0,"master_deck":["Survivor","Neutralize","Sucker Punch+1","Dagger Throw+1","Dagger Throw","Acrobatics","Backstab","Flying Knee","Phantasmal Killer","Crippling Poison","Envenom+1","Choke","Finisher","Tools of the Trade","Dagger Spray","Dash","Phantasmal Killer","Wraith Form v2","Blur","Heel Hook","Setup","Reflex","Malaise","Prepared","PiercingWail+1","Footwork","Panache","Sucker Punch","Backflip","Terror+1","Dash+1","Poisoned Stab+1","Night Terror","Deflect","Cloak And Dagger"],"relics":["Ring of the Snake","Whetstone","Bronze Scales","Sundial","Dodecahedron","Pandora\u0027s Box","Centennial Puzzle","Mummified Hand","Du-Vu Doll","Bottled Tornado","Gremlin Horn"],"potions_floor_usage":[16,16,16,16,16,16,29,33],"damage_taken":[{"damage":5,"enemies":"Cultist","floor":1,"turns":4},{"damage":0,"enemies":"Small Slimes","floor":2,"turns":3},{"damage":0,"enemies":"2 Louse","floor":4,"turns":2},{"damage":0,"enemies":"Blue Slaver","floor":5,"turns":4},{"damage":42,"enemies":"Lagavulin","floor":6,"turns":13},{"damage":0,"enemies":"Gremlin Nob","floor":8,"turns":2},{"damage":26,"enemies":"3 Sentries","floor":10,"turns":6},{"damage":1,"enemies":"3 Louse","floor":11,"turns":3},{"damage":0,"enemies":"Red Slaver","floor":14,"turns":2},{"damage":37,"enemies":"The Guardian","floor":16,"turns":9},{"damage":14,"enemies":"Shell Parasite","floor":18,"turns":3},{"damage":8,"enemies":"Spheric Guardian","floor":20,"turns":3},{"damage":17,"enemies":"Snake Plant","floor":22,"turns":3},{"damage":23,"enemies":"Slavers","floor":23,"turns":6},{"damage":19,"enemies":"Book of Stabbing","floor":25,"turns":5},{"damage":4,"enemies":"Slavers","floor":28,"turns":3},{"damage":16,"enemies":"Shelled Parasite and Fungi","floor":29,"turns":3},{"damage":0,"enemies":"Centurion and Healer","floor":30,"turns":3},{"damage":18,"enemies":"Snake Plant","floor":31,"turns":2},{"damage":68,"enemies":"Champ","floor":33,"turns":11}],"seed_played":"-3732236876555664780","potions_obtained":[{"floor":2,"key":"Ancient Potion"},{"floor":6,"key":"EntropicBrew"},{"floor":14,"key":"PowerPotion"},{"floor":20,"key":"Dexterity Potion"},{"floor":22,"key":"FearPotion"},{"floor":28,"key":"Block Potion"},{"floor":29,"key":"Swift Potion"}],"is_trial":false,"path_per_floor":["M","M","$","M","M","E","R","E","T","E","M","R","?","M","R","B",null,"M","?","M","$","M","E","R","E","T","R","E","M","M","M","R","B"],"character_chosen":"THE_SILENT","items_purchased":["Dagger Throw","Acrobatics","Footwork","Panache","Centennial Puzzle","Sucker Punch"],"campfire_rested":5,"item_purchase_floors":[3,3,21,21,21,21],"current_hp_per_floor":[72,72,72,72,72,30,53,53,53,27,26,49,49,49,49,21,77,63,87,79,79,62,39,65,46,46,72,68,52,52,34,60,0],"gold":159,"neow_bonus":"TEN_PERCENT_HP_BONUS","is_prod":false,"is_daily":false,"chose_seed":false,"campfire_upgraded":1,"win_rate":0,"timestamp":1562618762,"path_taken":["M","M","$","M","M","E","R","E","T","E","?","R","?","?","R","BOSS","M","?","M","$","M","E","R","E","T","R","E","?","?","M","R","BOSS"],"build_version":"2019-07-05","purchased_purges":0,"victory":false,"max_hp_per_floor":[77,77,77,77,77,77,77,77,77,77,77,77,77,77,77,77,77,77,87,87,87,87,87,87,87,87,87,87,87,87,87,87,87],"card_choices":[{"not_picked":["Blade Dance","Tactician"],"picked":"Sucker Punch","floor":1},{"not_picked":["Distraction","Calculated Gamble"],"picked":"Dagger Throw","floor":2},{"not_picked":["PiercingWail","Flying Knee"],"picked":"Backstab","floor":4},{"not_picked":["Outmaneuver","Concentrate"],"picked":"Flying Knee","floor":5},{"not_picked":["Dagger Spray","Malaise"],"picked":"Phantasmal Killer","floor":6},{"not_picked":["Blade Dance","Bane"],"picked":"Crippling Poison","floor":8},{"not_picked":["Outmaneuver","Poisoned Stab"],"picked":"Envenom","floor":10},{"not_picked":["Deadly Poison","Outmaneuver"],"picked":"Choke","floor":11},{"not_picked":["Acrobatics","Bane"],"picked":"Finisher","floor":14},{"not_picked":["A Thousand Cuts","Corpse Explosion"],"picked":"Tools of the Trade","floor":16},{"not_picked":["Dodge and Roll","Acrobatics"],"picked":"Prepared","floor":18},{"not_picked":["Quick Slash","Dagger Throw"],"picked":"PiercingWail+1","floor":20},{"not_picked":["All Out Attack","Finisher"],"picked":"Backflip","floor":22},{"not_picked":["Backstab","Backflip"],"picked":"Terror+1","floor":23},{"not_picked":["Predator","Prepared+1"],"picked":"Dash+1","floor":25},{"not_picked":["Tactician","Dagger Throw"],"picked":"Poisoned Stab+1","floor":28},{"not_picked":["Backstab","Setup"],"picked":"Night Terror","floor":29},{"not_picked":["Prepared","Eviscerate"],"picked":"Deflect","floor":30},{"not_picked":["Slice","Dagger Throw"],"picked":"Cloak And Dagger","floor":31}],"player_experience":135726,"relics_obtained":[{"floor":6,"key":"Whetstone"},{"floor":8,"key":"Bronze Scales"},{"floor":9,"key":"Sundial"},{"floor":10,"key":"Dodecahedron"},{"floor":23,"key":"Mummified Hand"},{"floor":25,"key":"Du-Vu Doll"},{"floor":26,"key":"Bottled Tornado"},{"floor":28,"key":"Gremlin Horn"}],"event_choices":[{"damage_healed":0,"gold_gain":100,"player_choice":"Pray","damage_taken":0,"max_hp_gain":0,"max_hp_loss":0,"event_name":"Golden Shrine","floor":13,"gold_loss":0},{"cards_removed":["Wraith Form v2"],"damage_healed":14,"gold_gain":0,"player_choice":"Offered Rare","damage_taken":0,"max_hp_gain":10,"max_hp_loss":0,"event_name":"Bonfire Elementals","floor":19,"gold_loss":0}],"is_beta":false,"boss_relics":[{"not_picked":["Coffee Dripper","Tiny House"],"picked":"Pandora\u0027s Box"}],"items_purged_floors":[],"is_endless":false,"potions_floor_spawned":[2,6,14,20,22,28,29,31],"killed_by":"Champ","ascension_level":2}