{"gold_per_floor":[110,42,42,117,127,127,144,144,144,175,186,196,196,230,230,333,333,352,362,378,378],"floor_reached":21,"playtime":1169,"items_purged":[],"score":296,"play_id":"da7e31e0-1d5f-40ee-8757-b5af2633db2c","local_time":"20190725123759","is_ascension_mode":true,"campfire_choices":[{"data":"Crippling Poison","floor":6,"key":"SMITH"},{"data":"Caltrops","floor":8,"key":"SMITH"},{"data":"Tactician","floor":13,"key":"SMITH"},{"floor":15,"key":"REST"}],"neow_cost":"NONE","seed_source_timestamp":101048311972417,"circlet_count":0,"master_deck":["AscendersBane","Strike_G","Strike_G","Defend_G","Defend_G","Defend_G","Defend_G","Defend_G","Survivor","Neutralize","Crippling Poison+1","Caltrops+1","Calculated Gamble","PiercingWail","Tactician+1","Prepared","PiercingWail","Noxious Fumes","Corpse Explosion","Eviscerate+1","A Thousand Cuts+1","Caltrops+1","Sucker Punch+1","Flying Knee","Footwork"],"relics":["Ring of the Snake","NeowsBlessing","Mercury Hourglass","Blood Vial","Dodecahedron","Astrolabe"],"potions_floor_usage":[10,11,19,20,21],"damage_taken":[{"damage":0,"enemies":"Small Slimes","floor":1,"turns":1},{"damage":0,"enemies":"2 Louse","floor":5,"turns":1},{"damage":0,"enemies":"Cultist","floor":7,"turns":1},{"damage":7,"enemies":"Lagavulin","floor":10,"turns":5},{"damage":7,"enemies":"3 Louse","floor":11,"turns":3},{"damage":8,"enemies":"Red Slaver","floor":12,"turns":5},{"damage":24,"enemies":"Gremlin Nob","floor":14,"turns":5},{"damage":31,"enemies":"The Guardian","floor":16,"turns":12},{"damage":27,"enemies":"Spheric Guardian","floor":18,"turns":5},{"damage":0,"enemies":"3 Byrds","floor":19,"turns":2},{"damage":25,"enemies":"Centurion and Healer","floor":20,"turns":7},{"damage":27,"enemies":"Snecko","floor":21,"turns":5}],"seed_played":"-7659225699766231503","potions_obtained":[{"floor":1,"key":"Block Potion"},{"floor":5,"key":"Fire Potion"},{"floor":11,"key":"GhostInAJar"},{"floor":14,"key":"Poison Potion"},{"floor":19,"key":"Block Potion"}],"is_trial":false,"path_per_floor":["M","$","?","?","M","R","M","R","T","E","M","M","R","E","R","B",null,"M","M","M","M"],"character_chosen":"THE_SILENT","items_purchased":["Caltrops"],"campfire_rested":1,"item_purchase_floors":[2],"current_hp_per_floor":[63,63,68,57,57,57,57,57,57,50,45,39,39,17,39,10,59,34,36,13,0],"gold":378,"neow_bonus":"THREE_ENEMY_KILL","is_prod":false,"is_daily":false,"chose_seed":false,"campfire_upgraded":3,"win_rate":0,"timestamp":1564083479,"path_taken":["M","$","?","?","M","R","M","R","T","E","M","M","R","E","R","BOSS","M","M","M","M"],"build_version":"2019-07-17","purchased_purges":0,"victory":false,"max_hp_per_floor":[70,70,75,75,75,75,75,75,75,75,75,75,75,75,75,75,75,75,75,75,75],"card_choices":[{"not_picked":["Poisoned Stab","Slice"],"picked":"Crippling Poison","floor":1},{"not_picked":["Skewer","Underhanded Strike"],"picked":"Calculated Gamble","floor":5},{"not_picked":["Slice","Backflip"],"picked":"PiercingWail","floor":7},{"not_picked":["Quick Slash","Storm of Steel"],"picked":"Tactician","floor":10},{"not_picked":["Dagger Spray","Flechettes"],"picked":"Prepared","floor":11},{"not_picked":["Dodge and Roll","Setup"],"picked":"PiercingWail","floor":12},{"not_picked":["Finisher","Masterful Stab"],"picked":"Noxious Fumes","floor":14},{"not_picked":["Grand Finale","Unload"],"picked":"Corpse Explosion","floor":16},{"not_picked":["Escape Plan","Masterful Stab"],"picked":"Sucker Punch+1","floor":18},{"not_picked":["Poisoned Stab","Slice"],"picked":"Flying Knee","floor":19},{"not_picked":["Blur","Poisoned Stab"],"picked":"Footwork","floor":20}],"player_experience":484409,"relics_obtained":[{"floor":9,"key":"Mercury Hourglass"},{"floor":10,"key":"Blood Vial"},{"floor":14,"key":"Dodecahedron"}],"event_choices":[{"damage_healed":0,"gold_gain":0,"player_choice":"Donut","damage_taken":0,"max_hp_gain":5,"max_hp_loss":0,"event_name":"Big Fish","floor":3,"gold_loss":0},{"damage_healed":0,"gold_gain":75,"player_choice":"Gather Gold","damage_taken":11,"max_hp_gain":0,"max_hp_loss":0,"event_name":"World of Goop","floor":4,"gold_loss":0}],"is_beta":false,"boss_relics":[{"not_picked":["Velvet Choker","Ring of the Serpent"],"picked":"Astrolabe"}],"items_purged_floors":[],"is_endless":false,"potions_floor_spawned":[1,5,11,14,19],"killed_by":"Snecko","ascension_level":11}