{"gold_per_floor":[109,109,125,11,28,28,0,20,93,93,11,11],"floor_reached":12,"playtime":414,"items_purged":["Strike_G"],"score":136,"play_id":"a35049a4-07dd-4762-9b8d-fd379afdd949","local_time":"20190812115212","is_ascension_mode":true,"campfire_choices":[{"data":"Accuracy","floor":6.0,"key":"SMITH"},{"data":"Storm of Steel","floor":10.0,"key":"SMITH"}],"neow_cost":"CURSE","seed_source_timestamp":1653959760090021,"circlet_count":0,"master_deck":["AscendersBane","Strike_G","Strike_G","Strike_G","Strike_G","Defend_G","Defend_G","Defend_G","Defend_G","Defend_G","Survivor","Neutralize","Doubt","Caltrops","Blade Dance","Accuracy+1","Tactician","Dagger Throw","Storm of Steel+1","Blade Dance+1","PiercingWail+1"],"special_seed":0,"relics":["Ring of the Snake","The Specimen","Toxic Egg 2"],"potions_floor_usage":[],"damage_taken":[{"damage":0.0,"enemies":"2 Louse","floor":1.0,"turns":3.0},{"damage":9.0,"enemies":"Cultist","floor":3.0,"turns":6.0},{"damage":9.0,"enemies":"Small Slimes","floor":5.0,"turns":3.0},{"damage":11.0,"enemies":"Looter","floor":7.0,"turns":4.0},{"damage":10.0,"enemies":"Exordium Thugs","floor":8.0,"turns":4.0},{"damage":42,"enemies":"Lagavulin","floor":12,"turns":5}],"seed_played":"-4168231430079019538","potions_obtained":[{"floor":1.0,"key":"Fire Potion"},{"floor":3.0,"key":"Explosive Potion"}],"is_trial":false,"path_per_floor":["M","?","M","$","M","R","M","M","T","R","$","E"],"character_chosen":"THE_SILENT","items_purchased":["Accuracy","Blade Dance+1","PiercingWail+1"],"campfire_rested":0,"item_purchase_floors":[4,11,11],"current_hp_per_floor":[59,66,57,57,48,48,37,27,27,27,27,0],"gold":11,"neow_bonus":"ONE_RARE_RELIC","is_prod":false,"is_daily":false,"chose_seed":false,"campfire_upgraded":2,"win_rate":0,"timestamp":1565635932,"path_taken":["M","?","?","$","M","R","M","M","T","R","$","E"],"build_version":"2019-07-17","purchased_purges":1,"victory":false,"max_hp_per_floor":[66,66,66,66,66,66,66,66,66,66,66,66],"card_choices":[{"not_picked":["Blade Dance","Deflect"],"picked":"Caltrops","floor":1.0},{"not_picked":["Prepared","Poisoned Stab"],"picked":"Blade Dance","floor":3.0},{"not_picked":["Blade Dance","Reflex"],"picked":"Tactician","floor":5.0},{"not_picked":["Slice","Deadly Poison"],"picked":"Dagger Throw","floor":7.0},{"not_picked":["Acrobatics","Dagger Spray"],"picked":"Storm of Steel","floor":8.0}],"player_experience":684650,"relics_obtained":[{"floor":9.0,"key":"Toxic Egg 2"}],"event_choices":[{"damage_healed":7.0,"max_hp_gain":0.0,"max_hp_loss":0.0,"gold_gain":0.0,"event_name":"Wheel of Change","player_choice":"Full Heal","floor":2.0,"gold_loss":0.0,"damage_taken":0.0}],"is_beta":false,"boss_relics":[],"items_purged_floors":[4],"is_endless":false,"potions_floor_spawned":[1,3],"killed_by":"Lagavulin","ascension_level":20}