{"gold_per_floor":[117,117,117,132,148,174,189,199,245,276,331,346,346,108,108,186,186,203,219,100,112,112,112],"floor_reached":23,"playtime":1788,"items_purged":["Strike_G"],"score":456,"play_id":"fe1c0e5e-7889-417a-8c83-324603c85633","local_time":"20190619120020","is_ascension_mode":true,"campfire_choices":[{"floor":15,"key":"REST"}],"neow_cost":"NONE","seed_source_timestamp":214306425833559,"circlet_count":0,"master_deck":["AscendersBane","Defend_G","Defend_G","Defend_G","Defend_G","Defend_G","Strike_G","Strike_G","Strike_G","Strike_G","Survivor","Neutralize+1","Sucker Punch+1","Dodge and Roll","Skewer","Noxious Fumes","Heel Hook","Caltrops","Deadly Poison","Well Laid Plans","Footwork","Backflip","Die Die Die","Flying Knee+1","Catalyst","Dodge and Roll","Neutralize"],"relics":["Ring of the Serpent","NeowsBlessing","Meat on the Bone","PreservedInsect","Mercury Hourglass","Regal Pillow","Dodecahedron","Tiny Chest"],"potions_floor_usage":[6,10,11,18,19,23],"damage_taken":[{"damage":0,"enemies":"Cultist","floor":1,"turns":1},{"damage":0,"enemies":"Small Slimes","floor":4,"turns":1},{"damage":0,"enemies":"2 Louse","floor":5,"turns":1},{"damage":24,"enemies":"3 Sentries","floor":6,"turns":16},{"damage":2,"enemies":"Blue Slaver","floor":7,"turns":4},{"damage":12,"enemies":"Exordium Wildlife","floor":8,"turns":5},{"damage":0,"enemies":"Gremlin Nob","floor":10,"turns":3},{"damage":34,"enemies":"Lagavulin Event","floor":11,"turns":5},{"damage":1,"enemies":"Red Slaver","floor":12,"turns":4},{"damage":12,"enemies":"The Guardian","floor":16,"turns":9},{"damage":8,"enemies":"Chosen","floor":18,"turns":6},{"damage":16,"enemies":"2 Thieves","floor":19,"turns":4},{"damage":25,"enemies":"Centurion and Healer","floor":21,"turns":8},{"damage":29,"enemies":"Book of Stabbing","floor":23,"turns":3}],"seed_played":"-4210131806841641195","potions_obtained":[{"floor":5,"key":"GhostInAJar"},{"floor":6,"key":"Energy Potion"},{"floor":8,"key":"Dexterity Potion"},{"floor":12,"key":"Ancient Potion"},{"floor":16,"key":"PowerPotion"},{"floor":18,"key":"GhostInAJar"},{"floor":21,"key":"Fire Potion"}],"is_trial":false,"path_per_floor":["M","?","?","M","M","E","M","M","T","E","?","M","T","$","R","B",null,"M","M","$","M","?","E"],"character_chosen":"THE_SILENT","items_purchased":["Footwork","Backflip","Tiny Chest","Catalyst"],"campfire_rested":1,"item_purchase_floors":[14,14,14,20],"current_hp_per_floor":[59,59,59,59,59,35,45,45,45,45,23,34,34,34,66,54,63,55,39,39,26,26,0],"gold":112,"neow_bonus":"THREE_ENEMY_KILL","is_prod":false,"is_daily":false,"chose_seed":false,"campfire_upgraded":0,"win_rate":0,"timestamp":1560938420,"path_taken":["M","?","?","?","?","E","M","M","T","E","?","M","?","$","R","BOSS","M","M","$","M","?","E"],"build_version":"2019-01-23","purchased_purges":1,"victory":false,"max_hp_per_floor":[66,66,66,66,66,66,66,66,66,66,66,66,66,66,66,66,66,66,66,66,66,66,66],"card_choices":[{"not_picked":["Leg Sweep","Blade Dance"],"picked":"Sucker Punch","floor":1},{"not_picked":["Choke","Accuracy"],"picked":"Dodge and Roll","floor":4},{"not_picked":["Terror","Expertise"],"picked":"Skewer","floor":5},{"not_picked":["Tactician","Choke","Distraction"],"picked":"SKIP","floor":6},{"not_picked":["Blur","Underhanded Strike"],"picked":"Noxious Fumes","floor":7},{"not_picked":["Reflex","Dagger Throw"],"picked":"Heel Hook","floor":8},{"not_picked":["Calculated Gamble","Cloak And Dagger"],"picked":"Caltrops","floor":10},{"not_picked":["Footwork","All Out Attack"],"picked":"Deadly Poison","floor":11},{"not_picked":["Dodge and Roll","Crippling Poison"],"picked":"Well Laid Plans","floor":12},{"not_picked":["Phantasmal Killer","Glass Knife"],"picked":"Die Die Die","floor":16},{"not_picked":["Cloak And Dagger","Skewer","Predator"],"picked":"SKIP","floor":18},{"not_picked":["Deadly Poison","Bane"],"picked":"Flying Knee+1","floor":19},{"not_picked":["Dagger Throw+1","Sucker Punch"],"picked":"Dodge and Roll","floor":21}],"player_experience":1358910,"relics_obtained":[{"floor":6,"key":"Meat on the Bone"},{"floor":9,"key":"PreservedInsect"},{"floor":10,"key":"Mercury Hourglass"},{"floor":11,"key":"Regal Pillow"},{"floor":13,"key":"Dodecahedron"}],"event_choices":[{"damage_healed":0,"gold_gain":0,"player_choice":"Grow","damage_taken":0,"max_hp_gain":0,"max_hp_loss":0,"event_name":"Living Wall","floor":2,"gold_loss":0,"cards_upgraded":["Sucker Punch"]},{"damage_healed":0,"gold_gain":0,"player_choice":"Upgraded","damage_taken":0,"max_hp_gain":0,"max_hp_loss":0,"event_name":"Upgrade Shrine","floor":3,"gold_loss":0,"cards_upgraded":["Neutralize"]},{"damage_healed":0,"gold_gain":0,"player_choice":"Searched \u00271\u0027 times","damage_taken":0,"max_hp_gain":0,"max_hp_loss":0,"event_name":"Dead Adventurer","floor":11,"gold_loss":0},{"damage_healed":0,"gold_gain":0,"player_choice":"1 cards matched","damage_taken":0,"max_hp_gain":0,"max_hp_loss":0,"event_name":"Match and Keep!","floor":22,"gold_loss":0,"cards_obtained":["Neutralize"]}],"is_beta":false,"boss_relics":[{"not_picked":["Philosopher\u0027s Stone","White Beast Statue"],"picked":"Ring of the Serpent"}],"items_purged_floors":[20],"is_endless":false,"potions_floor_spawned":[5,6,8,12,16,18,21],"killed_by":"Book of Stabbing","ascension_level":20}