{"gold_per_floor":[109,109,67,78,91,122,122,45,72,102,102,102,113,132,132,211,211,224,149,49,49],"floor_reached":21,"playtime":1215,"items_purged":["Strike_G"],"score":337,"play_id":"aec664bb-2da2-441a-9174-f25fb07f2c97","local_time":"20190730123030","is_ascension_mode":true,"campfire_choices":[{"floor":7.0,"key":"REST"},{"floor":12.0,"key":"REST"},{"data":"Burst","floor":15.0,"key":"SMITH"}],"neow_cost":"NONE","seed_source_timestamp":532513241256291,"circlet_count":0,"master_deck":["AscendersBane","Strike_G","Strike_G","Strike_G","Defend_G","Defend_G","Defend_G","Defend_G","Defend_G","Survivor","Neutralize","Caltrops+1","Noxious Fumes","Blur","Flying Knee","Burst+1","Masterful Stab","PiercingWail","PiercingWail","Escape Plan","Envenom","Shame","Writhe","Parasite","Deflect","Deflect"],"special_seed":0,"relics":["Ring of the Snake","Ancient Tea Set","Blood Vial","Centennial Puzzle","Bottled Tornado","Calling Bell","Omamori","Paper Crane","Ice Cream"],"potions_floor_usage":[],"damage_taken":[{"damage":1.0,"enemies":"2 Louse","floor":1.0,"turns":5.0},{"damage":15.0,"enemies":"Small Slimes","floor":4.0,"turns":5.0},{"damage":4.0,"enemies":"Jaw Worm","floor":5.0,"turns":5.0},{"damage":33.0,"enemies":"Lagavulin","floor":6.0,"turns":9.0},{"damage":17.0,"enemies":"3 Sentries","floor":10.0,"turns":8.0},{"damage":0.0,"enemies":"Looter","floor":13.0,"turns":3.0},{"damage":5.0,"enemies":"Gremlin Gang","floor":14.0,"turns":6.0},{"damage":14.0,"enemies":"Hexaghost","floor":16.0,"turns":12.0},{"damage":45,"enemies":"Spheric Guardian","floor":18,"turns":10},{"damage":17,"enemies":"Chosen","floor":21,"turns":4}],"seed_played":"-9126931520025488583","potions_obtained":[{"floor":6.0,"key":"Ancient Potion"},{"floor":13.0,"key":"AttackPotion"},{"floor":16.0,"key":"Fire Potion"},{"floor":18,"key":"SteroidPotion"}],"is_trial":false,"path_per_floor":["M","?","$","M","M","E","R","$","T","E","?","R","M","M","R","B",null,"M","?","$","M"],"character_chosen":"THE_SILENT","items_purchased":["Noxious Fumes","Masterful Stab","Deflect"],"campfire_rested":2,"item_purchase_floors":[3,8,20],"current_hp_per_floor":[58,58,58,43,39,6,25,25,25,10,5,24,26,23,23,11,52,9,9,9,0],"gold":49,"neow_bonus":"RANDOM_COMMON_RELIC","is_prod":false,"is_daily":false,"chose_seed":false,"campfire_upgraded":1,"win_rate":0,"timestamp":1564515030,"path_taken":["M","?","$","M","M","E","R","$","T","E","?","R","M","M","R","BOSS","M","?","$","M"],"build_version":"2019-07-17","purchased_purges":1,"victory":false,"max_hp_per_floor":[66,66,66,66,66,66,66,66,66,66,66,66,66,66,66,66,66,66,66,66,66],"card_choices":[{"not_picked":["Cloak And Dagger","Blur"],"picked":"Caltrops","floor":1.0},{"not_picked":["Quick Slash","Masterful Stab"],"picked":"Blur","floor":4.0},{"not_picked":["Riddle With Holes","Masterful Stab"],"picked":"Flying Knee","floor":5.0},{"not_picked":["Masterful Stab","Heel Hook"],"picked":"Burst","floor":6.0},{"not_picked":["Outmaneuver","Flechettes"],"picked":"PiercingWail","floor":10.0},{"not_picked":["Tactician","Infinite Blades"],"picked":"PiercingWail","floor":13.0},{"not_picked":["Catalyst","Dagger Throw"],"picked":"Escape Plan","floor":14.0},{"not_picked":["Venomology","Unload"],"picked":"Envenom","floor":16.0},{"not_picked":["Sucker Punch","Dagger Spray"],"picked":"Deflect","floor":18}],"player_experience":554428,"relics_obtained":[{"floor":6.0,"key":"Blood Vial"},{"floor":9.0,"key":"Centennial Puzzle"},{"floor":10.0,"key":"Bottled Tornado"},{"floor":17.0,"key":"Omamori"},{"floor":17.0,"key":"Paper Crane"},{"floor":17.0,"key":"Ice Cream"}],"event_choices":[{"damage_healed":0.0,"max_hp_gain":0.0,"max_hp_loss":0.0,"gold_gain":0.0,"event_name":"Living Wall","player_choice":"Grow","floor":2.0,"gold_loss":0.0,"damage_taken":0.0,"cards_upgraded":["Caltrops"]},{"damage_healed":0.0,"max_hp_gain":0.0,"max_hp_loss":0.0,"gold_gain":0.0,"event_name":"Scrap Ooze","player_choice":"Fled","floor":11.0,"gold_loss":0.0,"damage_taken":5.0},{"cards_removed":["Strike_G"],"damage_healed":0,"gold_gain":0,"player_choice":"Gave Gold","damage_taken":0,"max_hp_gain":0,"max_hp_loss":0,"event_name":"Beggar","floor":19,"gold_loss":75}],"is_beta":false,"boss_relics":[{"not_picked":["Runic Dome","Snecko Eye"],"picked":"Calling Bell"}],"items_purged_floors":[20],"is_endless":false,"potions_floor_spawned":[6,13,14,16,18],"killed_by":"Chosen","ascension_level":16}