{"gold_per_floor":[116,13,13,25,41,41,61,80,80,80,80,30,17,29,29,105,105,118,118,118,129,142,142,142,142,216,216,227,562,35,46,46,46],"floor_reached":33,"playtime":2265,"items_purged":[],"score":518,"play_id":"33a9cdae-3627-4f26-b9c9-0bbf738db673","local_time":"20190820111118","is_ascension_mode":true,"campfire_choices":[{"data":"Prepared","floor":6.0,"key":"SMITH"},{"floor":11.0,"key":"REST"},{"floor":15.0,"key":"REST"},{"floor":23.0,"key":"REST"},{"data":"A Thousand Cuts","floor":25.0,"key":"SMITH"},{"data":"Reflex","floor":27.0,"key":"SMITH"},{"floor":32.0,"key":"REST"}],"neow_cost":"NONE","seed_source_timestamp":2341010228036311,"circlet_count":0,"master_deck":["AscendersBane","Strike_G","Strike_G","Strike_G","Strike_G","Defend_G","Defend_G","Defend_G","Defend_G","Defend_G","Survivor","Neutralize","Prepared+1","Panacea+1","Underhanded Strike","Reflex+1","Dagger Spray","Noxious Fumes","PiercingWail+1","Crippling Poison+1","Corpse Explosion+1","A Thousand Cuts+1","Choke+1","Deadly Poison+1","Bane","Prepared+1","Underhanded Strike+1","Panache","Underhanded Strike","Caltrops","Prepared+1","PiercingWail+1"],"special_seed":0,"relics":["Ring of the Snake","Omamori","Shovel","Toxic Egg 2","HoveringKite","Enchiridion","Meat on the Bone","Old Coin","Lantern"],"potions_floor_usage":[],"damage_taken":[{"damage":1.0,"enemies":"Cultist","floor":1.0,"turns":4.0},{"damage":0.0,"enemies":"2 Louse","floor":4.0,"turns":3.0},{"damage":15.0,"enemies":"Jaw Worm","floor":5.0,"turns":6.0},{"damage":12.0,"enemies":"Blue Slaver","floor":7.0,"turns":5.0},{"damage":12.0,"enemies":"3 Louse","floor":8.0,"turns":3.0},{"damage":13.0,"enemies":"Exordium Thugs","floor":13.0,"turns":5.0},{"damage":9.0,"enemies":"Looter","floor":14.0,"turns":5.0},{"damage":17.0,"enemies":"Slime Boss","floor":16.0,"turns":10.0},{"damage":0.0,"enemies":"3 Byrds","floor":18.0,"turns":2.0},{"damage":6.0,"enemies":"Spheric Guardian","floor":21.0,"turns":3.0},{"damage":14.0,"enemies":"Snake Plant","floor":22.0,"turns":4.0},{"damage":6.0,"enemies":"Centurion and Healer","floor":28.0,"turns":6.0},{"damage":27.0,"enemies":"Slavers","floor":29.0,"turns":4.0},{"damage":11.0,"enemies":"3 Cultists","floor":31.0,"turns":4.0},{"damage":41,"enemies":"Automaton","floor":33,"turns":4}],"seed_played":"4005258617454346850","potions_obtained":[{"floor":4.0,"key":"GhostInAJar"},{"floor":5.0,"key":"Energy Potion"},{"floor":16.0,"key":"Strength Potion"}],"is_trial":false,"path_per_floor":["M","$","?","M","M","R","M","M","T","?","R","$","M","M","R","B",null,"M","?","?","M","M","R","?","R","T","R","M","E","$","M","R","B"],"character_chosen":"THE_SILENT","items_purchased":["Panacea","PiercingWail+1","Panache","Lantern","Underhanded Strike","Caltrops","Prepared+1"],"campfire_rested":4,"item_purchase_floors":[2,12,30,30,30,30,30],"current_hp_per_floor":[58,58,58,58,43,43,31,19,19,8,27,27,14,5,24,7,51,51,51,30,24,10,29,29,29,29,29,35,20,20,21,40,0],"gold":46,"neow_bonus":"RANDOM_COMMON_RELIC","is_prod":false,"is_daily":false,"chose_seed":false,"campfire_upgraded":3,"win_rate":0,"timestamp":1566324678,"path_taken":["M","$","?","M","M","R","M","?","T","?","R","$","M","M","R","BOSS","M","?","?","M","M","R","?","R","T","R","M","E","$","M","R","BOSS"],"build_version":"2019-07-17","purchased_purges":0,"victory":false,"max_hp_per_floor":[66,66,66,66,66,66,66,66,66,66,66,66,66,66,66,66,66,66,66,66,66,66,66,66,66,66,66,66,66,66,66,66,66],"card_choices":[{"not_picked":["Underhanded Strike","Backflip"],"picked":"Prepared","floor":1.0},{"not_picked":["Cloak And Dagger","Flechettes"],"picked":"Underhanded Strike","floor":4.0},{"not_picked":["Poisoned Stab","Dagger Spray"],"picked":"Reflex","floor":5.0},{"not_picked":["Outmaneuver","Prepared"],"picked":"Dagger Spray","floor":7.0},{"not_picked":["Setup","Choke"],"picked":"Noxious Fumes","floor":8.0},{"not_picked":["Blade Dance+1","Riddle With Holes"],"picked":"Crippling Poison+1","floor":13.0},{"not_picked":["Deadly Poison+1","Underhanded Strike"],"picked":"Corpse Explosion+1","floor":14.0},{"not_picked":["Doppelganger+1","Envenom"],"picked":"A Thousand Cuts","floor":16.0},{"not_picked":["Terror+1","Skewer"],"picked":"Choke+1","floor":18.0},{"not_picked":["Bane","Sucker Punch"],"picked":"Deadly Poison+1","floor":21.0},{"not_picked":["Underhanded Strike","Deadly Poison+1"],"picked":"Bane","floor":22.0},{"not_picked":["Distraction+1","Outmaneuver+1"],"picked":"Prepared+1","floor":28.0},{"not_picked":["Sucker Punch","Distraction+1"],"picked":"Underhanded Strike+1","floor":29.0},{"not_picked":["Deadly Poison+1","Flechettes"],"picked":"PiercingWail+1","floor":31.0}],"player_experience":791577,"relics_obtained":[{"floor":9.0,"key":"Shovel"},{"floor":20.0,"key":"Enchiridion"},{"floor":26.0,"key":"Meat on the Bone"},{"floor":29.0,"key":"Old Coin"}],"event_choices":[{"damage_healed":0.0,"max_hp_gain":0.0,"max_hp_loss":0.0,"gold_gain":0.0,"event_name":"Accursed Blacksmith","player_choice":"Forge","floor":3.0,"gold_loss":0.0,"damage_taken":0.0,"cards_upgraded":["Panacea"]},{"damage_healed":0.0,"max_hp_gain":0.0,"max_hp_loss":0.0,"gold_gain":0.0,"event_name":"Scrap Ooze","player_choice":"Success","floor":10.0,"gold_loss":0.0,"damage_taken":11.0,"relics_obtained":["Toxic Egg 2"]},{"damage_healed":0.0,"max_hp_gain":0.0,"max_hp_loss":0.0,"gold_gain":0.0,"event_name":"Ghosts","player_choice":"Ignored","floor":19.0,"gold_loss":0.0,"damage_taken":0.0},{"damage_healed":0.0,"max_hp_gain":0.0,"max_hp_loss":0.0,"gold_gain":0.0,"event_name":"Cursed Tome","player_choice":"Obtained Book","floor":20.0,"gold_loss":0.0,"damage_taken":21.0},{"cards_removed":["Strike_G"],"damage_healed":0.0,"max_hp_gain":0.0,"max_hp_loss":0.0,"gold_gain":0.0,"event_name":"Purifier","player_choice":"Purged","floor":24.0,"gold_loss":0.0,"damage_taken":0.0}],"is_beta":false,"boss_relics":[{"not_picked":["Ring of the Serpent","Philosopher\u0027s Stone"],"picked":"HoveringKite"}],"items_purged_floors":[],"is_endless":false,"potions_floor_spawned":[4,5,7,16,21,29],"killed_by":"Automaton","ascension_level":20}