{"gold_per_floor":[111,17,32,45,65,65,97,112,164,190,190,190,38,54,54,159,159,173,19,37,37,37],"floor_reached":22,"playtime":1499,"items_purged":[],"score":294,"play_id":"97c91678-8958-4613-8d3f-9bb13ca3ec0b","local_time":"20190719111636","is_ascension_mode":true,"campfire_choices":[{"data":"Noxious Fumes","floor":6,"key":"SMITH"},{"data":"Caltrops","floor":11,"key":"SMITH"},{"floor":15,"key":"REST"}],"neow_cost":"NONE","seed_source_timestamp":594832088809404,"circlet_count":0,"master_deck":["AscendersBane","Strike_G","Strike_G","Strike_G","Strike_G","Strike_G","Defend_G","Defend_G","Defend_G","Defend_G","Defend_G","Survivor","Neutralize","Leg Sweep","Masterful Stab","Prepared","Caltrops+1","Noxious Fumes+1","Backflip","Flechettes","Masterful Stab","Corpse Explosion","Poisoned Stab","Endless Agony","Envenom","Well Laid Plans","Heel Hook","RitualDagger"],"relics":["Ring of the Snake","Calipers","Omamori","Bottled Tornado","Pen Nib","Black Star","Lantern"],"potions_floor_usage":[10,16,16],"damage_taken":[{"damage":1,"enemies":"2 Louse","floor":1,"turns":6},{"damage":0,"enemies":"Cultist","floor":3,"turns":4},{"damage":4,"enemies":"Jaw Worm","floor":4,"turns":4},{"damage":8,"enemies":"3 Louse","floor":5,"turns":4},{"damage":15,"enemies":"3 Sentries","floor":7,"turns":7},{"damage":4,"enemies":"Red Slaver","floor":8,"turns":4},{"damage":17,"enemies":"Lagavulin","floor":10,"turns":5},{"damage":0,"enemies":"Looter","floor":14,"turns":4},{"damage":11,"enemies":"Hexaghost","floor":16,"turns":9},{"damage":17,"enemies":"Shell Parasite","floor":18,"turns":5},{"damage":19,"enemies":"Chosen","floor":20,"turns":4},{"damage":20,"enemies":"3 Cultists","floor":22,"turns":4}],"seed_played":"7380497596398368735","potions_obtained":[{"floor":3,"key":"Explosive Potion"},{"floor":7,"key":"Strength Potion"},{"floor":8,"key":"Block Potion"},{"floor":10,"key":"AttackPotion"},{"floor":20,"key":"Energy Potion"}],"is_trial":false,"path_per_floor":["M","$","M","M","M","R","E","M","T","E","R","?","$","M","R","B",null,"M","$","M","?","M"],"character_chosen":"THE_SILENT","items_purchased":["Prepared","Caltrops","Pen Nib","Lantern"],"campfire_rested":1,"item_purchase_floors":[2,2,13,19],"current_hp_per_floor":[62,62,62,58,50,50,35,31,31,14,14,7,7,7,28,17,57,40,40,21,15,0],"gold":37,"neow_bonus":"THREE_CARDS","is_prod":false,"is_daily":false,"chose_seed":false,"campfire_upgraded":2,"win_rate":0,"timestamp":1563560196,"path_taken":["M","$","M","M","M","R","E","M","T","E","R","?","?","M","R","BOSS","M","$","M","?","M"],"build_version":"2019-07-17","purchased_purges":0,"victory":false,"max_hp_per_floor":[70,70,70,70,70,70,70,70,70,70,70,70,70,70,70,70,70,70,70,70,70,70],"card_choices":[{"not_picked":["Cloak And Dagger","Prepared"],"picked":"Leg Sweep","floor":0},{"not_picked":["Blade Dance","Eviscerate"],"picked":"Masterful Stab","floor":1},{"not_picked":["Prepared","Endless Agony"],"picked":"Noxious Fumes","floor":3},{"not_picked":["Sucker Punch","Slice"],"picked":"Backflip","floor":4},{"not_picked":["Deadly Poison","Bane"],"picked":"Flechettes","floor":5},{"not_picked":["Cloak And Dagger","Accuracy"],"picked":"Masterful Stab","floor":7},{"not_picked":["Backstab","Leg Sweep"],"picked":"Corpse Explosion","floor":8},{"not_picked":["Blade Dance","Prepared"],"picked":"Poisoned Stab","floor":10},{"not_picked":["Infinite Blades","Skewer"],"picked":"Endless Agony","floor":14},{"not_picked":["Corpse Explosion","Phantasmal Killer"],"picked":"Envenom","floor":16},{"not_picked":["Acrobatics","Escape Plan"],"picked":"Well Laid Plans","floor":18},{"not_picked":["Bane","Blade Dance"],"picked":"Heel Hook","floor":20}],"player_experience":379409,"relics_obtained":[{"floor":7,"key":"Calipers"},{"floor":9,"key":"Omamori"},{"floor":10,"key":"Bottled Tornado"}],"event_choices":[{"damage_healed":0,"gold_gain":0,"player_choice":"Damaged","damage_taken":7,"max_hp_gain":0,"max_hp_loss":0,"event_name":"Wheel of Change","floor":12,"gold_loss":0},{"damage_healed":0,"gold_gain":0,"player_choice":"Joined the Cult","damage_taken":6,"max_hp_gain":0,"max_hp_loss":0,"event_name":"Nest","floor":21,"gold_loss":0,"cards_obtained":["RitualDagger"]}],"is_beta":false,"boss_relics":[{"not_picked":["Philosopher\u0027s Stone","Velvet Choker"],"picked":"Black Star"}],"items_purged_floors":[],"is_endless":false,"potions_floor_spawned":[3,7,8,10,14,20],"killed_by":"3 Cultists","ascension_level":10}