{"gold_per_floor":[118,118,43,59,59,86,86,120,144,163,178,189,201,213,213,285,285,297,309,21,38,38,38,38,63,86,86,11,11,11,29,29,102,152,170,62,42,62,62],"floor_reached":39,"playtime":2433,"items_purged":["Regret"],"score":897,"play_id":"4f09b1f4-9860-414e-b3c4-22bcb77bcb0b","local_time":"20190816091500","is_ascension_mode":true,"campfire_choices":[{"data":"Tactician","floor":7.0,"key":"SMITH"},{"data":"Footwork","floor":15.0,"key":"SMITH"},{"floor":23.0,"key":"REST"},{"floor":27.0,"key":"REST"},{"data":"RitualDagger","floor":29.0,"key":"SMITH"},{"floor":32.0,"key":"REST"}],"neow_cost":"NONE","seed_source_timestamp":1987515155720441,"circlet_count":0,"master_deck":["AscendersBane","Strike_G","Strike_G","Strike_G","Strike_G","Strike_G","Defend_G","Defend_G","Defend_G","Defend_G","Defend_G","Survivor","Neutralize","Sucker Punch+1","Tactician+1","Dagger Throw","Well Laid Plans","Footwork+1","All Out Attack","Underhanded Strike","Leg Sweep","Dodge and Roll","Dagger Spray","A Thousand Cuts","PiercingWail","Dash","Corpse Explosion","RitualDagger+1","Deflect+1","Poisoned Stab","After Image","Outmaneuver","Reflex","Underhanded Strike","Dodge and Roll","Underhanded Strike"],"special_seed":0,"relics":["Ring of the Snake","NeowsBlessing","Vajra","Potion Belt","Snake Skull","Cursed Key","Shuriken","Gremlin Horn","Orichalcum","Tiny House"],"potions_floor_usage":[],"damage_taken":[{"damage":0.0,"enemies":"Small Slimes","floor":1.0,"turns":1.0},{"damage":0.0,"enemies":"2 Louse","floor":4.0,"turns":1.0},{"damage":0.0,"enemies":"Gremlin Nob","floor":6.0,"turns":1.0},{"damage":18.0,"enemies":"3 Sentries","floor":8.0,"turns":11.0},{"damage":4.0,"enemies":"Cultist","floor":10.0,"turns":3.0},{"damage":0.0,"enemies":"Gremlin Gang","floor":11.0,"turns":2.0},{"damage":0.0,"enemies":"2 Fungi Beasts","floor":12.0,"turns":3.0},{"damage":4.0,"enemies":"3 Louse","floor":13.0,"turns":4.0},{"damage":0.0,"enemies":"Exordium Wildlife","floor":14.0,"turns":2.0},{"damage":5.0,"enemies":"The Guardian","floor":16.0,"turns":16.0},{"damage":16.0,"enemies":"3 Byrds","floor":18.0,"turns":7.0},{"damage":9.0,"enemies":"Shell Parasite","floor":19.0,"turns":7.0},{"damage":14.0,"enemies":"Shelled Parasite and Fungi","floor":21.0,"turns":7.0},{"damage":14.0,"enemies":"Book of Stabbing","floor":25.0,"turns":7.0},{"damage":20.0,"enemies":"Snecko","floor":31.0,"turns":7.0},{"damage":31.0,"enemies":"Automaton","floor":33.0,"turns":12.0},{"damage":0.0,"enemies":"3 Shapes","floor":35.0,"turns":2.0},{"damage":23.0,"enemies":"3 Darklings","floor":38.0,"turns":3.0},{"damage":40,"enemies":"Transient","floor":39,"turns":4}],"seed_played":"5848841749893187684","potions_obtained":[{"floor":4.0,"key":"Explosive Potion"},{"floor":6.0,"key":"EssenceOfSteel"},{"floor":8.0,"key":"Energy Potion"},{"floor":14.0,"key":"Poison Potion"},{"floor":16.0,"key":"Energy Potion"},{"floor":18.0,"key":"Energy Potion"},{"floor":21.0,"key":"Explosive Potion"},{"floor":31.0,"key":"Fire Potion"},{"floor":33.0,"key":"Block Potion"},{"floor":34.0,"key":"LiquidBronze"},{"floor":37.0,"key":"GamblersBrew"}],"is_trial":false,"path_per_floor":["M","?","$","M","?","E","R","E","T","M","M","M","M","M","R","B",null,"M","M","$","M","?","R","?","E","T","R","$","R","$","M","R","B",null,"M","$","?","M","M"],"character_chosen":"THE_SILENT","items_purchased":["Tactician","Shuriken","Underhanded Strike","Dodge and Roll"],"campfire_rested":3,"item_purchase_floors":[3,20,36,36],"current_hp_per_floor":[59,59,59,59,59,59,59,41,41,37,37,37,33,33,33,28,57,41,32,32,18,12,31,31,17,17,36,36,36,36,16,35,4,56,56,56,56,33,0],"gold":62,"neow_bonus":"THREE_ENEMY_KILL","is_prod":false,"is_daily":false,"chose_seed":false,"campfire_upgraded":3,"win_rate":0,"timestamp":1565972100,"path_taken":["M","?","$","M","?","E","R","E","T","M","M","?","?","M","R","BOSS","M","M","$","M","?","R","?","E","T","R","$","R","?","M","R","BOSS","M","$","?","M","M"],"build_version":"2019-07-17","purchased_purges":1,"victory":false,"max_hp_per_floor":[66,66,66,66,66,66,66,66,66,66,66,66,66,66,66,66,66,66,66,66,66,66,66,66,66,66,66,66,66,66,66,66,66,71,71,71,71,71,71],"card_choices":[{"not_picked":["Acrobatics","Reflex"],"picked":"Sucker Punch","floor":1.0},{"not_picked":["Deadly Poison","Blade Dance"],"picked":"Dagger Throw","floor":4.0},{"not_picked":["Adrenaline","Riddle With Holes"],"picked":"Well Laid Plans","floor":6.0},{"not_picked":["Masterful Stab","Flying Knee"],"picked":"Footwork","floor":8.0},{"not_picked":["Flying Knee","Dagger Throw"],"picked":"All Out Attack","floor":10.0},{"not_picked":["Quick Slash","Prepared"],"picked":"Underhanded Strike","floor":11.0},{"not_picked":["Heel Hook","Endless Agony"],"picked":"Leg Sweep","floor":12.0},{"not_picked":["Riddle With Holes","Flying Knee"],"picked":"Dodge and Roll","floor":13.0},{"not_picked":["Slice","Riddle With Holes"],"picked":"Dagger Spray","floor":14.0},{"not_picked":["Grand Finale","Night Terror"],"picked":"A Thousand Cuts","floor":16.0},{"not_picked":["Dodge and Roll","Finisher"],"picked":"PiercingWail","floor":18.0},{"not_picked":["Sucker Punch","Poisoned Stab"],"picked":"Dash","floor":19.0},{"not_picked":["Cloak And Dagger+1","Blade Dance"],"picked":"Corpse Explosion","floor":21.0},{"not_picked":["PiercingWail","Acrobatics"],"picked":"Deflect","floor":25.0},{"not_picked":["Deadly Poison","Crippling Poison"],"picked":"Poisoned Stab","floor":31.0},{"not_picked":["Glass Knife","Adrenaline"],"picked":"After Image","floor":33.0},{"not_picked":["Skewer","Setup"],"picked":"Outmaneuver","floor":34.0},{"not_picked":["Slice","Calculated Gamble+1"],"picked":"Reflex","floor":35.0},{"not_picked":["Deadly Poison","Concentrate"],"picked":"Underhanded Strike","floor":38.0}],"player_experience":754644,"relics_obtained":[{"floor":6.0,"key":"Vajra"},{"floor":8.0,"key":"Potion Belt"},{"floor":9.0,"key":"Snake Skull"},{"floor":25.0,"key":"Gremlin Horn"},{"floor":26.0,"key":"Orichalcum"}],"event_choices":[{"damage_healed":0.0,"max_hp_gain":0.0,"max_hp_loss":0.0,"gold_gain":0.0,"event_name":"Living Wall","player_choice":"Grow","floor":2.0,"gold_loss":0.0,"damage_taken":0.0,"cards_upgraded":["Sucker Punch"]},{"damage_healed":0.0,"max_hp_gain":0.0,"max_hp_loss":0.0,"gold_gain":0.0,"event_name":"FaceTrader","player_choice":"Leave","floor":5.0,"gold_loss":0.0,"damage_taken":0.0},{"damage_healed":0.0,"max_hp_gain":0.0,"max_hp_loss":0.0,"gold_gain":0.0,"event_name":"Nest","player_choice":"Joined the Cult","floor":22.0,"gold_loss":0.0,"damage_taken":6.0,"cards_obtained":["RitualDagger"]},{"damage_healed":0.0,"max_hp_gain":0.0,"max_hp_loss":0.0,"gold_gain":0.0,"event_name":"Ghosts","player_choice":"Ignored","floor":24.0,"gold_loss":0.0,"damage_taken":0.0},{"damage_healed":0.0,"max_hp_gain":0.0,"max_hp_loss":0.0,"gold_gain":0.0,"event_name":"The Woman in Blue","player_choice":"Bought 1 Potion","floor":37.0,"gold_loss":0.0,"damage_taken":0.0}],"is_beta":false,"boss_relics":[{"not_picked":["Busted Crown","White Beast Statue"],"picked":"Cursed Key"},{"not_picked":["Pandora\u0027s Box","Runic Dome"],"picked":"Tiny House"}],"items_purged_floors":[28],"is_endless":false,"potions_floor_spawned":[4,6,8,14,16,18,21,31,33],"killed_by":"Transient","ascension_level":20}