{"gold_per_floor":[114,132,132,149,166,166,179,210,210,222],"floor_reached":10,"playtime":964,"items_purged":[],"score":77,"play_id":"6342cc5a-be8a-4da8-8c67-4f5474015863","local_time":"20180813202342","is_ascension_mode":true,"campfire_choices":[{"data":"Hemokinesis","floor":6,"key":"SMITH"}],"neow_cost":"","seed_source_timestamp":241377169525213,"circlet_count":0,"master_deck":["Strike_R","Strike_R","Strike_R","Strike_R","Defend_R","Defend_R","Defend_R","Defend_R","Bash","Headbutt","Shrug It Off","True Grit","Hemokinesis+1","Cleave","Warcry"],"relics":["Burning Blood","Boot","MawBank"],"potions_floor_usage":[7,10,10],"damage_taken":[{"damage":7,"enemies":"2 Louse","floor":1,"turns":3},{"damage":3,"enemies":"Small Slimes","floor":2,"turns":3},{"damage":12,"enemies":"Jaw Worm","floor":4,"turns":2},{"damage":15,"enemies":"Looter","floor":5,"turns":3},{"damage":11,"enemies":"Gremlin Gang","floor":7,"turns":6},{"damage":42,"enemies":"3 Sentries","floor":8,"turns":6},{"damage":33,"enemies":"Lagavulin","floor":10,"turns":5}],"seed_played":"3406346545598793153","potions_obtained":[{"floor":1,"key":"Swift Potion"},{"floor":2,"key":"PowerPotion"},{"floor":4,"key":"GamblersBrew"}],"is_trial":false,"path_per_floor":["M","M","?","M","M","R","M","E","T"],"character_chosen":"IRONCLAD","items_purchased":[],"campfire_rested":0,"item_purchase_floors":[],"current_hp_per_floor":[79,80,73,67,58,58,53,17,17,0],"gold":222,"neow_bonus":"","is_prod":false,"is_daily":false,"chose_seed":false,"campfire_upgraded":1,"win_rate":0,"timestamp":1534184622,"path_taken":["M","M","?","M","M","R","M","E","T","E"],"build_version":"2018-08-09","purchased_purges":0,"victory":false,"max_hp_per_floor":[80,80,80,80,80,80,80,80,80,80],"card_choices":[{"not_picked":["Battle Trance","Shockwave"],"picked":"Headbutt","floor":1},{"not_picked":["Perfected Strike","Iron Wave"],"picked":"Shrug It Off","floor":2},{"not_picked":["Perfected Strike","Shrug It Off"],"picked":"True Grit","floor":4},{"not_picked":["Clash","Rupture"],"picked":"Hemokinesis","floor":5},{"not_picked":["Warcry","Shrug It Off"],"picked":"Cleave","floor":7},{"not_picked":["Brutality","Perfected Strike"],"picked":"Warcry","floor":8}],"player_experience":304837,"relics_obtained":[{"floor":8,"key":"Boot"},{"floor":9,"key":"MawBank"}],"event_choices":[{"event_name":"Golden Wing","player_choice":"Card Removal","floor":3,"damage_taken":0}],"is_beta":false,"boss_relics":[],"items_purged_floors":[],"is_endless":false,"potions_floor_spawned":[1,2,4],"killed_by":"Lagavulin","ascension_level":2}