{"gold_per_floor":[117,117,135,135,135,135,149,149,149,168,168,16,16,34,34,107,107,122,122,135,146,361,361,53,73,141,141,141,154,154,165,165,244,244,257,73,23,23,36,36,52,52,52,63,79,104,104,104,104,104],"floor_reached":50,"playtime":5053,"items_purged":["Strike_B","Strike_B","Defend_B","Defend_B"],"score":1024,"play_id":"d369419b-3e54-4d90-b285-292d1d4b488c","local_time":"20190819200327","is_ascension_mode":true,"campfire_choices":[{"floor":6,"key":"DIG"},{"floor":8,"key":"DIG"},{"floor":11,"key":"DIG"},{"floor":13,"key":"DIG"},{"floor":15,"key":"DIG"},{"floor":23,"key":"DIG"},{"floor":28,"key":"DIG"},{"floor":30,"key":"DIG"},{"floor":32,"key":"DIG"},{"floor":40,"key":"DIG"},{"floor":42,"key":"REST"},{"floor":49,"key":"DIG"}],"neow_cost":"PERCENT_DAMAGE","seed_source_timestamp":89848477364700,"circlet_count":0,"master_deck":["AscendersBane","Strike_B","Defend_B","Defend_B","Zap","Dualcast","Purity","Good Instincts","Ball Lightning+1","Seek","Gash+1","Hyperbeam","Hologram","Sweeping Beam","Defragment","Loop","Creative AI","Heatsinks+1","Defragment","Reprogram+1","Mayhem","Leap","Force Field","Machine Learning","Glacier+1","Sweeping Beam","Glacier+1","Skim","Reinforced Body","Mayhem"],"relics":["FrozenCore","Shovel","Unceasing Top","Matryoshka","Art of War","Mummified Hand","Gremlin Horn","StoneCalendar","Dead Branch","Snecko Eye","Whetstone","Symbiotic Virus","Old Coin","Centennial Puzzle","Sundial","FossilizedHelix","Bottled Tornado","Smiling Mask","PreservedInsect","Oddly Smooth Stone","Pear","Bird Faced Urn"],"potions_floor_usage":[21,33,33,44,50,50],"damage_taken":[{"damage":0,"enemies":"Small Slimes","floor":1,"turns":3},{"damage":0,"enemies":"2 Louse","floor":3,"turns":2},{"damage":0,"enemies":"Cultist","floor":7,"turns":2},{"damage":5,"enemies":"Exordium Thugs","floor":10,"turns":3},{"damage":5,"enemies":"Red Slaver","floor":14,"turns":4},{"damage":16,"enemies":"The Guardian","floor":16,"turns":8},{"damage":15,"enemies":"2 Thieves","floor":18,"turns":3},{"damage":0,"enemies":"Spheric Guardian","floor":20,"turns":4},{"damage":0,"enemies":"Snake Plant","floor":21,"turns":2},{"damage":0,"enemies":"Cultist and Chosen","floor":25,"turns":3},{"damage":0,"enemies":"Shelled Parasite and Fungi","floor":29,"turns":2},{"damage":0,"enemies":"Snecko","floor":31,"turns":3},{"damage":31,"enemies":"Automaton","floor":33,"turns":9},{"damage":22,"enemies":"3 Darklings","floor":35,"turns":5},{"damage":7,"enemies":"3 Shapes","floor":39,"turns":3},{"damage":10,"enemies":"3 Darklings","floor":41,"turns":2},{"damage":15,"enemies":"Sphere and 2 Shapes","floor":44,"turns":5},{"damage":17,"enemies":"Spire Growth","floor":45,"turns":6},{"damage":0,"enemies":"Giant Head","floor":46,"turns":7},{"damage":117,"enemies":"Awakened One","floor":50,"turns":8}],"seed_played":"3279920519203565717","potions_obtained":[{"floor":1,"key":"Ancient Potion"},{"floor":16,"key":"SpeedPotion"},{"floor":20,"key":"SkillPotion"},{"floor":21,"key":"Energy Potion"},{"floor":41,"key":"Fire Potion"},{"floor":45,"key":"Fruit Juice"}],"is_trial":false,"path_per_floor":["M","?","M","?","?","R","M","R","T","M","R","$","R","M","R","B",null,"M","T","M","M","?","R","$","M","T","?","R","M","R","M","R","B",null,"M","$","$","?","M","R","M","R","T","M","M","E","?","?","R","B"],"character_chosen":"DEFECT","items_purchased":["Defragment","Mayhem","Sweeping Beam","LiquidBronze"],"campfire_rested":1,"item_purchase_floors":[12,24,36,36],"current_hp_per_floor":[46,46,46,35,35,35,35,35,35,30,30,30,30,25,25,9,56,41,41,41,41,41,41,41,41,41,34,34,34,34,34,34,3,54,32,32,32,32,25,25,15,36,36,21,4,14,14,66,66,0],"gold":104,"neow_bonus":"RANDOM_COLORLESS_2","is_prod":false,"is_daily":false,"chose_seed":false,"campfire_upgraded":0,"win_rate":0,"timestamp":1566237807,"path_taken":["M","?","M","?","?","R","?","R","T","M","R","?","R","M","R","BOSS","M","?","M","M","?","R","$","M","T","?","R","M","R","M","R","BOSS","M","?","$","?","M","R","M","R","T","?","M","E","?","?","R","BOSS"],"build_version":"2019-07-17","purchased_purges":4,"victory":false,"max_hp_per_floor":[71,71,71,71,71,71,71,71,71,71,71,71,71,71,71,71,71,71,71,71,71,71,71,71,71,71,71,71,71,71,71,71,71,71,71,71,71,71,71,71,71,71,71,71,71,81,81,66,66,71],"card_choices":[{"not_picked":["Hologram","Turbo"],"picked":"Ball Lightning","floor":1},{"not_picked":["Beam Cell","Leap"],"picked":"Gash","floor":3},{"not_picked":["Redo","Barrage"],"picked":"Hologram","floor":7},{"not_picked":["Meteor Strike","Hologram"],"picked":"Sweeping Beam","floor":10},{"not_picked":["Conserve Battery","Tempest"],"picked":"Loop","floor":14},{"not_picked":["Machine Learning","Rainbow"],"picked":"Creative AI","floor":16},{"not_picked":["Gash","Redo+1"],"picked":"Heatsinks+1","floor":18},{"not_picked":["Beam Cell","Doom and Gloom"],"picked":"Defragment","floor":20},{"not_picked":["Barrage+1","Double Energy+1"],"picked":"Reprogram+1","floor":21},{"not_picked":["Hologram","Go for the Eyes+1","BootSequence"],"picked":"SKIP","floor":25},{"not_picked":["Amplify","Stack+1"],"picked":"Leap","floor":29},{"not_picked":["Auto Shields","Undo"],"picked":"Force Field","floor":31},{"not_picked":["Creative AI","Thunder Strike"],"picked":"Machine Learning","floor":33},{"not_picked":["Aggregate+1","FTL"],"picked":"Glacier+1","floor":35},{"not_picked":["Force Field","Melter","Streamline+1"],"picked":"SKIP","floor":39},{"not_picked":["Beam Cell","Ball Lightning"],"picked":"Skim","floor":41},{"not_picked":["Beam Cell","Sweeping Beam+1","Turbo"],"picked":"SKIP","floor":44},{"not_picked":["Rebound+1","Beam Cell"],"picked":"Reinforced Body","floor":45},{"not_picked":["Streamline","Force Field","Gash"],"picked":"SKIP","floor":46},{"not_picked":["Violence","Apotheosis"],"picked":"Mayhem","floor":47}],"player_experience":1532474,"relics_obtained":[{"floor":6,"key":"Unceasing Top"},{"floor":8,"key":"Matryoshka"},{"floor":9,"key":"Art of War"},{"floor":9,"key":"Mummified Hand"},{"floor":11,"key":"Gremlin Horn"},{"floor":13,"key":"StoneCalendar"},{"floor":15,"key":"Dead Branch"},{"floor":19,"key":"Whetstone"},{"floor":19,"key":"Symbiotic Virus"},{"floor":23,"key":"Centennial Puzzle"},{"floor":26,"key":"Sundial"},{"floor":28,"key":"FossilizedHelix"},{"floor":30,"key":"Bottled Tornado"},{"floor":32,"key":"Smiling Mask"},{"floor":40,"key":"PreservedInsect"},{"floor":43,"key":"Oddly Smooth Stone"},{"floor":46,"key":"Pear"},{"floor":49,"key":"Bird Faced Urn"}],"event_choices":[{"damage_healed":0,"gold_gain":0,"cards_transformed":["Strike_B"],"player_choice":"Change","damage_taken":0,"max_hp_gain":0,"max_hp_loss":0,"event_name":"Living Wall","floor":2,"gold_loss":0,"cards_obtained":["Seek"]},{"damage_healed":0,"gold_gain":0,"player_choice":"Success","damage_taken":11,"relics_obtained":["Shovel"],"max_hp_gain":0,"max_hp_loss":0,"event_name":"Scrap Ooze","floor":4,"gold_loss":0},{"damage_healed":0,"gold_gain":0,"player_choice":"1 cards matched","damage_taken":0,"max_hp_gain":0,"max_hp_loss":0,"event_name":"Match and Keep!","floor":5,"gold_loss":0,"cards_obtained":["Hyperbeam"]},{"damage_healed":0,"gold_gain":0,"player_choice":"Obtained Relic","damage_taken":0,"relics_obtained":["Old Coin"],"max_hp_gain":0,"max_hp_loss":0,"event_name":"Addict","floor":22,"gold_loss":85},{"damage_healed":0,"gold_gain":0,"player_choice":"","damage_taken":7,"max_hp_gain":0,"max_hp_loss":0,"event_name":"Knowing Skull","floor":27,"potions_obtained":[],"gold_loss":0,"cards_obtained":[]},{"damage_healed":0,"gold_gain":0,"player_choice":"Copied","damage_taken":0,"max_hp_gain":0,"max_hp_loss":0,"event_name":"Duplicator","floor":38,"gold_loss":0,"cards_obtained":["Glacier"]},{"damage_healed":0,"gold_gain":0,"player_choice":"Memory 1","damage_taken":0,"max_hp_gain":0,"max_hp_loss":0,"event_name":"SensoryStone","floor":47,"gold_loss":0},{"damage_healed":66,"gold_gain":0,"player_choice":"Heal","damage_taken":0,"max_hp_gain":0,"max_hp_loss":15,"event_name":"The Moai Head","floor":48,"gold_loss":0}],"is_beta":false,"boss_relics":[{"not_picked":["Fusion Hammer","Eternal Feather"],"picked":"Snecko Eye"},{"not_picked":["Philosopher\u0027s Stone","Black Star"],"picked":"FrozenCore"}],"items_purged_floors":[12,24,36,37],"is_endless":false,"potions_floor_spawned":[1,16,20,21,31,41,45],"killed_by":"Awakened One","ascension_level":20}