{"gold_per_floor":[11,22,36,0,0,25,25,25,50,75,75],"floor_reached":11,"playtime":807,"items_purged":[],"score":122,"play_id":"2e57bb58-1fca-4dd7-8aaf-10222b6e0ee9","local_time":"20190719114337","is_ascension_mode":true,"campfire_choices":[{"data":"Envenom","floor":7,"key":"SMITH"}],"neow_cost":"NO_GOLD","seed_source_timestamp":597143872324336,"circlet_count":0,"master_deck":["AscendersBane","Strike_G","Strike_G","Strike_G","Defend_G","Defend_G","Defend_G","Defend_G","Defend_G","Survivor","Neutralize","Grand Finale","Blade Dance","PiercingWail","Blade Dance","Acrobatics","Footwork+1","Envenom+1","Acrobatics"],"relics":["Ring of the Snake","Happy Flower","Centennial Puzzle","Pen Nib"],"potions_floor_usage":[6,11],"damage_taken":[{"damage":2,"enemies":"2 Louse","floor":1,"turns":4},{"damage":5,"enemies":"Cultist","floor":2,"turns":6},{"damage":1,"enemies":"Small Slimes","floor":3,"turns":5},{"damage":4,"enemies":"Looter","floor":4,"turns":5},{"damage":2,"enemies":"Lagavulin","floor":6,"turns":9},{"damage":26,"enemies":"3 Sentries","floor":10,"turns":15},{"damage":25,"enemies":"Exordium Thugs","floor":11,"turns":4}],"seed_played":"21240515659100853","potions_obtained":[{"floor":2,"key":"Dexterity Potion"},{"floor":3,"key":"Strength Potion"}],"is_trial":false,"path_per_floor":["M","M","M","M","?","E","R","$","T","E","M"],"character_chosen":"THE_SILENT","items_purchased":[],"campfire_rested":0,"item_purchase_floors":[],"current_hp_per_floor":[61,56,55,51,51,49,49,49,49,23,0],"gold":75,"neow_bonus":"TRANSFORM_TWO_CARDS","is_prod":false,"is_daily":false,"chose_seed":false,"campfire_upgraded":1,"win_rate":0,"timestamp":1563561817,"path_taken":["M","M","M","M","?","E","R","$","T","E","M"],"build_version":"2019-07-17","purchased_purges":0,"victory":false,"max_hp_per_floor":[70,70,70,70,70,70,70,70,70,70,70],"card_choices":[{"not_picked":["Dagger Spray","Backstab"],"picked":"PiercingWail","floor":1},{"not_picked":["Quick Slash","Dodge and Roll"],"picked":"Blade Dance","floor":2},{"not_picked":["Deflect","Bane"],"picked":"Acrobatics","floor":3},{"not_picked":["Slice","Underhanded Strike"],"picked":"Footwork","floor":4},{"not_picked":["Acrobatics","Noxious Fumes"],"picked":"Envenom","floor":6},{"not_picked":["Deflect","Prepared"],"picked":"Acrobatics","floor":10}],"player_experience":380908,"relics_obtained":[{"floor":6,"key":"Happy Flower"},{"floor":9,"key":"Centennial Puzzle"},{"floor":10,"key":"Pen Nib"}],"event_choices":[{"damage_healed":0,"gold_gain":0,"player_choice":"Upgraded","damage_taken":0,"max_hp_gain":0,"max_hp_loss":0,"event_name":"Upgrade Shrine","floor":5,"gold_loss":0,"cards_upgraded":["Footwork"]}],"is_beta":false,"boss_relics":[],"items_purged_floors":[],"is_endless":false,"potions_floor_spawned":[2,3],"killed_by":"Exordium Thugs","ascension_level":10}