{"gold_per_floor":[119,130,144,158,172,198,198,213,213,230,230,259,69,88,88,183,183,198,123,123,133,144,173,173,173],"floor_reached":25,"playtime":2938,"items_purged":[],"score":301,"play_id":"78aba549-9cb7-42a1-810b-6ddae1844e7a","local_time":"20190711140744","is_ascension_mode":true,"campfire_choices":[{"floor":7,"key":"REST"},{"floor":11,"key":"REST"},{"floor":15,"key":"REST"},{"floor":24,"key":"REST"}],"neow_cost":"NONE","seed_source_timestamp":18633415000655,"circlet_count":0,"master_deck":["Strike_G","Strike_G","Strike_G","Strike_G","Defend_G","Defend_G","Defend_G","Defend_G","Defend_G","Survivor","Neutralize","Malaise","Sucker Punch","Prepared","Blade Dance","Footwork","Sucker Punch","Endless Agony","Prepared","Quick Slash","Prepared","Dagger Throw","Infinite Blades","Well Laid Plans","Noxious Fumes","Heel Hook","Adrenaline","Backflip+1","Cloak And Dagger+1","Bouncing Flask","Leg Sweep","Underhanded Strike"],"relics":["Ring of the Snake","Dream Catcher","Gremlin Horn","Vajra","Black Star","Gambling Chip","Sundial","Bird Faced Urn"],"potions_floor_usage":[4,12,12,23,23,23],"damage_taken":[{"damage":3,"enemies":"2 Louse","floor":1,"turns":4},{"damage":0,"enemies":"Jaw Worm","floor":2,"turns":7},{"damage":1,"enemies":"Cultist","floor":3,"turns":4},{"damage":6,"enemies":"Lots of Slimes","floor":4,"turns":4},{"damage":9,"enemies":"3 Louse","floor":5,"turns":4},{"damage":47,"enemies":"3 Sentries","floor":6,"turns":12},{"damage":8,"enemies":"Red Slaver","floor":8,"turns":6},{"damage":0,"enemies":"2 Fungi Beasts","floor":10,"turns":3},{"damage":14,"enemies":"Lagavulin","floor":12,"turns":8},{"damage":6,"enemies":"Looter","floor":14,"turns":2},{"damage":14,"enemies":"Hexaghost","floor":16,"turns":10},{"damage":4,"enemies":"3 Byrds","floor":18,"turns":6},{"damage":22,"enemies":"Shell Parasite","floor":21,"turns":7},{"damage":37,"enemies":"Snake Plant","floor":22,"turns":8},{"damage":0,"enemies":"Gremlin Leader","floor":23,"turns":7},{"damage":34,"enemies":"Book of Stabbing","floor":25,"turns":5}],"seed_played":"-4630964795611240567","potions_obtained":[{"floor":2,"key":"Fire Potion"},{"floor":3,"key":"Strength Potion"},{"floor":6,"key":"Strength Potion"},{"floor":8,"key":"GamblersBrew"},{"floor":10,"key":"Dexterity Potion"},{"floor":12,"key":"GamblersBrew"},{"floor":21,"key":"SteroidPotion"},{"floor":22,"key":"LiquidBronze"}],"is_trial":false,"path_per_floor":["M","M","M","M","M","E","R","M","T","M","R","E","$","M","R","B",null,"M","?","T","M","M","E","R","E"],"character_chosen":"THE_SILENT","items_purchased":["Well Laid Plans","Vajra"],"campfire_rested":4,"item_purchase_floors":[13,13],"current_hp_per_floor":[67,67,66,60,51,4,25,17,17,17,38,24,24,18,39,25,70,66,66,66,44,7,7,28,0],"gold":173,"neow_bonus":"ONE_RANDOM_RARE_CARD","is_prod":false,"is_daily":false,"chose_seed":false,"campfire_upgraded":0,"win_rate":0,"timestamp":1562879264,"path_taken":["M","M","M","M","M","E","R","M","T","M","R","E","$","M","R","BOSS","M","?","?","M","M","E","R","E"],"build_version":"2019-07-05","purchased_purges":0,"victory":false,"max_hp_per_floor":[70,70,70,70,70,70,70,70,70,70,70,70,70,70,70,70,70,70,70,70,70,70,70,70,70],"card_choices":[{"not_picked":["Bane","Deflect"],"picked":"Sucker Punch","floor":1},{"not_picked":["Expertise","Underhanded Strike"],"picked":"Prepared","floor":2},{"not_picked":["Eviscerate","Poisoned Stab"],"picked":"Blade Dance","floor":3},{"not_picked":["Flying Knee","Leg Sweep"],"picked":"Footwork","floor":4},{"not_picked":["Flechettes","Expertise"],"picked":"Sucker Punch","floor":5},{"not_picked":["Eviscerate","Backstab"],"picked":"Endless Agony","floor":6},{"not_picked":["Glass Knife","Dodge and Roll"],"picked":"Prepared","floor":7},{"not_picked":["Bane","Riddle With Holes"],"picked":"Quick Slash","floor":8},{"not_picked":["Sucker Punch","Slice"],"picked":"Prepared","floor":10},{"not_picked":["Slice","Poisoned Stab"],"picked":"Dagger Throw","floor":11},{"not_picked":["Outmaneuver","Deadly Poison"],"picked":"Infinite Blades","floor":12},{"not_picked":["Deadly Poison","PiercingWail"],"picked":"Noxious Fumes","floor":14},{"not_picked":["Reflex","Distraction"],"picked":"Heel Hook","floor":15},{"not_picked":["Tools of the Trade","Storm of Steel"],"picked":"Adrenaline","floor":16},{"not_picked":["PiercingWail","Catalyst+1"],"picked":"Backflip+1","floor":18},{"not_picked":["Deflect","Deadly Poison"],"picked":"Cloak And Dagger+1","floor":21},{"not_picked":["Cloak And Dagger","Bane"],"picked":"Bouncing Flask","floor":22},{"not_picked":["Poisoned Stab+1","PiercingWail"],"picked":"Leg Sweep","floor":23},{"not_picked":["Terror+1","Heel Hook+1"],"picked":"Underhanded Strike","floor":24}],"player_experience":216427,"relics_obtained":[{"floor":6,"key":"Dream Catcher"},{"floor":12,"key":"Gremlin Horn"},{"floor":20,"key":"Gambling Chip"},{"floor":23,"key":"Sundial"},{"floor":23,"key":"Bird Faced Urn"}],"event_choices":[{"cards_removed":["Strike_G"],"damage_healed":0,"gold_gain":0,"player_choice":"Gave Gold","damage_taken":0,"max_hp_gain":0,"max_hp_loss":0,"event_name":"Beggar","floor":19,"gold_loss":75}],"is_beta":false,"boss_relics":[{"not_picked":["Runic Dome","WristBlade"],"picked":"Black Star"}],"items_purged_floors":[],"is_endless":false,"potions_floor_spawned":[2,3,6,8,10,12,21,22],"killed_by":"Book of Stabbing","ascension_level":3}