{"gold_per_floor":[115,135,100,100,119,152,162,162,192,192,67,67,81,115,115,216,216,231,231,87,87,100,100],"floor_reached":23,"playtime":1710,"items_purged":[],"score":261,"play_id":"af809022-8f54-4fa5-8c91-c89ba1658aaf","local_time":"20180812231352","is_ascension_mode":true,"campfire_choices":[{"data":"Redo","floor":8,"key":"SMITH"},{"floor":10,"key":"REST"},{"data":"Static Discharge","floor":15,"key":"SMITH"}],"neow_cost":"PERCENT_DAMAGE","seed_source_timestamp":164440175531931,"circlet_count":0,"master_deck":["Strike_B","Defend_B","Defend_B","Defend_B+1","Defend_B+1","Zap+1","Dualcast","Thunder Strike","Ball Lightning","Turbo+1","Compile Driver","Redo+1","Ball Lightning","Tempest","Static Discharge+1","Hologram","Parasite","Darkness","Chaos","Rainbow","Barrage","Darkness","Genetic Algorithm","Fission","Redo"],"relics":["Cracked Core","War Paint","Tiny Chest","Meat on the Bone","Nuclear Battery","Blood Vial"],"potions_floor_usage":[5,18,23,23],"damage_taken":[{"damage":0,"enemies":"Small Slimes","floor":1,"turns":2},{"damage":1,"enemies":"Cultist","floor":2,"turns":3},{"damage":0,"enemies":"2 Louse","floor":5,"turns":1},{"damage":18,"enemies":"Lagavulin","floor":6,"turns":5},{"damage":2,"enemies":"Looter","floor":7,"turns":2},{"damage":0,"enemies":"Red Slaver","floor":13,"turns":3},{"damage":10,"enemies":"Gremlin Nob","floor":14,"turns":3},{"damage":0,"enemies":"Slime Boss","floor":16,"turns":4},{"damage":10,"enemies":"2 Thieves","floor":18,"turns":3},{"damage":10,"enemies":"Shell Parasite","floor":22,"turns":4},{"damage":67,"enemies":"Slavers","floor":23,"turns":4}],"seed_played":"-4464718393226037487","potions_obtained":[{"floor":1,"key":"Swift Potion"},{"floor":2,"key":"SkillPotion"},{"floor":14,"key":"Poison Potion"},{"floor":16,"key":"Block Potion"}],"is_trial":false,"path_per_floor":["M","M","?","?","M","E","M","R","T","R","$","?","M","E","R","B",null,"M","?","$","?","M"],"character_chosen":"DEFECT","items_purchased":["Static Discharge","Hologram","Darkness","Genetic Algorithm"],"campfire_rested":1,"item_purchase_floors":[11,11,20,20],"current_hp_per_floor":[54,53,71,56,56,38,36,36,36,58,58,75,75,65,65,65,75,65,65,65,65,57,0],"gold":100,"neow_bonus":"TRANSFORM_TWO_CARDS","is_prod":false,"is_daily":false,"chose_seed":false,"campfire_upgraded":2,"win_rate":0,"timestamp":1534108432,"path_taken":["M","M","?","?","M","E","?","R","T","R","$","?","M","E","R","BOSS","M","?","$","?","M","E"],"build_version":"2018-08-09","purchased_purges":0,"victory":false,"max_hp_per_floor":[75,75,75,75,75,75,75,75,75,75,75,75,75,75,75,75,75,75,75,75,75,75,75],"card_choices":[{"not_picked":["Scrape","Darkness"],"picked":"Turbo","floor":1},{"not_picked":["Gash","Barrage"],"picked":"Compile Driver","floor":2},{"not_picked":["Lockon","Streamline"],"picked":"Redo","floor":5},{"not_picked":["Biased Cognition","Core Surge"],"picked":"Ball Lightning","floor":6},{"not_picked":["Gash","Sweeping Beam"],"picked":"Tempest","floor":7},{"not_picked":["Leap","Skim"],"picked":"Darkness","floor":13},{"not_picked":["Rebound","Turbo"],"picked":"Chaos","floor":14},{"not_picked":["Machine Learning","Multi-Cast"],"picked":"Rainbow","floor":16},{"not_picked":["Streamline","Beam Cell"],"picked":"Barrage","floor":18},{"not_picked":["Stack","Conserve Battery"],"picked":"Redo","floor":22}],"player_experience":265612,"relics_obtained":[{"floor":6,"key":"War Paint"},{"floor":9,"key":"Tiny Chest"},{"floor":14,"key":"Meat on the Bone"}],"event_choices":[{"event_name":"The Cleric","player_choice":"Healed","floor":3,"damage_taken":0},{"event_name":"Shining Light","player_choice":"Entered Light","floor":4,"damage_taken":0},{"event_name":"Mushrooms","player_choice":"Healed and dodged fight","floor":12,"damage_taken":0},{"event_name":"The Mausoleum","player_choice":"Yes","floor":19,"damage_taken":0},{"event_name":"Transmorgrifier","player_choice":"Transform","floor":21,"damage_taken":0}],"is_beta":false,"boss_relics":[{"not_picked":["Astrolabe","Eternal Feather"],"picked":"Nuclear Battery"}],"items_purged_floors":[],"is_endless":false,"potions_floor_spawned":[1,2,14,16],"killed_by":"Slavers","ascension_level":1}