{"gold_per_floor":[217,217,227,244,84,115,20,52,126,142,142,168,179,194,194,269,269,289,304,304,319,330,330],"floor_reached":23,"playtime":3392,"items_purged":[],"score":490,"play_id":"0caee8ac-d3a4-4410-afbf-c8ecbc85eaed","local_time":"20190731113040","is_ascension_mode":true,"campfire_choices":[{"floor":11.0,"key":"REST"},{"floor":15.0,"key":"REST"}],"neow_cost":"NONE","seed_source_timestamp":612934404451108,"circlet_count":0,"master_deck":["AscendersBane","Survivor","Neutralize","Accuracy","Prepared","Accuracy","Infinite Blades","Blur","Blur","Blade Dance","Dagger Spray","Blade Dance","Outmaneuver","Accuracy","Adrenaline","Tools of the Trade","Escape Plan","Prepared","Eviscerate","Die Die Die","Storm of Steel","Cloak And Dagger","Tactician","Acrobatics","Deflect","Tools of the Trade","Cloak And Dagger","Underhanded Strike"],"special_seed":0,"relics":["Ring of the Snake","FossilizedHelix","Boot","Question Card","Happy Flower","Pandora\u0027s Box"],"potions_floor_usage":[],"damage_taken":[{"damage":3.0,"enemies":"Cultist","floor":1.0,"turns":5.0},{"damage":1.0,"enemies":"2 Louse","floor":3.0,"turns":4.0},{"damage":2.0,"enemies":"Jaw Worm","floor":4.0,"turns":6.0},{"damage":36.0,"enemies":"3 Sentries","floor":6.0,"turns":11.0},{"damage":1.0,"enemies":"Lagavulin","floor":8.0,"turns":8.0},{"damage":6.0,"enemies":"3 Louse","floor":10.0,"turns":6.0},{"damage":20.0,"enemies":"Gremlin Nob","floor":12.0,"turns":4.0},{"damage":0.0,"enemies":"Blue Slaver","floor":13.0,"turns":3.0},{"damage":0.0,"enemies":"Red Slaver","floor":14.0,"turns":5.0},{"damage":0.0,"enemies":"The Guardian","floor":16.0,"turns":14.0},{"damage":13.0,"enemies":"Spheric Guardian","floor":18.0,"turns":4.0},{"damage":9.0,"enemies":"2 Thieves","floor":19.0,"turns":3.0},{"damage":19.0,"enemies":"Chosen and Byrds","floor":21.0,"turns":5.0},{"damage":1,"enemies":"Centurion and Healer","floor":22,"turns":5},{"damage":14,"enemies":"Book of Stabbing","floor":23,"turns":4}],"seed_played":"4661032072510346216","potions_obtained":[{"floor":3.0,"key":"Fire Potion"},{"floor":8.0,"key":"Swift Potion"},{"floor":13.0,"key":"EssenceOfSteel"},{"floor":22,"key":"Dexterity Potion"}],"is_trial":false,"path_per_floor":["M","?","M","M","$","E","$","E","T","M","R","E","M","M","R","B",null,"M","M","?","M","M","E"],"character_chosen":"THE_SILENT","items_purchased":["Infinite Blades","Blur","Blur","SkillPotion"],"campfire_rested":2,"item_purchase_floors":[5,5,7,7],"current_hp_per_floor":[56,49,48,46,46,10,10,9,9,3,22,2,2,2,21,21,55,42,33,33,14,13,0],"gold":330,"neow_bonus":"HUNDRED_GOLD","is_prod":false,"is_daily":false,"chose_seed":false,"campfire_upgraded":0,"win_rate":0,"timestamp":1564597840,"path_taken":["M","?","M","M","$","E","$","E","T","M","R","E","M","M","R","BOSS","M","M","?","M","?","E"],"build_version":"2019-07-17","purchased_purges":0,"victory":false,"max_hp_per_floor":[66,66,66,66,66,66,66,66,66,66,66,66,66,66,66,66,66,66,66,66,66,66,66],"card_choices":[{"not_picked":["Deflect","Backflip"],"picked":"Accuracy","floor":1.0},{"not_picked":["Riddle With Holes","Dodge and Roll"],"picked":"Prepared","floor":3.0},{"not_picked":["Noxious Fumes","Deadly Poison"],"picked":"Accuracy","floor":4.0},{"not_picked":["Bane","Quick Slash","Slice"],"picked":"SKIP","floor":6.0},{"not_picked":["Endless Agony","Setup"],"picked":"Blade Dance","floor":8.0},{"not_picked":["Dagger Throw","Reflex","Dash"],"picked":"Dagger Spray","floor":10.0},{"not_picked":["Deflect","Dagger Throw","Adrenaline"],"picked":"Blade Dance","floor":12.0},{"not_picked":["Deadly Poison","Prepared","Bouncing Flask"],"picked":"Outmaneuver","floor":13.0},{"not_picked":["Deflect","All Out Attack","Tactician"],"picked":"Accuracy","floor":14.0},{"not_picked":["Corpse Explosion","Malaise","Phantasmal Killer"],"picked":"Adrenaline","floor":16.0},{"not_picked":["Quick Slash+1","Endless Agony","Bane"],"picked":"Acrobatics","floor":18.0},{"not_picked":["Noxious Fumes","Deadly Poison","Dagger Spray"],"picked":"Deflect","floor":19.0},{"not_picked":["Flying Knee","Acrobatics","Eviscerate+1"],"picked":"Cloak And Dagger","floor":21.0},{"not_picked":["Masterful Stab","Dagger Spray","Deflect"],"picked":"Underhanded Strike","floor":22}],"player_experience":576789,"relics_obtained":[{"floor":6.0,"key":"FossilizedHelix"},{"floor":8.0,"key":"Boot"},{"floor":9.0,"key":"Question Card"},{"floor":12.0,"key":"Happy Flower"}],"event_choices":[{"cards_removed":["Strike_G"],"damage_healed":0.0,"max_hp_gain":0.0,"max_hp_loss":0.0,"gold_gain":0.0,"event_name":"Golden Wing","player_choice":"Card Removal","floor":2.0,"gold_loss":0.0,"damage_taken":7.0},{"damage_healed":0.0,"max_hp_gain":0.0,"max_hp_loss":0.0,"gold_gain":0.0,"cards_transformed":["Night Terror"],"event_name":"Transmorgrifier","player_choice":"Transformed","floor":20.0,"gold_loss":0.0,"damage_taken":0.0,"cards_obtained":["Tools of the Trade"]}],"is_beta":false,"boss_relics":[{"not_picked":["Orrery","Eternal Feather"],"picked":"Pandora\u0027s Box"}],"items_purged_floors":[],"is_endless":false,"potions_floor_spawned":[3,8,13,22],"killed_by":"Book of Stabbing","ascension_level":17}