{"gold_per_floor":[116,17,37,37,52,52,86,86,111,81,96,96,122,134,134,211,211,229,248,173,173,61,95,95,130,130,130,74,93,93,109,109,182,182,201,218,54,54,70,99,111,154,166,278,308,320,332,22,22,22],"floor_reached":51,"playtime":4571,"items_purged":[],"score":1332,"play_id":"47d45651-42ae-486b-bca6-043564a34ccb","local_time":"20190730143305","is_ascension_mode":true,"campfire_choices":[{"data":"Caltrops","floor":6.0,"key":"SMITH"},{"data":"Well Laid Plans","floor":8.0,"key":"SMITH"},{"data":"Calculated Gamble","floor":12.0,"key":"SMITH"},{"floor":15.0,"key":"REST"},{"data":"Catalyst","floor":24.0,"key":"SMITH"},{"floor":27.0,"key":"REST"},{"data":"Catalyst","floor":30.0,"key":"SMITH"},{"floor":32.0,"key":"REST"},{"data":"Setup","floor":41.0,"key":"SMITH"},{"data":"Wraith Form v2","floor":46,"key":"SMITH"},{"floor":49,"key":"REST"}],"neow_cost":"NONE","seed_source_timestamp":535463454258003,"circlet_count":0,"master_deck":["AscendersBane","Survivor","Neutralize","Caltrops+1","Bandage Up","Dodge and Roll","Well Laid Plans+1","Prepared","Calculated Gamble+1","Flying Knee","Terror","Adrenaline","Catalyst+1","Reflex","Night Terror","Noxious Fumes","Doppelganger","Bouncing Flask","Dodge and Roll","Deflect","Footwork+1","Deflect","Escape Plan","Deadly Poison","Crippling Poison","PiercingWail","Catalyst+1","Prepared+1","Adrenaline","Leg Sweep+1","Dagger Spray","Wraith Form v2+1","Trip","Parasite","Predator+1","Setup+1","Bane+1"],"special_seed":0,"relics":["Ring of the Snake","NeowsBlessing","Whetstone","Oddly Smooth Stone","Ninja Scroll","Pandora\u0027s Box","Nunchaku","Juzu Bracelet","Potion Belt","Lizard Tail","MawBank","Vajra","Gremlin Horn","Unceasing Top","The Specimen"],"potions_floor_usage":[45,50,50],"damage_taken":[{"damage":0.0,"enemies":"2 Louse","floor":1.0,"turns":1.0},{"damage":0.0,"enemies":"Jaw Worm","floor":3.0,"turns":1.0},{"damage":0.0,"enemies":"Cultist","floor":5.0,"turns":1.0},{"damage":37.0,"enemies":"Lagavulin","floor":7.0,"turns":10.0},{"damage":0.0,"enemies":"Looter","floor":10.0,"turns":4.0},{"damage":3.0,"enemies":"3 Louse","floor":11.0,"turns":5.0},{"damage":23.0,"enemies":"3 Sentries","floor":13.0,"turns":9.0},{"damage":2.0,"enemies":"Blue Slaver","floor":14.0,"turns":4.0},{"damage":7.0,"enemies":"Hexaghost","floor":16.0,"turns":10.0},{"damage":0.0,"enemies":"Chosen","floor":18.0,"turns":4.0},{"damage":15.0,"enemies":"3 Byrds","floor":19.0,"turns":4.0},{"damage":24.0,"enemies":"Gremlin Leader","floor":23.0,"turns":8.0},{"damage":19.0,"enemies":"Slavers","floor":25.0,"turns":4.0},{"damage":12.0,"enemies":"Centurion and Healer","floor":29.0,"turns":8.0},{"damage":12.0,"enemies":"3 Cultists","floor":31.0,"turns":6.0},{"damage":32.0,"enemies":"Collector","floor":33.0,"turns":6.0},{"damage":9.0,"enemies":"Orb Walker","floor":35.0,"turns":3.0},{"damage":0.0,"enemies":"3 Shapes","floor":36.0,"turns":8.0},{"damage":17.0,"enemies":"Writhing Mass","floor":39.0,"turns":7.0},{"damage":25.0,"enemies":"Reptomancer","floor":40.0,"turns":7.0},{"damage":41.0,"enemies":"Nemesis","floor":42.0,"turns":9.0},{"damage":4.0,"enemies":"Mind Bloom Boss Battle","floor":44.0,"turns":8.0},{"damage":0,"enemies":"Transient","floor":45,"turns":5},{"damage":40,"enemies":"Awakened One","floor":50,"turns":13}],"seed_played":"-8957848842561632750","potions_obtained":[{"floor":3.0,"key":"Poison Potion"},{"floor":5.0,"key":"SkillPotion"},{"floor":13.0,"key":"EntropicBrew"},{"floor":14.0,"key":"Ancient Potion"},{"floor":19.0,"key":"Explosive Potion"},{"floor":33.0,"key":"SteroidPotion"},{"floor":35.0,"key":"Fire Potion"},{"floor":36.0,"key":"LiquidBronze"},{"floor":42.0,"key":"Weak Potion"},{"floor":44.0,"key":"Block Potion"},{"floor":45,"key":"Strength Potion"}],"is_trial":false,"path_per_floor":["M","$","M","?","M","R","E","R","T","M","M","R","E","M","R","B",null,"M","M","?","?","$","E","R","E","T","R","$","M","R","M","R","B",null,"M","M","$","?","M","E","R","E","T","?","M","R","?","$","R","B",null],"character_chosen":"THE_SILENT","items_purchased":["Bandage Up","Deflect","Escape Plan","PiercingWail","Wraith Form v2","The Specimen"],"campfire_rested":4,"item_purchase_floors":[2,22,22,28,37,48],"current_hp_per_floor":[59,59,63,56,60,60,27,27,27,31,32,32,13,15,34,31,57,61,50,50,50,50,30,30,11,11,30,30,34,34,26,45,17,54,49,65,65,65,64,55,55,30,30,30,30,30,30,30,49,13],"gold":22,"neow_bonus":"THREE_ENEMY_KILL","is_prod":false,"is_daily":false,"chose_seed":false,"campfire_upgraded":7,"win_rate":0,"timestamp":1564522385,"path_taken":["M","$","M","?","M","R","E","R","T","M","M","R","E","M","R","BOSS","M","M","?","?","$","E","R","E","T","R","$","M","R","M","R","BOSS","M","M","$","?","M","E","R","E","T","?","M","R","?","?","R","BOSS"],"build_version":"2019-07-17","purchased_purges":0,"victory":true,"max_hp_per_floor":[66,66,66,66,66,66,66,66,66,66,66,66,66,66,66,66,66,66,66,66,66,66,66,66,66,66,66,66,66,66,66,66,66,66,66,66,66,66,66,66,66,66,66,66,66,66,66,66,66,66],"card_choices":[{"not_picked":["Poisoned Stab","Flying Knee"],"picked":"Caltrops","floor":1.0},{"not_picked":["Dagger Throw","Quick Slash"],"picked":"Dodge and Roll","floor":3.0},{"not_picked":["Deadly Poison","Acrobatics"],"picked":"Well Laid Plans","floor":5.0},{"not_picked":["Blade Dance","Venomology"],"picked":"Sucker Punch","floor":7.0},{"not_picked":["Quick Slash","Poisoned Stab"],"picked":"Prepared","floor":10.0},{"not_picked":["Expertise","Blade Dance"],"picked":"Calculated Gamble","floor":11.0},{"not_picked":["Dodge and Roll","Slice"],"picked":"Flying Knee","floor":13.0},{"not_picked":["Skewer","Dagger Spray"],"picked":"Terror","floor":14.0},{"not_picked":["Tools of the Trade","Night Terror"],"picked":"Adrenaline","floor":16.0},{"not_picked":["Choke","Caltrops"],"picked":"Deflect","floor":18.0},{"not_picked":["Flechettes","Endless Agony"],"picked":"Footwork+1","floor":19.0},{"not_picked":["Bane","Acrobatics"],"picked":"Deadly Poison","floor":23.0},{"not_picked":["Venomology","Backflip"],"picked":"Crippling Poison","floor":25.0},{"not_picked":["Outmaneuver","Acrobatics"],"picked":"Catalyst","floor":29.0},{"not_picked":["Dodge and Roll","Masterful Stab"],"picked":"Prepared+1","floor":31.0},{"not_picked":["Storm of Steel","Night Terror"],"picked":"Adrenaline","floor":33.0},{"not_picked":["Predator","Bane"],"picked":"Leg Sweep+1","floor":35.0},{"not_picked":["Poisoned Stab","Slice"],"picked":"Dagger Spray","floor":36.0},{"not_picked":["Deep Breath","Transmutation"],"picked":"Trip","floor":38.0},{"not_picked":["Sucker Punch","Blade Dance+1"],"picked":"Predator+1","floor":39.0},{"not_picked":["Well Laid Plans","Acrobatics"],"picked":"Setup","floor":40.0},{"not_picked":["Dagger Spray","Flying Knee"],"picked":"Bane+1","floor":42.0},{"not_picked":["Leg Sweep","Crippling Poison","Blade Dance+1"],"picked":"SKIP","floor":45}],"player_experience":556848,"relics_obtained":[{"floor":7.0,"key":"Whetstone"},{"floor":9.0,"key":"Oddly Smooth Stone"},{"floor":13.0,"key":"Ninja Scroll"},{"floor":23.0,"key":"Nunchaku"},{"floor":25.0,"key":"Juzu Bracelet"},{"floor":26.0,"key":"Potion Belt"},{"floor":40.0,"key":"MawBank"},{"floor":42.0,"key":"Vajra"},{"floor":43.0,"key":"Gremlin Horn"},{"floor":44.0,"key":"Unceasing Top"}],"event_choices":[{"cards_removed":["Strike_G"],"damage_healed":0.0,"max_hp_gain":0.0,"max_hp_loss":0.0,"gold_gain":0.0,"event_name":"Golden Wing","player_choice":"Card Removal","floor":4.0,"gold_loss":0.0,"damage_taken":7.0},{"cards_removed":["Grand Finale"],"damage_healed":0.0,"max_hp_gain":0.0,"max_hp_loss":0.0,"gold_gain":0.0,"event_name":"Beggar","player_choice":"Gave Gold","floor":20.0,"gold_loss":75.0,"damage_taken":0.0},{"cards_removed":["Eviscerate"],"damage_healed":0.0,"max_hp_gain":0.0,"max_hp_loss":0.0,"gold_gain":0.0,"event_name":"Back to Basics","player_choice":"Elegance","floor":21.0,"gold_loss":0.0,"damage_taken":0.0},{"damage_healed":0.0,"max_hp_gain":0.0,"max_hp_loss":0.0,"gold_gain":0.0,"event_name":"SensoryStone","player_choice":"Memory 1","floor":38.0,"gold_loss":0.0,"damage_taken":0.0},{"damage_healed":0.0,"max_hp_gain":0.0,"max_hp_loss":0.0,"gold_gain":0.0,"event_name":"MindBloom","player_choice":"Fight","floor":44.0,"gold_loss":0.0,"damage_taken":0.0},{"cards_removed":["Sucker Punch"],"damage_healed":0,"gold_gain":0,"player_choice":"Removed Attack","damage_taken":0,"max_hp_gain":0,"max_hp_loss":0,"event_name":"Falling","floor":47,"gold_loss":0}],"is_beta":false,"boss_relics":[{"not_picked":["Coffee Dripper","Eternal Feather"],"picked":"Pandora\u0027s Box"},{"not_picked":["Runic Dome","Fusion Hammer"],"picked":"Lizard Tail"}],"items_purged_floors":[],"is_endless":false,"potions_floor_spawned":[3,5,13,14,19,33,35,36,42,44,45],"ascension_level":16}