{"gold_per_floor":[118,118,118,118,43,43,72,89,89,107,134,147,3,30,30,30],"floor_reached":16,"playtime":697,"items_purged":[],"score":216,"play_id":"fc777396-c9bf-450f-8031-5d1b4eed7c21","local_time":"20190812223434","is_ascension_mode":true,"campfire_choices":[{"data":"Hyperbeam","floor":6,"key":"SMITH"},{"data":"FTL","floor":15,"key":"SMITH"}],"neow_cost":"PERCENT_DAMAGE","seed_source_timestamp":700425587200300,"circlet_count":0,"master_deck":["AscendersBane","Strike_B","Strike_B+1","Defend_B","Defend_B+1","Defend_B","Defend_B","Zap","Dualcast","Hyperbeam+1","Gash","Steam","Conserve Battery","Gash","Steam","FTL+1","Purity"],"relics":["Cracked Core","Meat on the Bone","Singing Bowl","Odd Mushroom","Bottled Flame"],"potions_floor_usage":[14,16,16],"damage_taken":[{"damage":0,"enemies":"Cultist","floor":1,"turns":3},{"damage":6,"enemies":"Gremlin Nob","floor":7,"turns":3},{"damage":0,"enemies":"2 Louse","floor":8,"turns":1},{"damage":0,"enemies":"Small Slimes","floor":10,"turns":2},{"damage":0,"enemies":"The Mushroom Lair","floor":11,"turns":2},{"damage":5,"enemies":"2 Fungi Beasts","floor":12,"turns":3},{"damage":2,"enemies":"Lagavulin","floor":14,"turns":4},{"damage":49,"enemies":"Slime Boss","floor":16,"turns":10}],"seed_played":"-4669974744016653051","potions_obtained":[{"floor":7,"key":"SpeedPotion"},{"floor":11,"key":"FearPotion"},{"floor":14,"key":"GamblersBrew"}],"is_trial":false,"path_per_floor":["M","?","?","?","?","R","E","M","T","M","?","M","$","E","R","B"],"character_chosen":"DEFECT","items_purchased":["FTL","Purity"],"campfire_rested":0,"item_purchase_floors":[13,13],"current_hp_per_floor":[46,46,39,18,18,18,12,24,24,36,36,43,43,43,43,0],"gold":30,"neow_bonus":"THREE_RARE_CARDS","is_prod":false,"is_daily":false,"chose_seed":false,"campfire_upgraded":2,"win_rate":0,"timestamp":1565642074,"path_taken":["M","?","?","?","?","R","E","M","T","M","?","M","?","E","R","BOSS"],"build_version":"2019-07-17","purchased_purges":0,"victory":false,"max_hp_per_floor":[71,71,71,71,71,71,71,71,71,71,71,71,71,73,73,73],"card_choices":[{"not_picked":["Fission","Machine Learning"],"picked":"Hyperbeam","floor":0},{"not_picked":["Barrage","Hologram"],"picked":"Gash","floor":1},{"not_picked":["Aggregate","Cold Snap","Sweeping Beam"],"picked":"SKIP","floor":7},{"not_picked":["Storm","Glacier"],"picked":"Steam","floor":8},{"not_picked":["Aggregate","Undo"],"picked":"Conserve Battery","floor":10},{"not_picked":["Streamline","Cold Snap"],"picked":"Gash","floor":11},{"not_picked":["Loop","Gash"],"picked":"Steam","floor":12},{"not_picked":["Cold Snap","White Noise","Go for the Eyes"],"picked":"Singing Bowl","floor":14}],"player_experience":1483701,"relics_obtained":[{"floor":7,"key":"Meat on the Bone"},{"floor":9,"key":"Singing Bowl"},{"floor":11,"key":"Odd Mushroom"},{"floor":14,"key":"Bottled Flame"}],"event_choices":[{"damage_healed":0,"gold_gain":0,"player_choice":"Ignored","damage_taken":0,"max_hp_gain":0,"max_hp_loss":0,"event_name":"Liars Game","floor":2,"gold_loss":0},{"cards_removed":["Strike_B"],"damage_healed":0,"gold_gain":0,"player_choice":"Card Removal","damage_taken":7,"max_hp_gain":0,"max_hp_loss":0,"event_name":"Golden Wing","floor":3,"gold_loss":0},{"damage_healed":0,"gold_gain":0,"player_choice":"Entered Light","damage_taken":21,"max_hp_gain":0,"max_hp_loss":0,"event_name":"Shining Light","floor":4,"gold_loss":0,"cards_upgraded":["Defend_B","Strike_B"]},{"cards_removed":["Strike_B"],"damage_healed":0,"gold_gain":0,"player_choice":"Card Removal","damage_taken":0,"max_hp_gain":0,"max_hp_loss":0,"event_name":"The Cleric","floor":5,"gold_loss":75},{"damage_healed":0,"gold_gain":0,"player_choice":"Fought Mushrooms","damage_taken":0,"max_hp_gain":0,"max_hp_loss":0,"event_name":"Mushrooms","floor":11,"gold_loss":0}],"is_beta":false,"boss_relics":[],"items_purged_floors":[],"is_endless":false,"potions_floor_spawned":[7,11,14],"killed_by":"Slime Boss","ascension_level":20}