{"gold_per_floor":[366,42,52,70,145,173,192,206,206,206,206,206,234,248,248,248],"floor_reached":16,"playtime":1050,"items_purged":[],"score":224,"play_id":"e8c2b340-331f-4be2-98e4-de09270bc65a","local_time":"20190719184344","is_ascension_mode":true,"campfire_choices":[{"data":"Uppercut","floor":10,"key":"SMITH"},{"data":"True Grit","floor":12,"key":"SMITH"},{"floor":15,"key":"REST"}],"neow_cost":"TEN_PERCENT_HP_LOSS","seed_source_timestamp":839531079603553,"circlet_count":0,"master_deck":["AscendersBane","Strike_R","Strike_R","Strike_R","Strike_R","Strike_R","Defend_R","Defend_R","Defend_R","Defend_R","Bash","Uppercut+1","Anger","True Grit+1","Burning Pact","Shrug It Off","Headbutt","Burning Pact"],"relics":["Burning Blood","Sundial","Question Card","Bottled Flame","Paper Frog","The Courier"],"potions_floor_usage":[13,16],"damage_taken":[{"damage":6,"enemies":"Cultist","floor":1,"turns":3},{"damage":2,"enemies":"2 Louse","floor":3,"turns":4},{"damage":2,"enemies":"Jaw Worm","floor":4,"turns":3},{"damage":30,"enemies":"Gremlin Nob","floor":6,"turns":4},{"damage":7,"enemies":"2 Fungi Beasts","floor":7,"turns":5},{"damage":1,"enemies":"Blue Slaver","floor":8,"turns":6},{"damage":26,"enemies":"Lagavulin","floor":13,"turns":5},{"damage":10,"enemies":"Red Slaver","floor":14,"turns":2},{"damage":58,"enemies":"The Guardian","floor":16,"turns":12}],"seed_played":"-4861416461675925926","potions_obtained":[{"floor":4,"key":"FearPotion"},{"floor":8,"key":"Weak Potion"}],"is_trial":false,"path_per_floor":["M","$","M","M","?","E","M","M","T","R","?","R","E","M","R","B"],"character_chosen":"IRONCLAD","items_purchased":["Sundial","Armaments"],"campfire_rested":1,"item_purchase_floors":[2,2],"current_hp_per_floor":[68,68,68,68,57,33,32,37,37,37,37,37,17,13,33,0],"gold":248,"neow_bonus":"TWO_FIFTY_GOLD","is_prod":false,"is_daily":false,"chose_seed":false,"campfire_upgraded":2,"win_rate":0,"timestamp":1563554624,"path_taken":["M","$","M","M","?","E","M","M","T","R","?","R","E","?","R","BOSS"],"build_version":"2019-07-17","purchased_purges":0,"victory":false,"max_hp_per_floor":[68,68,68,68,68,68,68,68,68,68,68,68,68,68,68,68],"card_choices":[{"not_picked":["Wild Strike","Rupture"],"picked":"Uppercut","floor":1},{"not_picked":["Second Wind","Burning Pact"],"picked":"Anger","floor":3},{"not_picked":["Headbutt","Flex"],"picked":"True Grit","floor":4},{"not_picked":["Flex","Perfected Strike"],"picked":"Burning Pact","floor":6},{"not_picked":["Havoc","True Grit","Iron Wave"],"picked":"Shrug It Off","floor":7},{"not_picked":["Iron Wave","Body Slam","Intimidate"],"picked":"Headbutt","floor":8},{"not_picked":["Havoc","Juggernaut","Heavy Blade","Iron Wave"],"picked":"SKIP","floor":13},{"not_picked":["Clothesline","Sword Boomerang","Uppercut"],"picked":"Burning Pact","floor":14}],"player_experience":1378285,"relics_obtained":[{"floor":6,"key":"Question Card"},{"floor":9,"key":"Bottled Flame"},{"floor":13,"key":"The Courier"}],"event_choices":[{"damage_healed":0,"gold_gain":75,"player_choice":"Gather Gold","damage_taken":11,"max_hp_gain":0,"max_hp_loss":0,"event_name":"World of Goop","floor":5,"gold_loss":0},{"cards_removed":["Armaments"],"damage_healed":0,"gold_gain":0,"player_choice":"Gave Card","damage_taken":0,"relics_obtained":["Paper Frog"],"max_hp_gain":0,"max_hp_loss":0,"event_name":"WeMeetAgain","floor":11,"gold_loss":0}],"is_beta":false,"boss_relics":[],"items_purged_floors":[],"is_endless":false,"potions_floor_spawned":[4,8],"killed_by":"The Guardian","ascension_level":20}