{"gold_per_floor":[118,118,118,24,24,24,52,82,117,129,152,183,195,232,244,334,346,346,3,3,3,3,3,3,3,3,3,3,3,3,3,3,3,3,3,3,3,3,3,3,3,3,3,3,3,3,3,3,3,3],"floor_reached":51,"playtime":4421,"items_purged":["Strike_G"],"score":1472,"play_id":"0955add3-4388-487f-90eb-9a97ca8e82f1","local_time":"20190731152434","is_ascension_mode":true,"campfire_choices":[{"data":"Crippling Poison","floor":6.0,"key":"SMITH"},{"data":"Crippling Poison","floor":10.0,"key":"SMITH"},{"data":"Bane","floor":13.0,"key":"SMITH"},{"data":"Envenom","floor":15.0,"key":"SMITH"},{"floor":25.0,"key":"REST"},{"data":"Wraith Form v2","floor":32.0,"key":"SMITH"},{"data":"Prepared","floor":44,"key":"SMITH"},{"floor":49,"key":"REST"}],"neow_cost":"NONE","seed_source_timestamp":625938836159528,"circlet_count":0,"master_deck":["AscendersBane","Strike_G","Strike_G","Strike_G","Strike_G","Defend_G","Defend_G","Defend_G","Defend_G","Defend_G","Survivor","Neutralize","Acrobatics+1","Crippling Poison+1","Deadly Poison","Crippling Poison+1","Poisoned Stab","Bane+1","Dodge and Roll","Envenom+1","Bullet Time+1","Prepared+1","Caltrops","Backflip","Dodge and Roll+1","Well Laid Plans+1","Venomology+1","Blur+1","Wraith Form v2+1","Dodge and Roll+1","Outmaneuver+1","Night Terror+1","Noxious Fumes","Calculated Gamble+1","Footwork","Outmaneuver+1","Deadly Poison+1","After Image"],"special_seed":0,"relics":["Ring of the Snake","NeowsBlessing","Snake Skull","MawBank","Centennial Puzzle","Art of War","Ectoplasm","Lantern","Orichalcum","Toxic Egg 2","StoneCalendar","Meat on the Bone","Runic Pyramid","Potion Belt","The Specimen","Happy Flower","Anchor"],"potions_floor_usage":[33,36,38,39,40,50,50,50],"damage_taken":[{"damage":0.0,"enemies":"Small Slimes","floor":1.0,"turns":1.0},{"damage":0.0,"enemies":"Lagavulin","floor":7.0,"turns":1.0},{"damage":0.0,"enemies":"2 Louse","floor":8.0,"turns":1.0},{"damage":0.0,"enemies":"Cultist","floor":11.0,"turns":3.0},{"damage":3.0,"enemies":"Exordium Thugs","floor":12.0,"turns":4.0},{"damage":15.0,"enemies":"3 Sentries","floor":14.0,"turns":6.0},{"damage":28.0,"enemies":"Hexaghost","floor":16.0,"turns":8.0},{"damage":0.0,"enemies":"3 Byrds","floor":18.0,"turns":3.0},{"damage":14.0,"enemies":"Shell Parasite","floor":21.0,"turns":5.0},{"damage":16.0,"enemies":"Book of Stabbing","floor":23.0,"turns":6.0},{"damage":2.0,"enemies":"Gremlin Leader","floor":27.0,"turns":5.0},{"damage":3.0,"enemies":"Snake Plant","floor":28.0,"turns":3.0},{"damage":15.0,"enemies":"Book of Stabbing","floor":29.0,"turns":6.0},{"damage":0.0,"enemies":"Centurion and Healer","floor":30.0,"turns":6.0},{"damage":0.0,"enemies":"Chosen and Byrds","floor":31.0,"turns":5.0},{"damage":25,"enemies":"Collector","floor":33,"turns":7},{"damage":0,"enemies":"Orb Walker","floor":35,"turns":5},{"damage":23,"enemies":"3 Darklings","floor":36,"turns":3},{"damage":18,"enemies":"Jaw Worm Horde","floor":38,"turns":5},{"damage":6,"enemies":"Writhing Mass","floor":39,"turns":5},{"damage":3,"enemies":"Giant Head","floor":40,"turns":9},{"damage":3,"enemies":"Reptomancer","floor":42,"turns":7},{"damage":7,"enemies":"Maw","floor":45,"turns":7},{"damage":0,"enemies":"3 Darklings","floor":46,"turns":3},{"damage":12,"enemies":"4 Shapes","floor":47,"turns":4},{"damage":5,"enemies":"Nemesis","floor":48,"turns":7},{"damage":28,"enemies":"Time Eater","floor":50,"turns":13}],"seed_played":"4678317400053908246","potions_obtained":[{"floor":7.0,"key":"GamblersBrew"},{"floor":8.0,"key":"GamblersBrew"},{"floor":16.0,"key":"Regen Potion"},{"floor":29.0,"key":"GamblersBrew"},{"floor":33,"key":"Regen Potion"},{"floor":39,"key":"Regen Potion"},{"floor":40,"key":"LiquidBronze"}],"is_trial":false,"path_per_floor":["M","?","?","$","?","R","E","M","T","R","M","M","R","E","R","B",null,"M","$","?","M","?","E","$","R","T","E","M","E","M","M","R","B",null,"M","M","?","M","M","E","$","E","T","R","M","M","M","E","R","B",null],"character_chosen":"THE_SILENT","items_purchased":["Crippling Poison","Deadly Poison","Lantern","Caltrops","Backflip"],"campfire_rested":2,"item_purchase_floors":[4,4,19,19,19],"current_hp_per_floor":[59,59,54,54,54,54,54,54,54,54,54,51,51,36,36,8,52,52,52,52,38,38,22,22,41,41,39,36,36,36,36,36,23,55,55,41,41,35,41,53,53,50,50,50,43,43,43,38,57,41],"gold":3,"neow_bonus":"THREE_ENEMY_KILL","is_prod":false,"is_daily":false,"chose_seed":false,"campfire_upgraded":6,"win_rate":0,"timestamp":1564611874,"path_taken":["M","?","?","$","?","R","E","M","T","R","?","M","R","E","R","BOSS","M","$","?","?","?","E","?","R","T","E","M","E","?","M","R","BOSS","M","M","?","M","M","E","$","E","T","R","M","?","M","E","R","BOSS"],"build_version":"2019-07-17","purchased_purges":1,"victory":true,"max_hp_per_floor":[66,66,66,66,66,66,66,66,66,66,66,66,66,66,66,66,66,66,66,66,66,66,66,66,66,66,66,66,66,66,66,66,66,66,66,66,66,66,66,66,66,66,66,66,66,66,66,66,66,66],"card_choices":[{"not_picked":["Setup","All Out Attack"],"picked":"Acrobatics","floor":1.0},{"not_picked":["Poisoned Stab","Calculated Gamble"],"picked":"Crippling Poison","floor":7.0},{"not_picked":["Dodge and Roll","Blade Dance"],"picked":"Poisoned Stab","floor":8.0},{"not_picked":["Slice","Riddle With Holes"],"picked":"Bane","floor":11.0},{"not_picked":["Distraction","Prepared"],"picked":"Dodge and Roll","floor":12.0},{"not_picked":["PiercingWail","Flying Knee"],"picked":"Envenom","floor":14.0},{"not_picked":["Venomology","Glass Knife"],"picked":"Bullet Time","floor":16.0},{"not_picked":["Dagger Throw","Sucker Punch"],"picked":"Prepared","floor":18.0},{"not_picked":["Sucker Punch+1","Heel Hook"],"picked":"Dodge and Roll+1","floor":21.0},{"not_picked":["Backstab","Setup"],"picked":"Well Laid Plans+1","floor":23.0},{"not_picked":["Skewer","Slice"],"picked":"Venomology+1","floor":27.0},{"not_picked":["Deflect+1","Acrobatics+1"],"picked":"Blur+1","floor":28.0},{"not_picked":["Escape Plan+1","Blur+1"],"picked":"Wraith Form v2","floor":29.0},{"not_picked":["Endless Agony","Dagger Spray"],"picked":"Dodge and Roll+1","floor":30.0},{"not_picked":["Deadly Poison+1","Cloak And Dagger+1"],"picked":"Outmaneuver+1","floor":31.0},{"not_picked":["Malaise+1","Phantasmal Killer+1"],"picked":"Night Terror+1","floor":33},{"not_picked":["Slice+1","Flying Knee","Dagger Spray"],"picked":"SKIP","floor":35},{"not_picked":["Backflip+1","Slice"],"picked":"Noxious Fumes","floor":36},{"not_picked":["Dagger Throw+1","Underhanded Strike+1"],"picked":"Calculated Gamble+1","floor":38},{"not_picked":["Calculated Gamble+1","Backflip+1"],"picked":"Footwork","floor":39},{"not_picked":["Dagger Throw+1","Setup+1"],"picked":"Outmaneuver+1","floor":40},{"not_picked":["Backstab","PiercingWail+1","Quick Slash"],"picked":"SKIP","floor":42},{"not_picked":["Quick Slash+1","Blur+1"],"picked":"Deadly Poison+1","floor":45},{"not_picked":["Backflip+1","Dagger Spray","Dodge and Roll+1"],"picked":"SKIP","floor":46},{"not_picked":["Venomology+1","Dagger Spray+1","Underhanded Strike"],"picked":"SKIP","floor":47},{"not_picked":["Footwork","Well Laid Plans"],"picked":"After Image","floor":48}],"player_experience":588729,"relics_obtained":[{"floor":7.0,"key":"MawBank"},{"floor":9.0,"key":"Centennial Puzzle"},{"floor":14.0,"key":"Art of War"},{"floor":23.0,"key":"Orichalcum"},{"floor":26.0,"key":"Toxic Egg 2"},{"floor":27.0,"key":"StoneCalendar"},{"floor":29.0,"key":"Meat on the Bone"},{"floor":40,"key":"Potion Belt"},{"floor":42,"key":"The Specimen"},{"floor":43,"key":"Happy Flower"},{"floor":48,"key":"Anchor"}],"event_choices":[{"damage_healed":0.0,"max_hp_gain":0.0,"max_hp_loss":0.0,"gold_gain":0.0,"event_name":"Living Wall","player_choice":"Grow","floor":2.0,"gold_loss":0.0,"damage_taken":0.0,"cards_upgraded":["Acrobatics"]},{"damage_healed":0.0,"max_hp_gain":0.0,"max_hp_loss":0.0,"gold_gain":0.0,"event_name":"Scrap Ooze","player_choice":"Success","floor":3.0,"gold_loss":0.0,"damage_taken":5.0,"relics_obtained":["Snake Skull"]},{"damage_healed":0.0,"max_hp_gain":0.0,"max_hp_loss":0.0,"gold_gain":0.0,"event_name":"WeMeetAgain","player_choice":"Ignored","floor":5.0,"gold_loss":0.0,"damage_taken":0.0},{"damage_healed":0.0,"max_hp_gain":0.0,"max_hp_loss":0.0,"gold_gain":0.0,"event_name":"Upgrade Shrine","player_choice":"Upgraded","floor":20.0,"gold_loss":0.0,"damage_taken":0.0,"cards_upgraded":["Bullet Time"]},{"damage_healed":0.0,"max_hp_gain":0.0,"max_hp_loss":0.0,"gold_gain":0.0,"event_name":"FaceTrader","player_choice":"Leave","floor":22.0,"gold_loss":0.0,"damage_taken":0.0},{"damage_healed":0,"gold_gain":0,"player_choice":"Ignored","damage_taken":0,"max_hp_gain":0,"max_hp_loss":0,"event_name":"SecretPortal","floor":37,"gold_loss":0}],"is_beta":false,"boss_relics":[{"not_picked":["Cursed Key","Snecko Eye"],"picked":"Ectoplasm"},{"not_picked":["Calling Bell","White Beast Statue"],"picked":"Runic Pyramid"}],"items_purged_floors":[19],"is_endless":false,"potions_floor_spawned":[7,8,16,23,29,33,38,39,40,47],"ascension_level":17}