{"gold_per_floor":[115,115,5,19,19,19,47,47,47,62,62,79,98,115,115,115],"floor_reached":16,"playtime":1053,"items_purged":[],"score":112,"play_id":"9380ed1c-1c07-435c-be95-786815e9971b","local_time":"20180814154927","is_ascension_mode":true,"campfire_choices":[{"data":"Auto Shields","floor":6,"key":"SMITH"},{"floor":8,"key":"REST"},{"data":"Melter","floor":11,"key":"SMITH"},{"floor":15,"key":"REST"}],"neow_cost":"NONE","seed_source_timestamp":311233402775718,"circlet_count":0,"master_deck":["Strike_B","Strike_B","Strike_B","Strike_B","Defend_B","Defend_B","Defend_B","Defend_B","Zap","Dualcast","Gash","Sunder","Auto Shields+1","Conserve Battery","Melter+1","Sweeping Beam","Genetic Algorithm","Cold Snap","Stack","Leap"],"relics":["Philosopher\u0027s Stone","Du-Vu Doll","Cables","Prayer Wheel"],"potions_floor_usage":[13,14,14],"damage_taken":[{"damage":2,"enemies":"Jaw Worm","floor":1,"turns":4},{"damage":0,"enemies":"Cultist","floor":4,"turns":2},{"damage":34,"enemies":"3 Sentries","floor":7,"turns":8},{"damage":1,"enemies":"2 Louse","floor":10,"turns":3},{"damage":28,"enemies":"Large Slime","floor":12,"turns":4},{"damage":7,"enemies":"Exordium Thugs","floor":13,"turns":3},{"damage":0,"enemies":"Blue Slaver","floor":14,"turns":3},{"damage":31,"enemies":"Slime Boss","floor":16,"turns":8}],"seed_played":"4469842109262113618","potions_obtained":[{"floor":4,"key":"FocusPotion"},{"floor":10,"key":"Dexterity Potion"},{"floor":13,"key":"EssenceOfSteel"}],"is_trial":false,"path_per_floor":["M","?","$","M","?","R","E","R","T","M","R","M","M","M","R"],"character_chosen":"DEFECT","items_purchased":["Sunder","Auto Shields"],"campfire_rested":2,"item_purchase_floors":[3,3],"current_hp_per_floor":[73,55,55,55,55,55,21,43,43,42,42,14,7,7,29,0],"gold":115,"neow_bonus":"BOSS_RELIC","is_prod":false,"is_daily":false,"chose_seed":false,"campfire_upgraded":2,"win_rate":0,"timestamp":1534254567,"path_taken":["M","?","$","M","?","R","E","R","T","?","R","M","M","M","R","BOSS"],"build_version":"2018-08-09","purchased_purges":0,"victory":false,"max_hp_per_floor":[75,75,75,75,75,75,75,75,75,75,75,75,75,75,75,75],"card_choices":[{"not_picked":["Beam Cell","Steam"],"picked":"Gash","floor":1},{"not_picked":["Steam","Steam Power"],"picked":"Conserve Battery","floor":4},{"not_picked":["Rebound","Rip and Tear","Amplify"],"picked":"SKIP","floor":7},{"not_picked":["Reprogram","Beam Cell"],"picked":"Melter","floor":10},{"not_picked":["Streamline","Capacitor"],"picked":"Sweeping Beam","floor":10},{"not_picked":["Melter","Auto Shields"],"picked":"Genetic Algorithm","floor":12},{"not_picked":["Aggregate","Hello World"],"picked":"Cold Snap","floor":12},{"not_picked":["Beam Cell","Ball Lightning"],"picked":"Stack","floor":13},{"not_picked":["Machine Learning","Turbo","Static Discharge"],"picked":"SKIP","floor":13},{"not_picked":["Consume","Doom and Gloom"],"picked":"Leap","floor":14},{"not_picked":["Barrage","Double Energy","Redo"],"picked":"SKIP","floor":14}],"player_experience":313244,"relics_obtained":[{"floor":7,"key":"Cables"},{"floor":9,"key":"Prayer Wheel"}],"event_choices":[{"event_name":"Scrap Ooze","player_choice":"success","floor":2,"damage_taken":18},{"event_name":"The Cleric","player_choice":"Leave","floor":5,"damage_taken":0}],"is_beta":false,"boss_relics":[],"items_purged_floors":[],"is_endless":false,"potions_floor_spawned":[4,10,13],"killed_by":"Slime Boss","ascension_level":2}