{"gold_per_floor":[119,19,19,19,19,47,63,63,63,92,110,128,128,28,28,132,132,145,20,37,50,50,85,85,114,114,124,223,223,238,238,238,238],"floor_reached":33,"playtime":2147,"items_purged":["Strike_B","Strike_B","Strike_B"],"score":322,"play_id":"4ca7a568-dea7-4e3f-93bf-77a0fc01ce69","local_time":"20180823025108","is_ascension_mode":true,"campfire_choices":[{"data":"Zap","floor":8,"key":"SMITH"},{"data":"Leap","floor":15,"key":"SMITH"},{"floor":24,"key":"REST"},{"floor":29,"key":"REST"},{"data":"Hologram","floor":32,"key":"SMITH"}],"neow_cost":"","seed_source_timestamp":469794482065841,"circlet_count":0,"master_deck":["Strike_B","Defend_B","Defend_B","Defend_B","Defend_B","Zap+1","Dualcast+1","Streamline+1","Leap+1","Seek","Hologram+1","Leap+1","Beam Cell","Hyperbeam","Beam Cell","Hologram","Hologram"],"relics":["Cracked Core","Frozen Egg 2","Sundial","Incense Burner","Thread and Needle","Velvet Choker","Calipers","Du-Vu Doll","Darkstone Periapt","Kunai"],"potions_floor_usage":[16,16,23,25,33],"damage_taken":[{"damage":1,"enemies":"Cultist","floor":1,"turns":3},{"damage":17,"enemies":"Lagavulin","floor":6,"turns":6},{"damage":2,"enemies":"Jaw Worm","floor":7,"turns":2},{"damage":14,"enemies":"3 Sentries","floor":10,"turns":5},{"damage":0,"enemies":"2 Louse","floor":11,"turns":1},{"damage":4,"enemies":"Blue Slaver","floor":12,"turns":3},{"damage":7,"enemies":"Hexaghost","floor":16,"turns":6},{"damage":0,"enemies":"Shell Parasite","floor":18,"turns":3},{"damage":0,"enemies":"Chosen","floor":20,"turns":4},{"damage":3,"enemies":"Snecko","floor":21,"turns":4},{"damage":57,"enemies":"Gremlin Leader","floor":23,"turns":7},{"damage":27,"enemies":"Slavers","floor":25,"turns":3},{"damage":8,"enemies":"Centurion and Healer","floor":27,"turns":4},{"damage":0,"enemies":"Snake Plant","floor":30,"turns":4},{"damage":33,"enemies":"Champ","floor":33,"turns":12}],"seed_played":"-4855977248796365161","potions_obtained":[{"floor":1,"key":"Dexterity Potion"},{"floor":6,"key":"PowerPotion"},{"floor":20,"key":"Regen Potion"},{"floor":21,"key":"EssenceOfSteel"},{"floor":25,"key":"Explosive Potion"}],"is_trial":false,"path_per_floor":["M","$","T","$","?","E","M","R","T","E","M","M","?","$","R","B",null,"M","$","M","M","$","E","R","E","T","M","?","R","M","?","R"],"character_chosen":"DEFECT","items_purchased":["Leap"],"campfire_rested":2,"item_purchase_floors":[2],"current_hp_per_floor":[74,74,74,74,59,42,40,40,40,26,26,22,22,22,22,15,75,75,75,75,72,72,15,37,19,19,11,11,33,33,33,33,0],"gold":238,"neow_bonus":"","is_prod":false,"is_daily":false,"chose_seed":false,"campfire_upgraded":3,"win_rate":0,"timestamp":1534985468,"path_taken":["M","$","?","?","?","E","M","R","T","E","M","?","?","$","R","BOSS","M","$","M","M","?","E","R","E","T","M","?","R","M","?","R","BOSS"],"build_version":"2018-08-16","purchased_purges":3,"victory":false,"max_hp_per_floor":[75,75,75,75,75,75,75,75,75,75,75,75,75,75,75,75,75,75,75,75,75,75,75,75,75,75,75,75,75,75,75,75,75],"card_choices":[{"not_picked":["Turbo","Redo"],"picked":"Streamline","floor":1},{"not_picked":["Auto Shields","Genetic Algorithm"],"picked":"Seek","floor":6},{"not_picked":["Barrage","Static Discharge+1"],"picked":"Hologram","floor":7},{"not_picked":["White Noise","Aggregate","Defragment+1"],"picked":"SKIP","floor":10},{"not_picked":["Reinforced Body","Barrage"],"picked":"Leap","floor":11},{"not_picked":["Core Surge","Lockon"],"picked":"Beam Cell","floor":12},{"not_picked":["Echo Form+1","Thunder Strike"],"picked":"Hyperbeam","floor":16},{"not_picked":["Ball Lightning+1","Coolheaded","Recycle"],"picked":"SKIP","floor":18},{"not_picked":["Darkness+1","FTL+1"],"picked":"Beam Cell","floor":20},{"not_picked":["Double Energy","Coolheaded"],"picked":"Hologram","floor":21},{"not_picked":["Storm+1","Redo","Aggregate"],"picked":"SKIP","floor":23},{"not_picked":["Ball Lightning","Beam Cell","Coolheaded"],"picked":"SKIP","floor":25},{"not_picked":["Fusion+1","Rainbow"],"picked":"Hologram","floor":27},{"not_picked":["Undo","Beam Cell","Darkness+1"],"picked":"SKIP","floor":30}],"player_experience":369341,"relics_obtained":[{"floor":3,"key":"Frozen Egg 2"},{"floor":6,"key":"Sundial"},{"floor":9,"key":"Incense Burner"},{"floor":10,"key":"Thread and Needle"},{"floor":23,"key":"Calipers"},{"floor":25,"key":"Du-Vu Doll"},{"floor":26,"key":"Darkstone Periapt"}],"event_choices":[{"event_name":"Shining Light","player_choice":"Entered Light","floor":5,"damage_taken":0},{"event_name":"Upgrade Shrine","player_choice":"Upgraded","floor":13,"damage_taken":0},{"event_name":"Nest","player_choice":"Stole From Cult","floor":28,"damage_taken":0},{"event_name":"The Mausoleum","player_choice":"Yes","floor":31,"damage_taken":0}],"is_beta":false,"boss_relics":[{"not_picked":["Snecko Eye","Black Star"],"picked":"Velvet Choker"}],"items_purged_floors":[2,14,19],"is_endless":false,"potions_floor_spawned":[1,6,20,21,25],"killed_by":"Champ","ascension_level":2}