{"gold_per_floor":[110,129,129,48,61,93,111,111,161,179,192,206,356,356,356,356],"floor_reached":16,"playtime":1239,"items_purged":[],"score":208,"play_id":"bd6484b9-7140-42c2-8003-65d4217a4ed0","local_time":"20190819143050","is_ascension_mode":true,"campfire_choices":[{"floor":8,"key":"REST"},{"floor":15,"key":"REST"}],"neow_cost":"CURSE","seed_source_timestamp":73673707676600,"circlet_count":0,"master_deck":["AscendersBane","Strike_G","Strike_G","Strike_G","Strike_G","Strike_G","Defend_G","Defend_G","Defend_G","Defend_G","Defend_G","Survivor","Neutralize","Good Instincts","Dark Shackles","Doubt","Cloak And Dagger","Poisoned Stab","Tools of the Trade","Underhanded Strike","Deadly Poison","Backflip","Tactician","Backstab","Choke","Infinite Blades","Underhanded Strike","Doubt"],"special_seed":0,"relics":["Ring of the Snake","Letter Opener","Regal Pillow","Tingsha"],"potions_floor_usage":[6,7,10,11],"damage_taken":[{"damage":0.0,"enemies":"2 Louse","floor":1.0,"turns":4.0},{"damage":7.0,"enemies":"Cultist","floor":2.0,"turns":6.0},{"damage":8,"enemies":"Jaw Worm","floor":5,"turns":6},{"damage":33,"enemies":"Gremlin Nob","floor":6,"turns":5},{"damage":10,"enemies":"Exordium Thugs","floor":7,"turns":7},{"damage":0,"enemies":"Exordium Wildlife","floor":10,"turns":5},{"damage":1,"enemies":"Lots of Slimes","floor":11,"turns":4},{"damage":14,"enemies":"Large Slime","floor":12,"turns":5},{"damage":42,"enemies":"Slime Boss","floor":16,"turns":9}],"seed_played":"3469394923286745862","potions_obtained":[{"floor":1.0,"key":"Block Potion"},{"floor":6,"key":"GhostInAJar"},{"floor":7,"key":"Block Potion"},{"floor":10,"key":"AttackPotion"}],"is_trial":false,"path_per_floor":["M","M","?","$","M","E","M","R","T","M","M","M","?","T","R","B"],"character_chosen":"THE_SILENT","items_purchased":["Underhanded Strike","Deadly Poison"],"campfire_rested":2,"item_purchase_floors":[4,4],"current_hp_per_floor":[59,52,52,52,44,11,1,20,20,20,19,5,5,5,39,0],"gold":356,"neow_bonus":"RANDOM_COLORLESS_2","is_prod":false,"is_daily":false,"chose_seed":false,"campfire_upgraded":0,"win_rate":0,"timestamp":1566217850,"path_taken":["M","M","?","?","M","E","?","R","T","M","M","M","?","?","R","BOSS"],"build_version":"2019-07-17","purchased_purges":0,"victory":false,"max_hp_per_floor":[66,66,66,66,66,66,66,66,66,66,66,66,66,66,66,66],"card_choices":[{"not_picked":["Deflect","Infinite Blades"],"picked":"Cloak And Dagger","floor":1.0},{"not_picked":["PiercingWail","Reflex"],"picked":"Poisoned Stab","floor":2.0},{"not_picked":["Bane","Slice"],"picked":"Backflip","floor":5},{"not_picked":["Tools of the Trade","Finisher"],"picked":"Tactician","floor":6},{"not_picked":["Dodge and Roll","Cloak And Dagger"],"picked":"Backstab","floor":7},{"not_picked":["Backstab","Accuracy"],"picked":"Choke","floor":10},{"not_picked":["Skewer","Choke"],"picked":"Infinite Blades","floor":11},{"not_picked":["Terror","Heel Hook"],"picked":"Underhanded Strike","floor":12}],"player_experience":1528991,"relics_obtained":[{"floor":6,"key":"Letter Opener"},{"floor":9,"key":"Regal Pillow"},{"floor":14,"key":"Tingsha"}],"event_choices":[{"damage_healed":0.0,"max_hp_gain":0.0,"max_hp_loss":0.0,"gold_gain":0.0,"event_name":"Match and Keep!","player_choice":"1 cards matched","floor":3.0,"gold_loss":0.0,"damage_taken":0.0,"cards_obtained":["Tools of the Trade"]},{"damage_healed":0,"gold_gain":150,"player_choice":"AGREE","damage_taken":0,"max_hp_gain":0,"max_hp_loss":0,"event_name":"Liars Game","floor":13,"gold_loss":0,"cards_obtained":["Doubt"]}],"is_beta":false,"boss_relics":[],"items_purged_floors":[],"is_endless":false,"potions_floor_spawned":[1,6,7,10],"killed_by":"Slime Boss","ascension_level":20}