{"gold_per_floor":[113,125,125,142,217,217,242,242,242,242,272,3,20,20],"floor_reached":14,"playtime":636,"items_purged":[],"score":176,"play_id":"111ccbfe-f22f-40fc-8dae-1f350251e3f4","local_time":"20190820124151","is_ascension_mode":true,"campfire_choices":[{"data":"Clothesline","floor":6,"key":"SMITH"},{"data":"Bash","floor":8,"key":"SMITH"},{"data":"Clash","floor":10,"key":"SMITH"}],"neow_cost":"NONE","seed_source_timestamp":154170938638600,"circlet_count":0,"master_deck":["AscendersBane","Strike_R","Strike_R","Strike_R","Strike_R","Strike_R","Defend_R","Defend_R","Defend_R","Defend_R","Bash+1","Purity","Clash+1","Clothesline+1","Regret","Iron Wave","Dropkick","Disarm","Warcry"],"relics":["Burning Blood","Thread and Needle","Frozen Egg 2","The Courier","Medical Kit"],"potions_floor_usage":[14],"damage_taken":[{"damage":13,"enemies":"Jaw Worm","floor":1,"turns":6},{"damage":7,"enemies":"2 Louse","floor":2,"turns":2},{"damage":2,"enemies":"Small Slimes","floor":4,"turns":5},{"damage":27,"enemies":"Gremlin Nob","floor":7,"turns":5},{"damage":0,"enemies":"Looter","floor":13,"turns":3},{"damage":39,"enemies":"Lagavulin","floor":14,"turns":6}],"seed_played":"-8208976213871756176","potions_obtained":[{"floor":7,"key":"Dexterity Potion"},{"floor":13,"key":"Explosive Potion"}],"is_trial":false,"path_per_floor":["M","M","?","M","?","R","E","R","T","R","?","$","M","E"],"character_chosen":"IRONCLAD","items_purchased":["Medical Kit","Disarm","Warcry"],"campfire_rested":0,"item_purchase_floors":[12,12,12],"current_hp_per_floor":[61,60,60,64,53,53,32,32,32,32,32,32,38,0],"gold":20,"neow_bonus":"RANDOM_COLORLESS","is_prod":false,"is_daily":false,"chose_seed":false,"campfire_upgraded":3,"win_rate":0,"timestamp":1566297711,"path_taken":["M","M","?","M","?","R","E","R","T","R","?","$","M","E"],"build_version":"2019-07-17","purchased_purges":0,"victory":false,"max_hp_per_floor":[75,75,75,75,75,75,75,75,75,75,75,75,75,75],"card_choices":[{"not_picked":["True Grit","Flex"],"picked":"Clash","floor":1},{"not_picked":["Flex","Fire Breathing"],"picked":"Clothesline","floor":2},{"not_picked":["Armaments","Perfected Strike"],"picked":"Iron Wave","floor":4},{"not_picked":["Sword Boomerang","Seeing Red"],"picked":"Dropkick","floor":7},{"not_picked":["Seeing Red","Ghostly Armor","Infernal Blade"],"picked":"SKIP","floor":13}],"player_experience":1544399,"relics_obtained":[{"floor":7,"key":"Frozen Egg 2"},{"floor":9,"key":"The Courier"}],"event_choices":[{"damage_healed":0,"gold_gain":0,"player_choice":"Box","damage_taken":0,"relics_obtained":["Thread and Needle"],"max_hp_gain":0,"max_hp_loss":0,"event_name":"Big Fish","floor":3,"gold_loss":0,"cards_obtained":["Regret"]},{"damage_healed":0,"gold_gain":75,"player_choice":"Gather Gold","damage_taken":11,"max_hp_gain":0,"max_hp_loss":0,"event_name":"World of Goop","floor":5,"gold_loss":0},{"damage_healed":0,"gold_gain":30,"player_choice":"Searched \u00271\u0027 times","damage_taken":0,"max_hp_gain":0,"max_hp_loss":0,"event_name":"Dead Adventurer","floor":11,"gold_loss":0}],"is_beta":false,"boss_relics":[],"items_purged_floors":[],"is_endless":false,"potions_floor_spawned":[7,13],"killed_by":"Lagavulin","ascension_level":20}