{"gold_per_floor":[111,124,30,41,16,47,2,2,29,29,129,32,32,57,57,57],"floor_reached":16,"playtime":942,"items_purged":[],"score":154,"play_id":"83a63d1d-83ac-4526-b79c-14dcc16ac5bb","local_time":"20190717131807","is_ascension_mode":true,"campfire_choices":[{"data":"Glass Knife","floor":8,"key":"SMITH"},{"data":"Catalyst","floor":10,"key":"SMITH"},{"floor":13,"key":"REST"},{"floor":15,"key":"REST"}],"neow_cost":"NONE","seed_source_timestamp":429881735489217,"circlet_count":0,"master_deck":["Strike_G","Strike_G","Strike_G","Strike_G","Strike_G","Defend_G","Defend_G","Defend_G","Defend_G","Defend_G","Survivor","Neutralize","Panacea","Dagger Throw","Leg Sweep","Deflect","Heel Hook","Catalyst+1","PiercingWail","Backflip","Glass Knife+1","Concentrate","Sucker Punch","Outmaneuver"],"relics":["Ring of the Snake","Anchor","Gambling Chip"],"potions_floor_usage":[6],"damage_taken":[{"damage":0,"enemies":"Small Slimes","floor":1,"turns":4},{"damage":6,"enemies":"Cultist","floor":2,"turns":4},{"damage":8,"enemies":"2 Louse","floor":4,"turns":4},{"damage":34,"enemies":"Gremlin Nob","floor":6,"turns":7},{"damage":0,"enemies":"Looter","floor":7,"turns":5},{"damage":27,"enemies":"Lagavulin","floor":14,"turns":9},{"damage":43,"enemies":"Hexaghost","floor":16,"turns":16}],"seed_played":"2168746559036774140","potions_obtained":[{"floor":1,"key":"FairyPotion"},{"floor":2,"key":"EssenceOfSteel"}],"is_trial":false,"path_per_floor":["M","M","$","M","$","E","M","R","T","R","?","$","R","E","R","B"],"character_chosen":"THE_SILENT","items_purchased":["Deflect","Heel Hook","PiercingWail","Concentrate","Sucker Punch"],"campfire_rested":2,"item_purchase_floors":[3,3,5,12,12],"current_hp_per_floor":[63,57,57,49,49,15,15,15,15,15,15,15,36,9,30,0],"gold":57,"neow_bonus":"RANDOM_COLORLESS","is_prod":false,"is_daily":false,"chose_seed":false,"campfire_upgraded":2,"win_rate":0,"timestamp":1563394687,"path_taken":["M","M","$","M","$","E","M","R","T","R","?","$","R","E","R","BOSS"],"build_version":"2019-07-05","purchased_purges":0,"victory":false,"max_hp_per_floor":[70,70,70,70,70,70,70,70,70,70,70,70,70,70,70,70],"card_choices":[{"not_picked":["Quick Slash","Backstab"],"picked":"Dagger Throw","floor":1},{"not_picked":["Acrobatics","Deadly Poison"],"picked":"Leg Sweep","floor":2},{"not_picked":["Dodge and Roll","Sucker Punch"],"picked":"Catalyst","floor":4},{"not_picked":["Dagger Throw","Expertise"],"picked":"Backflip","floor":6},{"not_picked":["Prepared","Backflip"],"picked":"Glass Knife","floor":7},{"not_picked":["PiercingWail","Poisoned Stab"],"picked":"Outmaneuver","floor":14}],"player_experience":337417,"relics_obtained":[{"floor":6,"key":"Anchor"},{"floor":14,"key":"Gambling Chip"}],"event_choices":[{"damage_healed":0,"gold_gain":100,"player_choice":"Pray","damage_taken":0,"max_hp_gain":0,"max_hp_loss":0,"event_name":"Golden Shrine","floor":11,"gold_loss":0}],"is_beta":false,"boss_relics":[],"items_purged_floors":[],"is_endless":false,"potions_floor_spawned":[1,2],"killed_by":"Hexaghost","ascension_level":9}