{"gold_per_floor":[118,37,50,62,73,73,103,103,103,117,146,111,136,116,116,216,216,227,227,240,250,23,23],"floor_reached":23,"playtime":2346,"items_purged":[],"score":243,"play_id":"512c52a1-c197-428c-85ee-3737f060b15e","local_time":"20190710163145","is_ascension_mode":true,"campfire_choices":[{"data":"Prepared","floor":6,"key":"SMITH"},{"floor":8,"key":"REST"},{"floor":15,"key":"REST"}],"neow_cost":"NONE","seed_source_timestamp":710817982686617,"circlet_count":0,"master_deck":["Strike_G","Strike_G","Strike_G","Strike_G","Strike_G","Defend_G","Defend_G+1","Defend_G","Defend_G","Defend_G","Survivor+1","Neutralize","Underhanded Strike","Infinite Blades","Dagger Throw","Backflip","Prepared+1","Dagger Spray","Predator","Dash","Prepared","Finisher","Setup","Adrenaline","Dagger Throw","Acrobatics","Eviscerate+1","Distraction+1","Tools of the Trade","Leg Sweep"],"relics":["Ring of the Snake","Matryoshka","Snake Skull","Letter Opener","Dream Catcher","War Paint","WristBlade"],"potions_floor_usage":[7,11,16,16,16,16,20,23,23,23],"damage_taken":[{"damage":17,"enemies":"Cultist","floor":1,"turns":7},{"damage":0,"enemies":"Small Slimes","floor":3,"turns":3},{"damage":0,"enemies":"2 Louse","floor":4,"turns":2},{"damage":4,"enemies":"Red Slaver","floor":5,"turns":4},{"damage":22,"enemies":"Lagavulin","floor":7,"turns":5},{"damage":4,"enemies":"Blue Slaver","floor":10,"turns":3},{"damage":20,"enemies":"Gremlin Nob","floor":11,"turns":4},{"damage":33,"enemies":"Lagavulin","floor":13,"turns":8},{"damage":31,"enemies":"The Guardian","floor":16,"turns":14},{"damage":7,"enemies":"3 Byrds","floor":18,"turns":5},{"damage":11,"enemies":"2 Thieves","floor":20,"turns":3},{"damage":34,"enemies":"Cultist and Chosen","floor":21,"turns":7},{"damage":29,"enemies":"Gremlin Leader","floor":23,"turns":4}],"seed_played":"-5265722310526249813","potions_obtained":[{"floor":3,"key":"AttackPotion"},{"floor":7,"key":"Dexterity Potion"},{"floor":11,"key":"Dexterity Potion"},{"floor":13,"key":"AttackPotion"},{"floor":14,"key":"EntropicBrew"},{"floor":20,"key":"PowerPotion"},{"floor":21,"key":"AttackPotion"}],"is_trial":false,"path_per_floor":["M","$","M","M","M","R","E","R","T","M","E","?","E","?","R","B",null,"M","?","M","M","$","E"],"character_chosen":"THE_SILENT","items_purchased":["Infinite Blades","Dagger Throw","Tools of the Trade","Leg Sweep"],"campfire_rested":2,"item_purchase_floors":[2,2,22,22],"current_hp_per_floor":[60,60,60,60,56,56,34,57,57,53,33,52,19,19,42,11,77,70,70,59,25,25,0],"gold":23,"neow_bonus":"TEN_PERCENT_HP_BONUS","is_prod":false,"is_daily":false,"chose_seed":false,"campfire_upgraded":1,"win_rate":0,"timestamp":1562801505,"path_taken":["M","$","M","?","M","R","E","R","T","M","E","?","E","?","R","BOSS","M","?","M","M","$","E"],"build_version":"2019-07-05","purchased_purges":0,"victory":false,"max_hp_per_floor":[77,77,77,77,77,77,77,77,77,77,77,77,77,77,77,77,77,77,77,77,77,77,77],"card_choices":[{"not_picked":["Calculated Gamble","Quick Slash"],"picked":"Underhanded Strike","floor":1},{"not_picked":["Dagger Spray","Dodge and Roll"],"picked":"Backflip","floor":3},{"not_picked":["All Out Attack","Bouncing Flask"],"picked":"Prepared","floor":4},{"not_picked":["Setup","Well Laid Plans"],"picked":"Dagger Spray","floor":5},{"not_picked":["Malaise","Calculated Gamble"],"picked":"Predator","floor":7},{"not_picked":["Catalyst","Expertise"],"picked":"Dash","floor":10},{"not_picked":["Crippling Poison","Poisoned Stab"],"picked":"Prepared","floor":11},{"not_picked":["Deadly Poison","Flying Knee"],"picked":"Finisher","floor":13},{"not_picked":["Poisoned Stab","Catalyst"],"picked":"Setup","floor":15},{"not_picked":["Storm of Steel","Grand Finale"],"picked":"Adrenaline","floor":16},{"not_picked":["Cloak And Dagger","Quick Slash"],"picked":"Dagger Throw","floor":18},{"not_picked":["Dodge and Roll","Sucker Punch"],"picked":"Eviscerate+1","floor":20},{"not_picked":["Flying Knee","Quick Slash"],"picked":"Distraction+1","floor":21}],"player_experience":197404,"relics_obtained":[{"floor":7,"key":"Matryoshka"},{"floor":9,"key":"Snake Skull"},{"floor":9,"key":"Letter Opener"},{"floor":11,"key":"Dream Catcher"},{"floor":13,"key":"War Paint"}],"event_choices":[{"damage_healed":19,"gold_gain":0,"player_choice":"Healed","damage_taken":0,"max_hp_gain":0,"max_hp_loss":0,"event_name":"The Cleric","floor":12,"gold_loss":35},{"damage_healed":0,"gold_gain":0,"player_choice":"Bought 1 Potion","damage_taken":0,"max_hp_gain":0,"max_hp_loss":0,"event_name":"The Woman in Blue","floor":14,"gold_loss":0},{"damage_healed":0,"gold_gain":0,"player_choice":"Read","damage_taken":0,"max_hp_gain":0,"max_hp_loss":0,"event_name":"The Library","floor":19,"gold_loss":0,"cards_obtained":["Acrobatics"]}],"is_beta":false,"boss_relics":[{"not_picked":["Runic Pyramid","Philosopher\u0027s Stone"],"picked":"WristBlade"}],"items_purged_floors":[],"is_endless":false,"potions_floor_spawned":[3,7,11,13,20,21],"killed_by":"Gremlin Leader","ascension_level":3}