{"gold_per_floor":[111,129,129,144,144,144,169,169,196,232,232,257,257],"floor_reached":13,"playtime":618,"items_purged":[],"score":102,"play_id":"6ba24228-d012-44ad-9217-ec9781f7161c","local_time":"20180919120119","is_ascension_mode":true,"campfire_choices":[{"data":"Zap","floor":6,"key":"SMITH"},{"floor":11,"key":"REST"}],"neow_cost":"PERCENT_DAMAGE","seed_source_timestamp":52576960989899,"circlet_count":0,"master_deck":["Strike_B","Strike_B","Strike_B","Defend_B","Defend_B","Defend_B","Zap+1","Dualcast","Stack","FTL","Gash","Conserve Battery","Streamline","Hologram"],"relics":["Cracked Core","Lantern","Golden Idol","DataDisk","Smiling Mask"],"potions_floor_usage":[10,10],"damage_taken":[{"damage":7,"enemies":"Jaw Worm","floor":1,"turns":3},{"damage":0,"enemies":"Small Slimes","floor":2,"turns":3},{"damage":2,"enemies":"2 Louse","floor":4,"turns":2},{"damage":10,"enemies":"Red Slaver","floor":7,"turns":3},{"damage":32,"enemies":"Gremlin Nob","floor":10,"turns":4},{"damage":0,"enemies":"2 Fungi Beasts","floor":12,"turns":2},{"damage":27,"enemies":"Gremlin Gang","floor":13,"turns":3}],"seed_played":"-8363500971410690249","potions_obtained":[{"floor":1,"key":"AttackPotion"},{"floor":4,"key":"Dexterity Potion"},{"floor":7,"key":"PowerPotion"}],"is_trial":false,"path_per_floor":["M","M","?","M","?","R","M","?","T","E","R","M"],"character_chosen":"DEFECT","items_purchased":[],"campfire_rested":1,"item_purchase_floors":[],"current_hp_per_floor":[47,47,47,45,45,45,35,35,35,3,23,23,0],"gold":257,"neow_bonus":"REMOVE_TWO","is_prod":false,"is_daily":false,"chose_seed":false,"campfire_upgraded":1,"win_rate":0,"timestamp":1537351279,"path_taken":["M","M","?","M","?","R","M","?","T","E","R","?","?"],"build_version":"2018-09-06","purchased_purges":0,"victory":false,"max_hp_per_floor":[75,75,75,75,69,69,69,69,69,69,69,69,69],"card_choices":[{"not_picked":["Reinforced Body","Blizzard"],"picked":"Stack","floor":1},{"not_picked":["Rebound","Turbo"],"picked":"FTL","floor":2},{"not_picked":["Glacier","Beam Cell"],"picked":"Gash","floor":4},{"not_picked":["Redo","Fission"],"picked":"Conserve Battery","floor":7},{"not_picked":["Stack","Steam"],"picked":"Streamline","floor":10},{"not_picked":["Barrage","Sweeping Beam"],"picked":"Hologram","floor":12}],"player_experience":478223,"relics_obtained":[{"floor":9,"key":"DataDisk"},{"floor":10,"key":"Smiling Mask"}],"event_choices":[{"event_name":"Big Fish","player_choice":"Box","floor":3,"damage_taken":0},{"event_name":"Golden Idol","player_choice":"Lose Max HP","floor":5,"damage_taken":0},{"event_name":"Wheel of Change","player_choice":"Card Removal","floor":8,"damage_taken":0}],"is_beta":false,"boss_relics":[],"items_purged_floors":[],"is_endless":false,"potions_floor_spawned":[1,4,7],"killed_by":"Gremlin Gang","ascension_level":4}