{"gold_per_floor":[119,135,14,24,24,24,44,64,87,149,149,162,176,201,201,298,298,314,514,514,531,131,131,165,165,165,165,4,30,46,72,72,177,177,189,189,189,207,224,224,238,88,88,98,98],"floor_reached":45,"playtime":6290,"items_purged":["Strike_G","Strike_G","Strike_G","Regret"],"score":596,"play_id":"b56ca807-1df8-401d-a47b-870e3149014b","local_time":"20180828231722","is_ascension_mode":true,"campfire_choices":[{"data":"Prepared","floor":6,"key":"SMITH"},{"data":"Prepared","floor":11,"key":"SMITH"},{"data":"Backflip","floor":15,"key":"SMITH"},{"data":"Night Terror","floor":23,"key":"SMITH"},{"data":"Corpse Explosion","floor":32,"key":"SMITH"},{"data":"Burst","floor":40,"key":"SMITH"}],"neow_cost":"NONE","seed_source_timestamp":971210670865212,"circlet_count":0,"master_deck":["Defend_G","Defend_G","Defend_G","Defend_G","Survivor","Neutralize","Prepared+1","Backflip+1","Deadly Poison","Underhanded Strike","Crippling Poison","Prepared+1","Underhanded Strike","Prepared","Noxious Fumes","Night Terror+1","Acrobatics+1","Footwork","Corpse Explosion+1","Prepared","All Out Attack","Burst+1","Decay","Doubt","Bane+1","Enlightenment+1","Jack Of All Trades+1","Blind+1","Poisoned Stab","Backflip+1"],"relics":["Ring of the Snake","Regal Pillow","Potion Belt","Orichalcum","Coffee Dripper","Thread and Needle","Ninja Scroll","Mummified Hand","Gremlin Horn","Anchor","Calling Bell","Omamori","Toxic Egg 2","Turnip","Ornamental Fan"],"potions_floor_usage":[7,8,14,14,29,29,33,39,45],"damage_taken":[{"damage":5,"enemies":"Cultist","floor":1,"turns":6},{"damage":0,"enemies":"2 Louse","floor":2,"turns":3},{"damage":0,"enemies":"Small Slimes","floor":4,"turns":3},{"damage":1,"enemies":"Blue Slaver","floor":7,"turns":4},{"damage":4,"enemies":"Large Slime","floor":8,"turns":7},{"damage":14,"enemies":"3 Sentries","floor":10,"turns":12},{"damage":3,"enemies":"Looter","floor":12,"turns":3},{"damage":0,"enemies":"Lots of Slimes","floor":13,"turns":5},{"damage":15,"enemies":"3 Sentries","floor":14,"turns":8},{"damage":29,"enemies":"The Guardian","floor":16,"turns":10},{"damage":2,"enemies":"Shell Parasite","floor":18,"turns":5},{"damage":9,"enemies":"2 Thieves","floor":21,"turns":5},{"damage":15,"enemies":"Slavers","floor":24,"turns":6},{"damage":16,"enemies":"Book of Stabbing","floor":29,"turns":6},{"damage":2,"enemies":"Cultist and Chosen","floor":30,"turns":5},{"damage":10,"enemies":"Slavers","floor":31,"turns":3},{"damage":20,"enemies":"Champ","floor":33,"turns":10},{"damage":6,"enemies":"Orb Walker","floor":35,"turns":4},{"damage":0,"enemies":"3 Shapes","floor":38,"turns":2},{"damage":0,"enemies":"Flame Bruiser 2 Orb","floor":39,"turns":7},{"damage":16,"enemies":"Maw","floor":41,"turns":7},{"damage":19,"enemies":"Spire Growth","floor":44,"turns":5},{"damage":31,"enemies":"Nemesis","floor":45,"turns":6}],"seed_played":"4050210191611286293","potions_obtained":[{"floor":7,"key":"Fruit Juice"},{"floor":8,"key":"Fruit Juice"},{"floor":12,"key":"EssenceOfSteel"},{"floor":13,"key":"AttackPotion"},{"floor":14,"key":"Energy Potion"},{"floor":16,"key":"GamblersBrew"},{"floor":24,"key":"Strength Potion"},{"floor":29,"key":"GhostInAJar"},{"floor":35,"key":"Block Potion"},{"floor":39,"key":"SteroidPotion"}],"is_trial":false,"path_per_floor":["M","M","$","M","?","R","M","M","T","?","R","M","M","E","R","B",null,"M","?","?","M","$","R","E","?","T","?","$","E","M","E","R","B",null,"M","?","?","M","M","R","M","$","T","M"],"character_chosen":"THE_SILENT","items_purchased":["Underhanded Strike","Thread and Needle","Setup"],"campfire_rested":0,"item_purchase_floors":[3,22,28],"current_hp_per_floor":[65,65,65,65,65,65,69,70,70,56,56,53,53,38,38,9,80,78,78,78,69,69,69,54,54,54,54,54,38,36,26,26,6,80,74,74,64,64,64,64,48,48,48,29,0],"gold":98,"neow_bonus":"TRANSFORM_CARD","is_prod":false,"is_daily":false,"chose_seed":false,"campfire_upgraded":6,"win_rate":0,"timestamp":1535491042,"path_taken":["M","?","?","M","?","R","M","M","T","?","R","?","M","E","R","BOSS","M","?","?","?","$","R","E","?","T","?","?","E","M","E","R","BOSS","M","?","?","?","M","R","M","?","T","M","E"],"build_version":"2018-08-23v2","purchased_purges":4,"victory":false,"max_hp_per_floor":[70,70,70,70,70,70,75,80,80,80,80,80,80,80,80,80,80,80,80,80,80,80,80,80,80,80,80,80,80,80,80,80,80,80,80,80,80,80,80,80,80,80,80,80,80],"card_choices":[{"not_picked":["Deflect","Slice"],"picked":"Backflip","floor":1},{"not_picked":["Skewer","Blur"],"picked":"Deadly Poison","floor":2},{"not_picked":["Backflip","Predator"],"picked":"Crippling Poison","floor":4},{"not_picked":["Slice","Dagger Throw"],"picked":"Escape Plan","floor":7},{"not_picked":["Storm of Steel","Dodge and Roll"],"picked":"Prepared","floor":8},{"not_picked":["Dagger Throw","Concentrate"],"picked":"Underhanded Strike","floor":12},{"not_picked":["Flechettes","Calculated Gamble"],"picked":"Prepared","floor":13},{"not_picked":["Slice","Choke"],"picked":"Noxious Fumes","floor":14},{"not_picked":["Grand Finale","Adrenaline"],"picked":"Night Terror","floor":16},{"not_picked":["Acrobatics","Flying Knee","Slice+1"],"picked":"SKIP","floor":18},{"not_picked":["Flying Knee","Prepared"],"picked":"Acrobatics+1","floor":21},{"not_picked":["Heel Hook","Dash+1"],"picked":"Footwork","floor":24},{"not_picked":["Backstab","Backflip"],"picked":"Prepared","floor":29},{"not_picked":["Cloak And Dagger","PiercingWail"],"picked":"All Out Attack","floor":30},{"not_picked":["Unload","Quick Slash+1","Envenom"],"picked":"SKIP","floor":31},{"not_picked":["Grand Finale","Glass Knife"],"picked":"Burst","floor":33},{"not_picked":["Slice","Endless Agony"],"picked":"Bane+1","floor":35},{"not_picked":["Finesse+1","Dark Shackles+1"],"picked":"Enlightenment+1","floor":37},{"not_picked":["Impatience+1","Violence+1"],"picked":"Jack Of All Trades+1","floor":37},{"not_picked":["Mind Blast","Magnetism"],"picked":"Blind+1","floor":37},{"not_picked":["Heel Hook+1","Bane"],"picked":"Poisoned Stab","floor":38},{"not_picked":["Skewer+1","Slice+1"],"picked":"Backflip+1","floor":39},{"not_picked":["Acrobatics+1","Slice","Quick Slash"],"picked":"SKIP","floor":41},{"not_picked":["Blur+1","Quick Slash","Finisher+1"],"picked":"SKIP","floor":44}],"player_experience":395646,"relics_obtained":[{"floor":9,"key":"Regal Pillow"},{"floor":10,"key":"Potion Belt"},{"floor":14,"key":"Orichalcum"},{"floor":24,"key":"Ninja Scroll"},{"floor":26,"key":"Mummified Hand"},{"floor":29,"key":"Gremlin Horn"},{"floor":31,"key":"Anchor"},{"floor":34,"key":"Omamori"},{"floor":34,"key":"Toxic Egg 2"},{"floor":34,"key":"Turnip"},{"floor":43,"key":"Ornamental Fan"}],"event_choices":[{"event_name":"Living Wall","player_choice":"Forget","floor":5,"damage_taken":0},{"event_name":"Dead Adventurer","player_choice":"Searched \u00273\u0027 times","floor":10,"damage_taken":0},{"event_name":"The Joust","player_choice":"Bet on Owner","floor":19,"damage_taken":0},{"event_name":"Ghosts","player_choice":"Ignored","floor":20,"damage_taken":0},{"event_name":"Transmorgrifier","player_choice":"Transform","floor":25,"damage_taken":0},{"event_name":"Back to Basics","player_choice":"Elegance","floor":27,"damage_taken":0},{"event_name":"Falling","player_choice":"Removed Skill","floor":36,"damage_taken":0},{"event_name":"SensoryStone","player_choice":"Memory 3","floor":37,"damage_taken":0}],"is_beta":false,"boss_relics":[{"not_picked":["Runic Dome","White Beast Statue"],"picked":"Coffee Dripper"},{"not_picked":["Runic Pyramid","Tiny House"],"picked":"Calling Bell"}],"items_purged_floors":[3,22,28,42],"is_endless":false,"potions_floor_spawned":[7,8,12,13,14,16,24,29,35,39],"killed_by":"Nemesis","ascension_level":3}