{"gold_per_floor":[119,132,132,152,29,29,29,29,80,80,98,98,48,63,63,161,161,177,177,177,177,177,177,191,191,191,191,203,60,60,60,60,60],"floor_reached":33,"playtime":1440,"items_purged":["Strike_B"],"score":289,"play_id":"7f70356b-88b1-4a37-9cc7-33944a232d7e","local_time":"20180922152031","is_ascension_mode":true,"campfire_choices":[{"data":"Hologram","floor":6,"key":"SMITH"},{"data":"Darkness","floor":8,"key":"SMITH"},{"data":"Dualcast","floor":10,"key":"SMITH"},{"data":"Hologram","floor":12,"key":"SMITH"},{"data":"Zap","floor":15,"key":"SMITH"},{"data":"Reboot","floor":23,"key":"SMITH"},{"data":"Defend_B","floor":25,"key":"SMITH"},{"data":"Defend_B","floor":27,"key":"SMITH"},{"floor":32,"key":"REST"}],"neow_cost":"","seed_source_timestamp":105583966284953,"circlet_count":0,"master_deck":["Strike_B+1","Defend_B","Defend_B","Defend_B+1","Defend_B+1","Zap+1","Dualcast+1","Ball Lightning+1","Darkness+1","Gash","Hologram+1","Hologram+1","Barrage","Reboot+1","Writhe","Reprogram+1","Conserve Battery"],"relics":["FrozenCore","Vajra","Happy Flower","Cables","Sundial","Bag of Preparation"],"potions_floor_usage":[16,22,33,33],"damage_taken":[{"damage":9,"enemies":"2 Louse","floor":1,"turns":3},{"damage":4,"enemies":"Jaw Worm","floor":2,"turns":3},{"damage":0,"enemies":"Cultist","floor":4,"turns":3},{"damage":0,"enemies":"Exordium Wildlife","floor":11,"turns":2},{"damage":1,"enemies":"Looter","floor":14,"turns":2},{"damage":33,"enemies":"The Guardian","floor":16,"turns":9},{"damage":14,"enemies":"2 Thieves","floor":18,"turns":3},{"damage":8,"enemies":"Colosseum Slavers","floor":22,"turns":4},{"damage":0,"enemies":"Spheric Guardian","floor":24,"turns":3},{"damage":13,"enemies":"Snecko","floor":28,"turns":4},{"damage":35,"enemies":"Automaton","floor":33,"turns":6}],"seed_played":"-594355631919431503","potions_obtained":[{"floor":2,"key":"LiquidBronze"},{"floor":18,"key":"Block Potion"},{"floor":24,"key":"Poison Potion"},{"floor":28,"key":"EssenceOfSteel"}],"is_trial":false,"path_per_floor":["M","M","?","M","$","R","$","R","T","R","M","R","?","M","R","B",null,"M","?","?","T","?","R","M","R","T","R","M","$","?","?","R"],"character_chosen":"DEFECT","items_purchased":["Hologram","Bag of Preparation"],"campfire_rested":1,"item_purchase_floors":[5,29],"current_hp_per_floor":[66,62,47,47,47,47,47,47,47,47,47,47,47,46,46,13,60,46,46,46,46,38,38,38,38,38,38,25,25,11,11,35,0],"gold":60,"neow_bonus":"","is_prod":false,"is_daily":false,"chose_seed":false,"campfire_upgraded":8,"win_rate":0,"timestamp":1537622431,"path_taken":["M","M","?","M","$","R","?","R","T","R","?","R","?","?","R","BOSS","M","?","?","?","?","R","M","R","T","R","?","$","?","?","R","BOSS"],"build_version":"2018-09-20","purchased_purges":1,"victory":false,"max_hp_per_floor":[75,75,75,75,75,75,75,75,75,75,75,75,75,75,75,75,75,75,75,75,75,75,75,75,75,75,75,75,75,80,80,80,80],"card_choices":[{"not_picked":["Go for the Eyes","Double Energy"],"picked":"Ball Lightning","floor":1},{"not_picked":["Aggregate","Compile Driver"],"picked":"Darkness","floor":2},{"not_picked":["Sweeping Beam","Conserve Battery"],"picked":"Gash","floor":4},{"not_picked":["White Noise","Go for the Eyes"],"picked":"Hologram","floor":11},{"not_picked":["Force Field","Heatsinks"],"picked":"Barrage","floor":14},{"not_picked":["Hyperbeam","Core Surge"],"picked":"Reboot","floor":16},{"not_picked":["Go for the Eyes","Auto Shields+1","Steam Power"],"picked":"SKIP","floor":18},{"not_picked":["Chaos","Barrage"],"picked":"Reprogram+1","floor":24},{"not_picked":["Barrage","Go for the Eyes"],"picked":"Conserve Battery","floor":28}],"player_experience":514279,"relics_obtained":[{"floor":9,"key":"Vajra"},{"floor":21,"key":"Cables"},{"floor":26,"key":"Sundial"}],"event_choices":[{"event_name":"Shining Light","player_choice":"Entered Light","floor":3,"damage_taken":0},{"event_name":"The Cleric","player_choice":"Card Removal","floor":13,"damage_taken":0},{"event_name":"Back to Basics","player_choice":"Elegance","floor":19,"damage_taken":0},{"event_name":"The Mausoleum","player_choice":"Yes","floor":20,"damage_taken":0},{"event_name":"Colosseum","player_choice":"Fight","floor":22,"damage_taken":0},{"event_name":"Colosseum","player_choice":"Fled From Nobs","floor":22,"damage_taken":0},{"event_name":"Forgotten Altar","player_choice":"Shed Blood","floor":30,"damage_taken":0},{"event_name":"Vampires","player_choice":"Ignored","floor":31,"damage_taken":0}],"is_beta":false,"boss_relics":[{"not_picked":["Black Star","Lizard Tail"],"picked":"FrozenCore"}],"items_purged_floors":[5],"is_endless":false,"potions_floor_spawned":[2,18,24,28],"killed_by":"Automaton","ascension_level":5}