{"gold_per_floor":[119,138,56,56,56,88,88,106,188,222,222,254,273,288,288,288],"floor_reached":16,"playtime":1606,"items_purged":[],"score":174,"play_id":"71b7c3cf-6cd7-4997-979e-b141c6acc86a","local_time":"20190718095310","is_ascension_mode":true,"campfire_choices":[{"floor":7,"key":"REST"},{"floor":11,"key":"REST"},{"data":"Tactician","floor":15,"key":"SMITH"}],"neow_cost":"NONE","seed_source_timestamp":503319998262489,"circlet_count":0,"master_deck":["Strike_G","Strike_G","Strike_G","Strike_G","Strike_G","Defend_G","Defend_G","Defend_G","Defend_G","Defend_G+1","Survivor","Neutralize","PiercingWail","Footwork","Footwork","Acrobatics","Dash","Expertise+1","Dodge and Roll","Tactician+1","Noxious Fumes","Catalyst"],"relics":["Ring of the Snake","GremlinMask","Oddly Smooth Stone","Ornamental Fan","Smiling Mask","War Paint"],"potions_floor_usage":[10,16],"damage_taken":[{"damage":4,"enemies":"Small Slimes","floor":1,"turns":6},{"damage":6,"enemies":"Jaw Worm","floor":2,"turns":8},{"damage":58,"enemies":"Lagavulin","floor":6,"turns":21},{"damage":0,"enemies":"Cultist","floor":8,"turns":5},{"damage":39,"enemies":"Gremlin Nob","floor":10,"turns":9},{"damage":5,"enemies":"3 Sentries","floor":12,"turns":18},{"damage":0,"enemies":"Gremlin Gang","floor":13,"turns":9},{"damage":0,"enemies":"Blue Slaver","floor":14,"turns":7},{"damage":22,"enemies":"Slime Boss","floor":16,"turns":11}],"seed_played":"2139952215151746819","potions_obtained":[{"floor":8,"key":"Regen Potion"},{"floor":13,"key":"Dexterity Potion"},{"floor":14,"key":"Weak Potion"}],"is_trial":false,"path_per_floor":["M","M","$","?","?","E","R","M","T","E","R","E","M","M","R","B"],"character_chosen":"THE_SILENT","items_purchased":["Footwork","Acrobatics"],"campfire_rested":2,"item_purchase_floors":[3,3],"current_hp_per_floor":[66,60,60,60,60,2,25,25,25,1,24,19,19,19,19,0],"gold":288,"neow_bonus":"TEN_PERCENT_HP_BONUS","is_prod":false,"is_daily":false,"chose_seed":false,"campfire_upgraded":1,"win_rate":0,"timestamp":1563468790,"path_taken":["M","M","$","?","?","E","R","M","T","E","R","E","M","M","R","BOSS"],"build_version":"2019-07-17","purchased_purges":0,"victory":false,"max_hp_per_floor":[77,77,77,77,77,77,77,77,77,77,77,77,77,77,77,77],"card_choices":[{"not_picked":["Dodge and Roll","Deadly Poison"],"picked":"PiercingWail","floor":1},{"not_picked":["Underhanded Strike","Dash"],"picked":"Footwork","floor":2},{"not_picked":["Outmaneuver","Escape Plan"],"picked":"Dash","floor":6},{"not_picked":["Deadly Poison","Poisoned Stab"],"picked":"Expertise","floor":8},{"not_picked":["Malaise","Bane"],"picked":"Dodge and Roll","floor":10},{"not_picked":["Cloak And Dagger","Dagger Throw"],"picked":"Tactician","floor":12},{"not_picked":["Riddle With Holes","Sucker Punch"],"picked":"Noxious Fumes","floor":13},{"not_picked":["Deadly Poison","Expertise"],"picked":"Catalyst","floor":14}],"player_experience":346977,"relics_obtained":[{"floor":6,"key":"Oddly Smooth Stone"},{"floor":9,"key":"Ornamental Fan"},{"floor":10,"key":"Smiling Mask"},{"floor":12,"key":"War Paint"}],"event_choices":[{"damage_healed":0,"gold_gain":0,"player_choice":"Ignored","damage_taken":0,"max_hp_gain":0,"max_hp_loss":0,"event_name":"Liars Game","floor":4,"gold_loss":0},{"damage_healed":0,"gold_gain":0,"player_choice":"Trade","damage_taken":0,"relics_obtained":["GremlinMask"],"max_hp_gain":0,"max_hp_loss":0,"event_name":"FaceTrader","floor":5,"gold_loss":0}],"is_beta":false,"boss_relics":[],"items_purged_floors":[],"is_endless":false,"potions_floor_spawned":[8,13,14],"killed_by":"Slime Boss","ascension_level":9}