{"gold_per_floor":[110,129,1,1,11,11,30,42,68,94,120,120,145,165,165,263,263,280,299,40,40,40,40,73,83,83,83,95,49,49,65,65,65],"floor_reached":33,"playtime":1773,"items_purged":["Strike_B","Strike_B"],"score":387,"play_id":"51daa63f-0bb4-4a3d-b0d3-a8d20a150474","local_time":"20180919123106","is_ascension_mode":true,"campfire_choices":[{"data":"Hyperbeam","floor":6,"key":"SMITH"},{"data":"Enlightenment","floor":12,"key":"SMITH"},{"data":"Hologram","floor":15,"key":"SMITH"},{"data":"Streamline","floor":23,"key":"SMITH"},{"data":"Skim","floor":27,"key":"SMITH"},{"data":"Hologram","floor":32,"key":"SMITH"}],"neow_cost":"","seed_source_timestamp":53209273046637,"circlet_count":0,"master_deck":["Defend_B","Defend_B","Defend_B","Defend_B+1","Dualcast","Self Repair","Sweeping Beam","Stack","Hyperbeam+1","Enlightenment+1","White Noise","BootSequence+1","Streamline+1","Beam Cell","Hologram+1","FTL","Beam Cell+1","Melter","Core Surge","BootSequence","Bite","Bite","Bite","Bite","Bite","Streamline","Skim+1","Echo Form","Rebound","Hologram+1"],"relics":["Cracked Core","Happy Flower","Vajra","DataDisk","Ancient Tea Set","Empty Cage","War Paint","PreservedInsect"],"potions_floor_usage":[13,13,24,24,33,33,33],"damage_taken":[{"damage":1,"enemies":"Cultist","floor":1,"turns":3},{"damage":0,"enemies":"Small Slimes","floor":2,"turns":3},{"damage":0,"enemies":"2 Louse","floor":5,"turns":1},{"damage":29,"enemies":"Exordium Thugs","floor":7,"turns":5},{"damage":0,"enemies":"Large Slime","floor":8,"turns":4},{"damage":0,"enemies":"3 Sentries","floor":11,"turns":2},{"damage":40,"enemies":"Lagavulin","floor":13,"turns":4},{"damage":0,"enemies":"2 Fungi Beasts","floor":14,"turns":2},{"damage":16,"enemies":"Slime Boss","floor":16,"turns":6},{"damage":3,"enemies":"3 Byrds","floor":18,"turns":4},{"damage":2,"enemies":"Chosen","floor":19,"turns":4},{"damage":10,"enemies":"Slavers","floor":24,"turns":3},{"damage":0,"enemies":"Centurion and Healer","floor":25,"turns":3},{"damage":0,"enemies":"Shelled Parasite and Fungi","floor":28,"turns":2},{"damage":1,"enemies":"Snake Plant","floor":31,"turns":3},{"damage":71,"enemies":"Champ","floor":33,"turns":10}],"seed_played":"-7145503869651937258","potions_obtained":[{"floor":1,"key":"SkillPotion"},{"floor":7,"key":"Explosive Potion"},{"floor":11,"key":"Energy Potion"},{"floor":16,"key":"Strength Potion"},{"floor":19,"key":"Fire Potion"},{"floor":24,"key":"Block Potion"},{"floor":31,"key":"Block Potion"}],"is_trial":false,"path_per_floor":["M","M","$","?","M","R","M","M","T","T","E","R","E","M","R","B",null,"M","M","$","?","?","R","E","M","T","R","M","$","$","M","R"],"character_chosen":"DEFECT","items_purchased":["Stack","Core Surge","BootSequence","Rebound"],"campfire_rested":0,"item_purchase_floors":[3,20,20,29],"current_hp_per_floor":[74,75,75,75,75,75,53,60,60,60,60,60,27,34,34,25,75,75,75,75,61,56,56,55,56,56,56,56,56,56,55,55,0],"gold":65,"neow_bonus":"","is_prod":false,"is_daily":false,"chose_seed":false,"campfire_upgraded":6,"win_rate":0,"timestamp":1537353066,"path_taken":["M","M","$","?","M","R","M","?","T","?","E","R","E","M","R","BOSS","M","M","$","?","?","R","E","M","T","R","M","?","$","?","R","BOSS"],"build_version":"2018-09-06","purchased_purges":2,"victory":false,"max_hp_per_floor":[75,75,75,75,75,75,75,75,75,75,75,75,75,75,75,75,75,75,75,75,80,56,56,56,56,56,56,56,56,56,56,56,56],"card_choices":[{"not_picked":["Conserve Battery","Stack"],"picked":"Self Repair","floor":1},{"not_picked":["Melter","Chill"],"picked":"Sweeping Beam","floor":2},{"not_picked":["Coolheaded","Compile Driver"],"picked":"White Noise","floor":5},{"not_picked":["Barrage","Redo"],"picked":"BootSequence","floor":7},{"not_picked":["Skim","Hologram"],"picked":"Streamline","floor":8},{"not_picked":["Glacier","Loop"],"picked":"Beam Cell","floor":11},{"not_picked":["Hello World","Melter"],"picked":"Hologram","floor":13},{"not_picked":["Static Discharge","Tempest"],"picked":"FTL","floor":14},{"not_picked":["Barrage","Darkness"],"picked":"Beam Cell+1","floor":18},{"not_picked":["Barrage","Sweeping Beam"],"picked":"Melter","floor":19},{"not_picked":["White Noise","Undo+1"],"picked":"Streamline","floor":24},{"not_picked":["Undo","Barrage"],"picked":"Skim","floor":25},{"not_picked":["Glacier","Stack+1"],"picked":"Echo Form","floor":28},{"not_picked":["Sweeping Beam","Melter"],"picked":"Hologram","floor":31}],"player_experience":478841,"relics_obtained":[{"floor":9,"key":"Happy Flower"},{"floor":10,"key":"Vajra"},{"floor":11,"key":"DataDisk"},{"floor":13,"key":"Ancient Tea Set"},{"floor":24,"key":"War Paint"},{"floor":26,"key":"PreservedInsect"}],"event_choices":[{"event_name":"Match and Keep!","player_choice":"2 cards matched","floor":4,"damage_taken":0},{"event_name":"Forgotten Altar","player_choice":"Shed Blood","floor":21,"damage_taken":0},{"event_name":"Vampires","player_choice":"Became a vampire","floor":22,"damage_taken":0}],"is_beta":false,"boss_relics":[{"not_picked":["Orrery","White Beast Statue"],"picked":"Empty Cage"}],"items_purged_floors":[3,20],"is_endless":false,"potions_floor_spawned":[1,7,11,16,19,24,31],"killed_by":"Champ","ascension_level":4}