{"gold_per_floor":[119,119,135,135,11,11,31,43,67,84,100,70,87,87,87,186,186,206,221,221,231,97,124,49,49,49,49,68,68,103,121,121,221,221,236,111,111,6,23,85,101,101],"floor_reached":42,"playtime":5060,"items_purged":["Regret","Strike_G","Strike_G"],"score":483,"play_id":"b213ce1b-109d-49ab-a3c8-7f0844674079","local_time":"20180813144854","is_ascension_mode":true,"campfire_choices":[{"data":"Neutralize","floor":6,"key":"SMITH"},{"data":"Dagger Spray","floor":15,"key":"SMITH"},{"floor":32,"key":"REST"}],"neow_cost":"TEN_PERCENT_HP_LOSS","seed_source_timestamp":217189843138018,"circlet_count":0,"master_deck":["Defend_G","Defend_G","Defend_G","Defend_G","Defend_G","Survivor","Neutralize+1","Dagger Spray+1","Grand Finale","Neutralize","Dagger Throw","Prepared","Backflip","Quick Slash","Dagger Throw","Prepared","Tools of the Trade","Acrobatics","Well Laid Plans","Footwork","Well Laid Plans","Grand Finale","Normality","Footwork","Madness","Madness"],"relics":["Ring of the Snake","Ancient Tea Set","Strawberry","Mercury Hourglass","Cursed Key","Question Card","Ornamental Fan","Matryoshka","WristBlade","Tiny Chest"],"potions_floor_usage":[19,21,23,33,39,39,41,42,42],"damage_taken":[{"damage":0,"enemies":"Jaw Worm","floor":1,"turns":6},{"damage":4,"enemies":"Cultist","floor":3,"turns":5},{"damage":0,"enemies":"2 Louse","floor":7,"turns":2},{"damage":4,"enemies":"Blue Slaver","floor":8,"turns":5},{"damage":4,"enemies":"Gremlin Gang","floor":10,"turns":3},{"damage":0,"enemies":"2 Fungi Beasts","floor":11,"turns":4},{"damage":5,"enemies":"Lots of Slimes","floor":13,"turns":2},{"damage":9,"enemies":"Slime Boss","floor":16,"turns":12},{"damage":0,"enemies":"3 Byrds","floor":18,"turns":3},{"damage":3,"enemies":"Shell Parasite","floor":19,"turns":8},{"damage":16,"enemies":"Sentry and Sphere","floor":21,"turns":6},{"damage":20,"enemies":"Gremlin Leader","floor":23,"turns":6},{"damage":7,"enemies":"Snake Plant","floor":28,"turns":5},{"damage":14,"enemies":"Book of Stabbing","floor":30,"turns":5},{"damage":1,"enemies":"3 Cultists","floor":31,"turns":3},{"damage":6,"enemies":"Collector","floor":33,"turns":7},{"damage":15,"enemies":"Flame Bruiser 1 Orb","floor":35,"turns":5},{"damage":9,"enemies":"3 Shapes","floor":39,"turns":3},{"damage":13,"enemies":"Nemesis","floor":40,"turns":5},{"damage":22,"enemies":"3 Darklings","floor":41,"turns":3},{"damage":8,"enemies":"4 Shapes","floor":42,"turns":5}],"seed_played":"2035867133819404438","potions_obtained":[{"floor":7,"key":"LiquidBronze"},{"floor":10,"key":"Fire Potion"},{"floor":11,"key":"FearPotion"},{"floor":12,"key":"Explosive Potion"},{"floor":12,"key":"Weak Potion"},{"floor":18,"key":"SkillPotion"},{"floor":19,"key":"PowerPotion"},{"floor":31,"key":"SteroidPotion"},{"floor":33,"key":"Poison Potion"},{"floor":35,"key":"LiquidBronze"},{"floor":40,"key":"Dexterity Potion"},{"floor":41,"key":"SkillPotion"}],"is_trial":false,"path_per_floor":["M","?","M","?","$","R","M","M","T","M","M","?","M","?","R","B",null,"M","M","?","M","$","E","$","?","T","$","M","?","E","M","R","B",null,"M","$","?","$","M","E","M"],"character_chosen":"THE_SILENT","items_purchased":["Dagger Throw","Footwork","Grand Finale","Fruit Juice"],"campfire_rested":1,"item_purchase_floors":[5,22,24,38],"current_hp_per_floor":[63,63,59,59,59,59,59,55,62,58,58,58,53,53,53,44,70,70,67,67,51,51,31,31,36,36,36,29,29,15,14,35,29,70,55,55,46,46,42,29,7,0],"gold":101,"neow_bonus":"REMOVE_TWO","is_prod":false,"is_daily":false,"chose_seed":false,"campfire_upgraded":2,"win_rate":0,"timestamp":1534164534,"path_taken":["M","?","?","?","$","R","?","M","T","M","M","?","M","?","R","BOSS","M","?","?","M","$","E","$","?","T","$","M","?","E","?","R","BOSS","M","$","?","$","M","E","M","M"],"build_version":"2018-08-09","purchased_purges":3,"victory":false,"max_hp_per_floor":[63,63,63,63,63,63,63,63,70,70,70,70,70,70,70,70,70,70,70,70,70,70,70,70,70,70,70,70,70,70,70,70,70,70,70,70,70,70,75,75,75,75],"card_choices":[{"not_picked":["Outmaneuver","Sucker Punch"],"picked":"Dagger Spray","floor":1},{"not_picked":["Catalyst","Deflect"],"picked":"Acrobatics","floor":3},{"not_picked":["Underhanded Strike","Blur"],"picked":"Prepared","floor":7},{"not_picked":["Dagger Spray","Blur"],"picked":"Backflip","floor":8},{"not_picked":["Caltrops","Acrobatics"],"picked":"Quick Slash","floor":10},{"not_picked":["Bouncing Flask","Die Die Die"],"picked":"Dagger Throw","floor":11},{"not_picked":["Sucker Punch","Slice"],"picked":"Prepared","floor":13},{"not_picked":["Adrenaline","After Image"],"picked":"Tools of the Trade","floor":16},{"not_picked":["Bane","Deflect"],"picked":"Acrobatics","floor":18},{"not_picked":["Reflex","Blur"],"picked":"Well Laid Plans","floor":19},{"not_picked":["Dagger Spray","Noxious Fumes","Calculated Gamble"],"picked":"SKIP","floor":21},{"not_picked":["Flying Knee+1","Acrobatics"],"picked":"Well Laid Plans","floor":23},{"not_picked":["Poisoned Stab","Dagger Throw","Quick Slash+1","Backflip+1"],"picked":"SKIP","floor":28},{"not_picked":["Deflect","Bane","Outmaneuver+1","Accuracy"],"picked":"SKIP","floor":30},{"not_picked":["Concentrate","Cloak And Dagger+1","Accuracy","Backflip"],"picked":"SKIP","floor":31},{"not_picked":["Blade Dance","Bane+1","Backflip+1","Flying Knee"],"picked":"SKIP","floor":35},{"not_picked":["Slice+1","Cloak And Dagger","Masterful Stab+1","Dodge and Roll+1"],"picked":"SKIP","floor":39},{"not_picked":["Catalyst","Deflect","After Image","Leg Sweep"],"picked":"SKIP","floor":40},{"not_picked":["PiercingWail","Setup","Sucker Punch+1","Underhanded Strike+1"],"picked":"SKIP","floor":41}],"player_experience":283177,"relics_obtained":[{"floor":9,"key":"Strawberry"},{"floor":23,"key":"Question Card"},{"floor":26,"key":"Ornamental Fan"},{"floor":30,"key":"Matryoshka"},{"floor":40,"key":"Tiny Chest"}],"event_choices":[{"event_name":"Match and Keep!","player_choice":"2 cards matched","floor":2,"damage_taken":0},{"event_name":"Big Fish","player_choice":"Box","floor":4,"damage_taken":0},{"event_name":"The Woman in Blue","player_choice":"Bought 2 Potions","floor":12,"damage_taken":0},{"event_name":"Accursed Blacksmith","player_choice":"Rummage","floor":14,"damage_taken":0},{"event_name":"Back to Basics","player_choice":"Elegance","floor":20,"damage_taken":0},{"event_name":"Bonfire Elementals","player_choice":"COMMON","floor":25,"damage_taken":0},{"event_name":"Transmorgrifier","player_choice":"Transform","floor":29,"damage_taken":0},{"event_name":"Winding Halls","player_choice":"Embrace Madness","floor":37,"damage_taken":0}],"is_beta":false,"boss_relics":[{"not_picked":["Coffee Dripper","Ring of the Serpent"],"picked":"Cursed Key"},{"not_picked":["Pandora\u0027s Box","Philosopher\u0027s Stone"],"picked":"WristBlade"}],"items_purged_floors":[5,22,36],"is_endless":false,"potions_floor_spawned":[7,10,11,13,18,19,31,33,35,40,41],"killed_by":"4 Shapes","ascension_level":1}