{"gold_per_floor":[111,130,205,5,25,25,53,53,107,139,153,153,33,60,60,155,155,165,80,100,100,0,0,25,25,25,52,65,84,46,56,56,56],"floor_reached":33,"playtime":2113,"items_purged":["Strike_R","Strike_R"],"score":394,"play_id":"91cf921b-d052-4711-803d-23d1624b8e8a","local_time":"20180902162514","is_ascension_mode":true,"campfire_choices":[{"data":"Shrug It Off","floor":6,"key":"SMITH"},{"data":"Pommel Strike","floor":8,"key":"SMITH"},{"data":"Rampage","floor":12,"key":"SMITH"},{"data":"Shrug It Off","floor":15,"key":"SMITH"},{"data":"RitualDagger","floor":23,"key":"SMITH"},{"data":"Armaments","floor":32,"key":"SMITH"}],"neow_cost":"","seed_source_timestamp":1382756017661640,"circlet_count":0,"master_deck":["Strike_R","Strike_R","Strike_R","Defend_R","Defend_R+1","Defend_R+1","Defend_R","Bash","Shrug It Off+1","Iron Wave","Anger","Clash","Pommel Strike+1","Rampage+1","Thunderclap","Shrug It Off+1","Iron Wave","Brutality","Armaments+1","Shrug It Off","RitualDagger+1","Burning Pact","True Grit","Second Wind","True Grit"],"relics":["Burning Blood","Lantern","Red Skull","War Paint","Happy Flower","Bag of Marbles","Runic Cube","Centennial Puzzle","Blood Vial","Boot","Ancient Tea Set"],"potions_floor_usage":[14,14,18,20,24,24,27,27,27,29,33,33],"damage_taken":[{"damage":6,"enemies":"Cultist","floor":1,"turns":4},{"damage":4,"enemies":"2 Louse","floor":2,"turns":3},{"damage":7,"enemies":"Jaw Worm","floor":5,"turns":2},{"damage":24,"enemies":"Gremlin Nob","floor":7,"turns":5},{"damage":14,"enemies":"3 Sentries","floor":10,"turns":7},{"damage":8,"enemies":"Exordium Thugs","floor":11,"turns":3},{"damage":0,"enemies":"Gremlin Nob","floor":14,"turns":2},{"damage":24,"enemies":"The Guardian","floor":16,"turns":7},{"damage":4,"enemies":"3 Byrds","floor":18,"turns":5},{"damage":22,"enemies":"Spheric Guardian","floor":20,"turns":7},{"damage":10,"enemies":"Slavers","floor":24,"turns":7},{"damage":44,"enemies":"Book of Stabbing","floor":27,"turns":8},{"damage":3,"enemies":"3 Cultists","floor":28,"turns":4},{"damage":1,"enemies":"Shelled Parasite and Fungi","floor":29,"turns":3},{"damage":8,"enemies":"Sentry and Sphere","floor":31,"turns":4},{"damage":45,"enemies":"Automaton","floor":33,"turns":6}],"seed_played":"-4743590376339778515","potions_obtained":[{"floor":2,"key":"FearPotion"},{"floor":5,"key":"EntropicBrew"},{"floor":11,"key":"Strength Potion"},{"floor":14,"key":"Weak Potion"},{"floor":16,"key":"Block Potion"},{"floor":18,"key":"GamblersBrew"},{"floor":20,"key":"Energy Potion"},{"floor":24,"key":"Weak Potion"},{"floor":31,"key":"Swift Potion"}],"is_trial":false,"path_per_floor":["M","M","?","$","M","R","E","R","T","E","M","R","$","E","R","B",null,"M","?","M","?","$","R","E","?","T","E","M","M","$","M","R"],"character_chosen":"IRONCLAD","items_purchased":["Lantern","Anger","Shrug It Off","Second Wind"],"campfire_rested":0,"item_purchase_floors":[4,4,13,30],"current_hp_per_floor":[80,80,72,72,71,71,53,53,53,45,43,43,43,49,49,31,80,80,80,64,58,58,58,54,54,54,18,23,30,30,30,30,0],"gold":56,"neow_bonus":"","is_prod":false,"is_daily":false,"chose_seed":false,"campfire_upgraded":6,"win_rate":0,"timestamp":1535898314,"path_taken":["M","?","?","?","M","R","E","R","T","E","M","R","$","E","R","BOSS","M","?","M","?","$","R","E","?","T","E","?","M","$","M","R","BOSS"],"build_version":"2018-08-30","purchased_purges":2,"victory":false,"max_hp_per_floor":[80,80,80,80,80,80,80,80,80,80,80,80,80,80,80,80,80,80,80,80,80,80,80,80,80,80,80,80,80,80,80,80,80],"card_choices":[{"not_picked":["Flex","Blood for Blood"],"picked":"Shrug It Off","floor":1},{"not_picked":["Sword Boomerang","Rage"],"picked":"Iron Wave","floor":2},{"not_picked":["Carnage","Battle Trance"],"picked":"Clash","floor":5},{"not_picked":["Flex","Thunderclap"],"picked":"Pommel Strike","floor":7},{"not_picked":["Body Slam","Demon Form"],"picked":"Rampage","floor":10},{"not_picked":["Rupture","Iron Wave"],"picked":"Thunderclap","floor":11},{"not_picked":["Twin Strike","Hemokinesis"],"picked":"Iron Wave","floor":14},{"not_picked":["Bludgeon","Double Tap"],"picked":"Brutality","floor":16},{"not_picked":["Heavy Blade","Pommel Strike"],"picked":"Armaments","floor":18},{"not_picked":["Flame Barrier","Combust"],"picked":"Shrug It Off","floor":20},{"not_picked":["Perfected Strike","Evolve+1","Body Slam"],"picked":"SKIP","floor":24},{"not_picked":["Ghostly Armor","Disarm"],"picked":"Burning Pact","floor":27},{"not_picked":["Whirlwind","Intimidate","Clash+1"],"picked":"SKIP","floor":28},{"not_picked":["Wild Strike","Havoc"],"picked":"True Grit","floor":29},{"not_picked":["Clash","Perfected Strike"],"picked":"True Grit","floor":31}],"player_experience":429058,"relics_obtained":[{"floor":7,"key":"Red Skull"},{"floor":9,"key":"War Paint"},{"floor":10,"key":"Happy Flower"},{"floor":14,"key":"Bag of Marbles"},{"floor":24,"key":"Blood Vial"},{"floor":26,"key":"Boot"},{"floor":27,"key":"Ancient Tea Set"}],"event_choices":[{"event_name":"FaceTrader","player_choice":"Touch","floor":3,"damage_taken":0},{"event_name":"Addict","player_choice":"Obtained Relic","floor":19,"damage_taken":0},{"event_name":"Nest","player_choice":"Joined the Cult","floor":21,"damage_taken":0},{"event_name":"Beggar","player_choice":"Ignored","floor":25,"damage_taken":0}],"is_beta":false,"boss_relics":[{"not_picked":["Astrolabe","Fusion Hammer"],"picked":"Runic Cube"}],"items_purged_floors":[13,22],"is_endless":false,"potions_floor_spawned":[2,5,11,14,16,18,20,24,31],"killed_by":"Automaton","ascension_level":4}