{"gold_per_floor":[216,291,291,0,0,0,38,38],"floor_reached":8,"playtime":340,"items_purged":[],"score":84,"play_id":"c80017cf-91cf-42cd-b4be-b1d44ed9ec36","local_time":"20190806084813","is_ascension_mode":true,"campfire_choices":[{"data":"Mayhem","floor":6.0,"key":"SMITH"}],"neow_cost":"NONE","seed_source_timestamp":1124803066549701,"circlet_count":0,"master_deck":["AscendersBane","Strike_G","Strike_G","Strike_G","Strike_G","Strike_G","Defend_G","Defend_G","Defend_G","Defend_G","Defend_G","Survivor","Neutralize","Sucker Punch","Mayhem+1","Tactician","PiercingWail"],"special_seed":0,"relics":["Ring of the Snake","Golden Idol","Odd Mushroom"],"potions_floor_usage":[],"damage_taken":[{"damage":1.0,"enemies":"Jaw Worm","floor":1.0,"turns":5.0},{"damage":23.0,"enemies":"The Mushroom Lair","floor":7.0,"turns":5.0},{"damage":35,"enemies":"Lagavulin","floor":8,"turns":10}],"seed_played":"8606996259297604684","potions_obtained":[],"is_trial":false,"path_per_floor":["M","?","?","$","?","R","?","E"],"character_chosen":"THE_SILENT","items_purchased":["Mayhem","Tactician"],"campfire_rested":0,"item_purchase_floors":[4,4],"current_hp_per_floor":[58,47,47,47,52,52,29,0],"gold":38,"neow_bonus":"HUNDRED_GOLD","is_prod":false,"is_daily":false,"chose_seed":false,"campfire_upgraded":1,"win_rate":0,"timestamp":1565106493,"path_taken":["M","?","?","$","?","R","?","E"],"build_version":"2019-07-17","purchased_purges":0,"victory":false,"max_hp_per_floor":[66,66,60,60,65,65,65,65],"card_choices":[{"not_picked":["Poisoned Stab","Blade Dance"],"picked":"Sucker Punch","floor":1.0},{"not_picked":["Deflect","Quick Slash"],"picked":"PiercingWail","floor":7.0}],"player_experience":660182,"relics_obtained":[{"floor":7.0,"key":"Odd Mushroom"}],"event_choices":[{"damage_healed":0.0,"max_hp_gain":0.0,"max_hp_loss":0.0,"gold_gain":75.0,"event_name":"World of Goop","player_choice":"Gather Gold","floor":2.0,"gold_loss":0.0,"damage_taken":11.0},{"damage_healed":0.0,"max_hp_gain":0.0,"max_hp_loss":6.0,"gold_gain":0.0,"event_name":"Golden Idol","player_choice":"Lose Max HP","floor":3.0,"gold_loss":0.0,"damage_taken":0.0,"relics_obtained":["Golden Idol"]},{"damage_healed":0.0,"max_hp_gain":5.0,"max_hp_loss":0.0,"gold_gain":0.0,"event_name":"Big Fish","player_choice":"Donut","floor":5.0,"gold_loss":0.0,"damage_taken":0.0},{"damage_healed":0.0,"max_hp_gain":0.0,"max_hp_loss":0.0,"gold_gain":0.0,"event_name":"Mushrooms","player_choice":"Fought Mushrooms","floor":7.0,"gold_loss":0.0,"damage_taken":0.0}],"is_beta":false,"boss_relics":[],"items_purged_floors":[],"is_endless":false,"potions_floor_spawned":[],"killed_by":"Lagavulin","ascension_level":20}