{"gold_per_floor":[113,113,113,129,145,145,145,70,70,70,95,138,22,40,40,136,136,155,181,6,21,21],"floor_reached":22,"playtime":726,"items_purged":["Strike_G"],"score":368,"play_id":"88aec839-c573-49a8-a8ea-d8bc23d52231","local_time":"20190813155658","is_ascension_mode":true,"campfire_choices":[{"data":"Cloak And Dagger","floor":6.0,"key":"SMITH"},{"data":"Caltrops","floor":10.0,"key":"SMITH"},{"floor":15.0,"key":"REST"}],"neow_cost":"NONE","seed_source_timestamp":1754901575453410,"circlet_count":0,"master_deck":["AscendersBane","Strike_G","Strike_G","Defend_G","Defend_G","Defend_G","Defend_G","Defend_G","Survivor","Neutralize","Cloak And Dagger+1","Corpse Explosion","Dodge and Roll","Caltrops+1","Deflect","Blur","Footwork","Sucker Punch","Deadly Poison","After Image","Dodge and Roll","Deflect","Outmaneuver"],"special_seed":0,"relics":["Ring of the Snake","NeowsBlessing","Golden Idol","Snake Skull","Pen Nib","Eternal Feather","Strawberry"],"potions_floor_usage":[],"damage_taken":[{"damage":0.0,"enemies":"Small Slimes","floor":1.0,"turns":1.0},{"damage":0.0,"enemies":"Jaw Worm","floor":4.0,"turns":1.0},{"damage":0.0,"enemies":"Cultist","floor":5.0,"turns":1.0},{"damage":1.0,"enemies":"Blue Slaver","floor":11.0,"turns":5.0},{"damage":52.0,"enemies":"Gremlin Nob","floor":12.0,"turns":5.0},{"damage":0.0,"enemies":"2 Fungi Beasts","floor":14.0,"turns":6.0},{"damage":21.0,"enemies":"The Guardian","floor":16.0,"turns":11.0},{"damage":3.0,"enemies":"3 Byrds","floor":18.0,"turns":2.0},{"damage":26.0,"enemies":"Chosen","floor":21.0,"turns":9.0},{"damage":41,"enemies":"Shelled Parasite and Fungi","floor":22,"turns":4}],"seed_played":"-3493020819147800382","potions_obtained":[{"floor":11.0,"key":"Ancient Potion"},{"floor":12.0,"key":"Energy Potion"},{"floor":14.0,"key":"Fire Potion"},{"floor":18.0,"key":"Weak Potion"}],"is_trial":false,"path_per_floor":["M","?","?","M","M","R","?","?","T","R","M","E","$","M","R","B",null,"M","T","$","M","M"],"character_chosen":"THE_SILENT","items_purchased":["Footwork","Sucker Punch","Deflect","Outmaneuver"],"campfire_rested":1,"item_purchase_floors":[13,13,20,20],"current_hp_per_floor":[59,59,59,59,59,59,59,59,59,59,58,6,6,6,24,3,46,43,50,50,24,0],"gold":21,"neow_bonus":"THREE_ENEMY_KILL","is_prod":false,"is_daily":false,"chose_seed":false,"campfire_upgraded":2,"win_rate":0,"timestamp":1565737018,"path_taken":["M","?","?","?","M","R","?","?","T","R","M","E","?","M","R","BOSS","M","?","$","M","M"],"build_version":"2019-07-17","purchased_purges":1,"victory":false,"max_hp_per_floor":[66,60,60,60,60,60,60,60,60,60,60,60,60,60,60,60,60,60,67,67,67,67],"card_choices":[{"not_picked":["Backflip","Dagger Spray"],"picked":"Cloak And Dagger","floor":1.0},{"not_picked":["Heel Hook","Prepared"],"picked":"Dodge and Roll","floor":4.0},{"not_picked":["Prepared","Heel Hook"],"picked":"Caltrops","floor":5.0},{"not_picked":["Dodge and Roll","Reflex"],"picked":"Deflect","floor":11.0},{"not_picked":["Underhanded Strike","Deflect"],"picked":"Blur","floor":12.0},{"not_picked":["Slice","Choke"],"picked":"Deadly Poison","floor":14.0},{"not_picked":["Night Terror","Unload"],"picked":"After Image","floor":16.0},{"not_picked":["Quick Slash+1","Calculated Gamble"],"picked":"Dodge and Roll","floor":18.0},{"not_picked":["Underhanded Strike","Setup","Masterful Stab"],"picked":"SKIP","floor":21.0}],"player_experience":711714,"relics_obtained":[{"floor":9.0,"key":"Snake Skull"},{"floor":12.0,"key":"Pen Nib"},{"floor":19.0,"key":"Strawberry"}],"event_choices":[{"damage_healed":0.0,"max_hp_gain":0.0,"max_hp_loss":6.0,"gold_gain":0.0,"event_name":"Golden Idol","player_choice":"Lose Max HP","floor":2.0,"gold_loss":0.0,"damage_taken":0.0,"relics_obtained":["Golden Idol"]},{"damage_healed":0.0,"max_hp_gain":0.0,"max_hp_loss":0.0,"gold_gain":0.0,"cards_transformed":["Strike_G"],"event_name":"Transmorgrifier","player_choice":"Transformed","floor":3.0,"gold_loss":0.0,"damage_taken":0.0,"cards_obtained":["Corpse Explosion"]},{"damage_healed":0.0,"max_hp_gain":0.0,"max_hp_loss":0.0,"gold_gain":0.0,"event_name":"Liars Game","player_choice":"Ignored","floor":7.0,"gold_loss":0.0,"damage_taken":0.0},{"cards_removed":["Strike_G"],"damage_healed":0.0,"max_hp_gain":0.0,"max_hp_loss":0.0,"gold_gain":0.0,"event_name":"The Cleric","player_choice":"Card Removal","floor":8.0,"gold_loss":75.0,"damage_taken":0.0}],"is_beta":false,"boss_relics":[{"not_picked":["Philosopher\u0027s Stone","Calling Bell"],"picked":"Eternal Feather"}],"items_purged_floors":[20],"is_endless":false,"potions_floor_spawned":[11,12,14,18],"killed_by":"Shelled Parasite and Fungi","ascension_level":20}