{"gold_per_floor":[114,129,142,157,232,266,277,306,330,340,16,16],"floor_reached":12,"playtime":687,"items_purged":[],"score":164,"play_id":"1e4b8bbd-e2cd-41fb-a474-2b8c2d4f2d20","local_time":"20190813232246","is_ascension_mode":true,"campfire_choices":[],"neow_cost":"NONE","seed_source_timestamp":789735964032300,"circlet_count":0,"master_deck":["AscendersBane","Strike_G","Strike_G","Strike_G","Strike_G","Strike_G","Defend_G","Defend_G","Defend_G","Defend_G","Defend_G","Survivor","Neutralize","PiercingWail","Dagger Spray","Cloak And Dagger","Sucker Punch","Terror","Leg Sweep","Cloak And Dagger","Bouncing Flask","Crippling Poison"],"relics":["Ring of the Snake","Pen Nib","Odd Mushroom","Snake Skull","Toxic Egg 2"],"potions_floor_usage":[6,8,12],"damage_taken":[{"damage":0,"enemies":"2 Louse","floor":1,"turns":3},{"damage":1,"enemies":"Small Slimes","floor":2,"turns":4},{"damage":0,"enemies":"Cultist","floor":3,"turns":4},{"damage":1,"enemies":"3 Louse","floor":4,"turns":4},{"damage":38,"enemies":"Gremlin Nob","floor":6,"turns":5},{"damage":0,"enemies":"Looter","floor":7,"turns":5},{"damage":13,"enemies":"The Mushroom Lair","floor":8,"turns":5},{"damage":0,"enemies":"Exordium Wildlife","floor":10,"turns":2},{"damage":5,"enemies":"Exordium Thugs","floor":12,"turns":1}],"seed_played":"-3804611719459571445","potions_obtained":[{"floor":3,"key":"SpeedPotion"},{"floor":4,"key":"Poison Potion"},{"floor":10,"key":"EssenceOfSteel"}],"is_trial":false,"path_per_floor":["M","M","M","M","?","E","M","?","T","M","$","M"],"character_chosen":"THE_SILENT","items_purchased":["Crippling Poison","Toxic Egg 2"],"campfire_rested":0,"item_purchase_floors":[11,11],"current_hp_per_floor":[65,64,64,63,52,14,14,1,1,1,1,0],"gold":16,"neow_bonus":"TEN_PERCENT_HP_BONUS","is_prod":false,"is_daily":false,"chose_seed":false,"campfire_upgraded":0,"win_rate":0,"timestamp":1565731366,"path_taken":["M","M","M","M","?","E","M","?","T","M","$","M"],"build_version":"2019-07-17","purchased_purges":0,"victory":false,"max_hp_per_floor":[72,72,72,72,72,72,72,72,72,72,72,72],"card_choices":[{"not_picked":["Cloak And Dagger","Masterful Stab"],"picked":"PiercingWail","floor":1},{"not_picked":["Underhanded Strike","PiercingWail"],"picked":"Dagger Spray","floor":2},{"not_picked":["Escape Plan","Tactician"],"picked":"Cloak And Dagger","floor":3},{"not_picked":["Backflip","PiercingWail"],"picked":"Sucker Punch","floor":4},{"not_picked":["Footwork","Setup"],"picked":"Terror","floor":6},{"not_picked":["Sucker Punch","A Thousand Cuts"],"picked":"Leg Sweep","floor":7},{"not_picked":["Prepared","Flying Knee"],"picked":"Cloak And Dagger","floor":8},{"not_picked":["Dodge and Roll","Flechettes"],"picked":"Bouncing Flask","floor":10}],"player_experience":1491492,"relics_obtained":[{"floor":6,"key":"Pen Nib"},{"floor":8,"key":"Odd Mushroom"},{"floor":9,"key":"Snake Skull"}],"event_choices":[{"damage_healed":0,"gold_gain":75,"player_choice":"Gather Gold","damage_taken":11,"max_hp_gain":0,"max_hp_loss":0,"event_name":"World of Goop","floor":5,"gold_loss":0},{"damage_healed":0,"gold_gain":0,"player_choice":"Fought Mushrooms","damage_taken":0,"max_hp_gain":0,"max_hp_loss":0,"event_name":"Mushrooms","floor":8,"gold_loss":0}],"is_beta":false,"boss_relics":[],"items_purged_floors":[],"is_endless":false,"potions_floor_spawned":[3,4,10],"killed_by":"Exordium Thugs","ascension_level":20}