{"gold_per_floor":[114,126,39,39,39,39,59,75,75,3,35,35,52,62,62,62],"floor_reached":16,"playtime":1118,"items_purged":[],"score":102,"play_id":"eebf9c0d-9c84-4583-b394-cc77772f75be","local_time":"20190628151932","is_ascension_mode":false,"campfire_choices":[{"data":"Blade Dance","floor":6,"key":"SMITH"},{"floor":12,"key":"REST"},{"floor":15,"key":"REST"}],"neow_cost":"NONE","seed_source_timestamp":369835914067857,"circlet_count":0,"master_deck":["Defend_G","Defend_G","Defend_G","Defend_G","Strike_G","Strike_G","Strike_G","Strike_G","Strike_G","Survivor","Neutralize","PiercingWail","Blade Dance+1","Finesse","Outmaneuver","Choke","Bullet Time","Bane","Adrenaline","Blade Dance"],"relics":["Ring of the Snake","Ornamental Fan","Dodecahedron"],"potions_floor_usage":[16],"damage_taken":[{"damage":0,"enemies":"Cultist","floor":1,"turns":3},{"damage":14,"enemies":"Jaw Worm","floor":2,"turns":5},{"damage":0,"enemies":"Small Slimes","floor":7,"turns":3},{"damage":2,"enemies":"Blue Slaver","floor":8,"turns":5},{"damage":36,"enemies":"Lagavulin","floor":11,"turns":7},{"damage":0,"enemies":"Looter","floor":13,"turns":2},{"damage":0,"enemies":"2 Fungi Beasts","floor":14,"turns":3},{"damage":71,"enemies":"Hexaghost","floor":16,"turns":14}],"seed_played":"-5171979041252124051","potions_obtained":[{"floor":2,"key":"FearPotion"},{"floor":8,"key":"Swift Potion"},{"floor":11,"key":"Fire Potion"}],"is_trial":false,"path_per_floor":["M","M","$","?","?","R","M","M","T","$","E","R","M","M","R","B"],"character_chosen":"THE_SILENT","items_purchased":["Finesse","Bullet Time"],"campfire_rested":2,"item_purchase_floors":[3,10],"current_hp_per_floor":[77,63,63,63,56,56,56,54,54,54,18,41,41,41,64,0],"gold":62,"neow_bonus":"TEN_PERCENT_HP_BONUS","is_prod":false,"is_daily":false,"chose_seed":false,"campfire_upgraded":1,"win_rate":0.0,"timestamp":1561760372,"path_taken":["M","M","?","?","?","R","M","M","T","$","E","R","M","M","R","BOSS"],"build_version":"2019-01-23","purchased_purges":0,"victory":false,"max_hp_per_floor":[77,77,77,77,77,77,77,77,77,77,77,77,77,77,77,77],"card_choices":[{"not_picked":["Slice","Acrobatics"],"picked":"PiercingWail","floor":1},{"not_picked":["Prepared","Dodge and Roll"],"picked":"Blade Dance","floor":2},{"not_picked":["Footwork","Deflect"],"picked":"Outmaneuver","floor":7},{"not_picked":["Sucker Punch","Underhanded Strike"],"picked":"Choke","floor":8},{"not_picked":["Deadly Poison","Calculated Gamble"],"picked":"Bane","floor":11},{"not_picked":["Outmaneuver","Catalyst"],"picked":"Adrenaline","floor":13},{"not_picked":["Dagger Spray","Deflect"],"picked":"Blade Dance","floor":14}],"player_experience":33204,"relics_obtained":[{"floor":9,"key":"Ornamental Fan"},{"floor":11,"key":"Dodecahedron"}],"event_choices":[{"damage_healed":0,"gold_gain":0,"player_choice":"Leave","damage_taken":0,"max_hp_gain":0,"max_hp_loss":0,"event_name":"The Cleric","floor":4,"gold_loss":0},{"cards_removed":["Defend_G"],"damage_healed":0,"gold_gain":0,"player_choice":"Card Removal","damage_taken":7,"max_hp_gain":0,"max_hp_loss":0,"event_name":"Golden Wing","floor":5,"gold_loss":0}],"is_beta":false,"boss_relics":[],"items_purged_floors":[],"is_endless":false,"potions_floor_spawned":[2,8,11,13],"killed_by":"Hexaghost","ascension_level":0}