{"gold_per_floor":[109,109,109,32,51,86,100,135,158,158,172,205,205,205,205,309,309,326,326,94,114,125,155,155,129,129,159,159,173,198,210,210,313,313,323,2,14,24,99,109,135,135,159,3,29,46,146,146,146,146],"floor_reached":51,"playtime":5486,"items_purged":[],"score":1060,"play_id":"eefca812-ccc4-41fa-bec9-08887f0bb36f","local_time":"20190715153038","is_ascension_mode":true,"campfire_choices":[{"floor":15,"key":"REST"},{"floor":24,"key":"REST"},{"data":"After Image","floor":28,"key":"SMITH"},{"data":"Adrenaline","floor":32,"key":"SMITH"},{"floor":42,"key":"RECALL"},{"data":"Apotheosis","floor":49,"key":"SMITH"}],"neow_cost":"NONE","seed_source_timestamp":260478141726365,"circlet_count":0,"master_deck":["Survivor","Neutralize","Dagger Throw","Glass Knife+1","Leg Sweep","Heel Hook+1","Well Laid Plans","Outmaneuver","Noxious Fumes","Catalyst","Adrenaline+1","Calculated Gamble","Backflip","Acrobatics","Burst","Leg Sweep","Prepared","Catalyst","After Image+1","Dodge and Roll+1","Footwork","Caltrops","Backflip","Masterful Stab+1","Prepared","Prepared","Corpse Explosion","Bouncing Flask","PiercingWail","Dagger Throw+1","Adrenaline","Backflip+1","Apotheosis+1","Night Terror","Crippling Poison","Concentrate","Parasite","Caltrops+1","Underhanded Strike","Finisher+1","Terror+1"],"relics":["Ring of the Snake","Oddly Smooth Stone","Juzu Bracelet","Centennial Puzzle","Snake Skull","Strawberry","Pandora\u0027s Box","Happy Flower","Tough Bandages","Pantograph","Darkstone Periapt","Whetstone","Empty Cage","Smiling Mask","Bag of Marbles","Lantern","PreservedInsect","FossilizedHelix"],"potions_floor_usage":[6,16,23],"damage_taken":[{"damage":3,"enemies":"Small Slimes","floor":1,"turns":7},{"damage":0,"enemies":"2 Louse","floor":5,"turns":2},{"damage":21,"enemies":"Lagavulin","floor":6,"turns":10},{"damage":0,"enemies":"Cultist","floor":7,"turns":3},{"damage":13,"enemies":"Gremlin Nob","floor":8,"turns":5},{"damage":1,"enemies":"Large Slime","floor":11,"turns":8},{"damage":5,"enemies":"Lagavulin","floor":12,"turns":7},{"damage":26,"enemies":"Hexaghost","floor":16,"turns":10},{"damage":0,"enemies":"Chosen","floor":18,"turns":6},{"damage":1,"enemies":"Shell Parasite","floor":21,"turns":7},{"damage":17,"enemies":"Centurion and Healer","floor":22,"turns":9},{"damage":28,"enemies":"Slavers","floor":23,"turns":6},{"damage":0,"enemies":"Gremlin Leader","floor":27,"turns":7},{"damage":0,"enemies":"3 Cultists","floor":29,"turns":3},{"damage":2,"enemies":"Book of Stabbing","floor":30,"turns":6},{"damage":0,"enemies":"Cultist and Chosen","floor":31,"turns":6},{"damage":1,"enemies":"Champ","floor":33,"turns":7},{"damage":0,"enemies":"Orb Walker","floor":35,"turns":4},{"damage":0,"enemies":"3 Shapes","floor":37,"turns":5},{"damage":5,"enemies":"3 Darklings","floor":38,"turns":5},{"damage":0,"enemies":"Writhing Mass","floor":40,"turns":4},{"damage":0,"enemies":"Giant Head","floor":41,"turns":5},{"damage":4,"enemies":"Reptomancer","floor":45,"turns":7},{"damage":14,"enemies":"Jaw Worm Horde","floor":46,"turns":3},{"damage":0,"enemies":"Mind Bloom Boss Battle","floor":47,"turns":5},{"damage":34,"enemies":"Donu and Deca","floor":50,"turns":6}],"seed_played":"-8261679940602848609","potions_obtained":[{"floor":1,"key":"Dexterity Potion"},{"floor":6,"key":"Explosive Potion"},{"floor":8,"key":"Poison Potion"},{"floor":10,"key":"Ancient Potion"},{"floor":11,"key":"AttackPotion"},{"floor":18,"key":"Ancient Potion"},{"floor":21,"key":"Weak Potion"},{"floor":22,"key":"Regen Potion"},{"floor":27,"key":"Regen Potion"},{"floor":33,"key":"SkillPotion"},{"floor":41,"key":"Swift Potion"}],"is_trial":false,"path_per_floor":["M","?","?","$","M","E","M","E","T","?","M","E","?","?","R","B",null,"M","?","$","M","M","E","R","$","T","E","R","M","E","M","R","B",null,"M","$","M","M","?","M","E","R","T","$","E","M","?","?","R","B",null],"character_chosen":"THE_SILENT","items_purchased":["Glass Knife","Caltrops","Happy Flower","Backflip","Prepared","Apotheosis","Night Terror","Lantern"],"campfire_rested":2,"item_purchase_floors":[4,20,20,20,25,36,36,44],"current_hp_per_floor":[74,74,59,59,59,38,38,25,25,25,24,19,12,12,37,11,66,66,66,66,65,48,20,45,45,45,45,45,45,43,43,43,67,80,80,80,80,75,67,73,73,73,73,73,69,55,80,90,90,56],"gold":146,"neow_bonus":"TEN_PERCENT_HP_BONUS","is_prod":false,"is_daily":false,"chose_seed":false,"campfire_upgraded":3,"win_rate":0,"timestamp":1563229838,"path_taken":["M","?","?","$","M","E","M","E","T","?","M","E","?","?","R","BOSS","M","?","$","M","M","E","R","$","T","E","R","M","E","M","R","BOSS","M","$","M","M","?","M","E","R","T","$","E","M","?","?","R","BOSS"],"build_version":"2019-07-05","purchased_purges":0,"victory":true,"max_hp_per_floor":[77,77,77,77,77,77,77,77,77,77,77,77,77,84,84,84,84,84,84,84,84,84,84,84,84,84,84,84,84,84,84,84,84,84,84,84,84,84,84,90,90,90,90,90,90,90,90,90,90,90],"card_choices":[{"not_picked":["Reflex","Prepared"],"picked":"Dagger Throw","floor":1},{"not_picked":["Bane","Calculated Gamble"],"picked":"Leg Sweep","floor":5},{"not_picked":["Backstab","Skewer"],"picked":"Heel Hook","floor":6},{"not_picked":["Cloak And Dagger","Dagger Spray"],"picked":"Well Laid Plans","floor":7},{"not_picked":["Glass Knife","Dash"],"picked":"Outmaneuver","floor":8},{"not_picked":["Cloak And Dagger","Slice"],"picked":"Noxious Fumes","floor":11},{"not_picked":["Dagger Throw","Flying Knee"],"picked":"Catalyst","floor":12},{"not_picked":["Malaise","Burst"],"picked":"Adrenaline","floor":16},{"not_picked":["Riddle With Holes+1","Blade Dance"],"picked":"Dodge and Roll+1","floor":18},{"not_picked":["Backflip","Slice"],"picked":"Masterful Stab+1","floor":21},{"not_picked":["Riddle With Holes","Finisher"],"picked":"Prepared","floor":22},{"not_picked":["Flechettes","Burst"],"picked":"Bane","floor":23},{"not_picked":["Bane","Flying Knee"],"picked":"Corpse Explosion","floor":27},{"not_picked":["Escape Plan+1","Dagger Throw"],"picked":"Bouncing Flask","floor":29},{"not_picked":["Prepared","Deflect"],"picked":"PiercingWail","floor":30},{"not_picked":["Dodge and Roll","Riddle With Holes"],"picked":"Dagger Throw+1","floor":31},{"not_picked":["Tools of the Trade","After Image"],"picked":"Adrenaline","floor":33},{"not_picked":["Escape Plan","Dagger Throw"],"picked":"Backflip+1","floor":35},{"not_picked":["Dash+1","Sucker Punch+1"],"picked":"Crippling Poison","floor":37},{"not_picked":["Eviscerate","Deadly Poison+1"],"picked":"Concentrate","floor":38},{"not_picked":["Acrobatics","Dagger Throw+1"],"picked":"Terror","floor":40},{"not_picked":["Endless Agony+1","Catalyst"],"picked":"Caltrops+1","floor":41},{"not_picked":["Flying Knee+1","Cloak And Dagger"],"picked":"Underhanded Strike","floor":45},{"not_picked":["Prepared+1","Choke"],"picked":"Finisher+1","floor":46},{"not_picked":["Riddle With Holes","Slice"],"picked":"Terror+1","floor":47}],"player_experience":280597,"relics_obtained":[{"floor":6,"key":"Oddly Smooth Stone"},{"floor":8,"key":"Juzu Bracelet"},{"floor":9,"key":"Centennial Puzzle"},{"floor":12,"key":"Snake Skull"},{"floor":23,"key":"Tough Bandages"},{"floor":26,"key":"Pantograph"},{"floor":27,"key":"Darkstone Periapt"},{"floor":30,"key":"Whetstone"},{"floor":41,"key":"Smiling Mask"},{"floor":43,"key":"Bag of Marbles"},{"floor":45,"key":"PreservedInsect"},{"floor":47,"key":"FossilizedHelix"}],"event_choices":[{"damage_healed":0,"gold_gain":0,"player_choice":"Leave","damage_taken":0,"max_hp_gain":0,"max_hp_loss":0,"event_name":"The Cleric","floor":2,"gold_loss":0},{"damage_healed":0,"gold_gain":0,"player_choice":"Entered Light","damage_taken":15,"max_hp_gain":0,"max_hp_loss":0,"event_name":"Shining Light","floor":3,"gold_loss":0,"cards_upgraded":["Strike_G","Defend_G"]},{"damage_healed":0,"gold_gain":0,"player_choice":"Got Potions","damage_taken":0,"max_hp_gain":0,"max_hp_loss":0,"event_name":"Lab","floor":10,"gold_loss":0},{"cards_removed":["Strike_G"],"damage_healed":0,"gold_gain":0,"player_choice":"Card Removal","damage_taken":7,"max_hp_gain":0,"max_hp_loss":0,"event_name":"Golden Wing","floor":13,"gold_loss":0},{"damage_healed":0,"gold_gain":0,"player_choice":"Success","damage_taken":7,"relics_obtained":["Strawberry"],"max_hp_gain":0,"max_hp_loss":0,"event_name":"Scrap Ooze","floor":14,"gold_loss":0},{"damage_healed":0,"gold_gain":0,"player_choice":"Read","damage_taken":0,"max_hp_gain":0,"max_hp_loss":0,"event_name":"The Library","floor":19,"gold_loss":0,"cards_obtained":["Footwork"]},{"damage_healed":0,"gold_gain":75,"player_choice":"Touch","damage_taken":8,"max_hp_gain":0,"max_hp_loss":0,"event_name":"FaceTrader","floor":39,"gold_loss":0},{"damage_healed":0,"gold_gain":0,"player_choice":"Fight","damage_taken":0,"max_hp_gain":0,"max_hp_loss":0,"event_name":"MindBloom","floor":47,"gold_loss":0},{"cards_removed":["Terror"],"damage_healed":10,"gold_gain":0,"player_choice":"Offered Uncommon","damage_taken":0,"max_hp_gain":0,"max_hp_loss":0,"event_name":"Bonfire Elementals","floor":48,"gold_loss":0}],"is_beta":false,"boss_relics":[{"not_picked":["White Beast Statue","Tiny House"],"picked":"Pandora\u0027s Box"},{"not_picked":["Snecko Eye","Runic Dome"],"picked":"Empty Cage"}],"items_purged_floors":[],"is_endless":false,"potions_floor_spawned":[1,6,8,11,18,21,22,27,33,35,40,41,46],"ascension_level":5}