{"gold_per_floor":[210,210,54,54,29,29,62,75,130,140,158,32,32,58,58,137,137,151,171,171,37,52,52,52],"floor_reached":24,"playtime":3052,"items_purged":["Strike_G"],"score":388,"play_id":"2f7c4518-f052-4afa-b40f-9e93605583ea","local_time":"20190815104757","is_ascension_mode":true,"campfire_choices":[{"data":"Noxious Fumes","floor":6,"key":"SMITH"},{"data":"Catalyst","floor":13,"key":"SMITH"},{"floor":15,"key":"REST"},{"floor":23,"key":"REST"}],"neow_cost":"NONE","seed_source_timestamp":1906953027858755,"circlet_count":0,"master_deck":["AscendersBane","Strike_G","Strike_G","Strike_G","Strike_G","Defend_G","Defend_G","Defend_G","Defend_G","Defend_G","Survivor","Neutralize","Deadly Poison","Noxious Fumes+1","Poisoned Stab","Poisoned Stab","Cloak And Dagger","Dodge and Roll","Catalyst+1","Caltrops+1","After Image","Distraction","Noxious Fumes","Sucker Punch","Backflip"],"relics":["Ring of the Snake","Sundial","Strawberry","Tiny Chest","Centennial Puzzle","Busted Crown"],"potions_floor_usage":[19,22,22],"damage_taken":[{"damage":4,"enemies":"Cultist","floor":1,"turns":4},{"damage":29,"enemies":"3 Sentries","floor":7,"turns":8},{"damage":0,"enemies":"Jaw Worm","floor":8,"turns":4},{"damage":3,"enemies":"Small Slimes","floor":10,"turns":4},{"damage":0,"enemies":"Looter","floor":11,"turns":4},{"damage":40,"enemies":"Slime Boss","floor":16,"turns":9},{"damage":10,"enemies":"Shell Parasite","floor":18,"turns":4},{"damage":10,"enemies":"3 Byrds","floor":19,"turns":5},{"damage":12,"enemies":"Snecko","floor":22,"turns":5},{"damage":48,"enemies":"Cultist and Chosen","floor":24,"turns":7}],"seed_played":"1654341101626293935","potions_obtained":[{"floor":2,"key":"Ancient Potion"},{"floor":2,"key":"Weak Potion"},{"floor":8,"key":"Strength Potion"},{"floor":16,"key":"Block Potion"},{"floor":18,"key":"Poison Potion"},{"floor":19,"key":"Fire Potion"}],"is_trial":false,"path_per_floor":["M","?","$","T","$","R","E","M","T","M","M","$","R","T","R","B",null,"M","M","?","$","M","R","M"],"character_chosen":"THE_SILENT","items_purchased":["Noxious Fumes","Poisoned Stab","Catalyst","Caltrops","Noxious Fumes","Sucker Punch"],"campfire_rested":2,"item_purchase_floors":[3,5,12,12,21,21],"current_hp_per_floor":[55,55,55,55,55,55,33,33,33,30,30,30,30,30,51,11,58,48,38,38,38,26,47,0],"gold":52,"neow_bonus":"HUNDRED_GOLD","is_prod":false,"is_daily":false,"chose_seed":false,"campfire_upgraded":2,"win_rate":0,"timestamp":1565891277,"path_taken":["M","?","$","?","?","R","E","M","T","M","M","$","R","?","R","BOSS","M","M","?","$","M","R","M"],"build_version":"2019-07-17","purchased_purges":1,"victory":false,"max_hp_per_floor":[66,66,66,66,66,66,73,73,73,73,73,73,73,73,73,73,73,73,73,73,73,73,73,73],"card_choices":[{"not_picked":["Backflip","Deflect"],"picked":"Deadly Poison","floor":1},{"not_picked":["Terror","Expertise"],"picked":"Poisoned Stab","floor":7},{"not_picked":["Outmaneuver","Finisher"],"picked":"Cloak And Dagger","floor":8},{"not_picked":["Blade Dance","Concentrate","Terror"],"picked":"SKIP","floor":10},{"not_picked":["Calculated Gamble","Acrobatics"],"picked":"Dodge and Roll","floor":11},{"not_picked":["Phantasmal Killer","Unload"],"picked":"After Image","floor":16},{"not_picked":[],"picked":"Distraction","floor":18},{"not_picked":["Quick Slash"],"picked":"SKIP","floor":19},{"not_picked":[],"picked":"Backflip","floor":22}],"player_experience":739684,"relics_obtained":[{"floor":4,"key":"Sundial"},{"floor":7,"key":"Strawberry"},{"floor":9,"key":"Tiny Chest"},{"floor":14,"key":"Centennial Puzzle"}],"event_choices":[{"damage_healed":0,"gold_gain":0,"player_choice":"Got Potions","damage_taken":0,"max_hp_gain":0,"max_hp_loss":0,"event_name":"Lab","floor":2,"gold_loss":0},{"damage_healed":0,"gold_gain":0,"player_choice":"Forge","damage_taken":0,"max_hp_gain":0,"max_hp_loss":0,"event_name":"Accursed Blacksmith","floor":20,"gold_loss":0,"cards_upgraded":["Caltrops"]}],"is_beta":false,"boss_relics":[{"not_picked":["White Beast Statue","WristBlade"],"picked":"Busted Crown"}],"items_purged_floors":[3],"is_endless":false,"potions_floor_spawned":[8,11,16,18,19],"killed_by":"Cultist and Chosen","ascension_level":20}