{"gold_per_floor":[15,29,49,67,82,82,95,95,95,95,112,31,31,53,53,53],"floor_reached":16,"playtime":908,"items_purged":[],"score":141,"play_id":"8aba0ad2-2114-49a4-ab39-7458c10f9320","local_time":"20190722161325","is_ascension_mode":true,"campfire_choices":[{"data":"Calculated Gamble","floor":6.0,"key":"SMITH"},{"floor":8.0,"key":"REST"},{"data":"Neutralize","floor":10.0,"key":"SMITH"},{"floor":15.0,"key":"REST"}],"neow_cost":"NO_GOLD","seed_source_timestamp":28331027590361,"circlet_count":0,"master_deck":["AscendersBane","Strike_G","Strike_G","Strike_G","Strike_G","Strike_G","Defend_G","Defend_G","Defend_G","Defend_G","Defend_G","Survivor","Neutralize+1","Purity","Impatience","Flying Knee","Backflip","Calculated Gamble+1","Crippling Poison","Flying Knee","Backstab","Outmaneuver","Footwork","PiercingWail"],"special_seed":0,"relics":["Ring of the Snake","Bird Faced Urn","Odd Mushroom"],"potions_floor_usage":[16],"damage_taken":[{"damage":5.0,"enemies":"2 Louse","floor":1.0,"turns":3.0},{"damage":6.0,"enemies":"Jaw Worm","floor":2.0,"turns":5.0},{"damage":0.0,"enemies":"Small Slimes","floor":3.0,"turns":4.0},{"damage":2.0,"enemies":"2 Fungi Beasts","floor":4.0,"turns":5.0},{"damage":18.0,"enemies":"Exordium Wildlife","floor":5.0,"turns":7.0},{"damage":25.0,"enemies":"Large Slime","floor":7.0,"turns":9.0},{"damage":2.0,"enemies":"Exordium Thugs","floor":11.0,"turns":5.0},{"damage":8.0,"enemies":"The Mushroom Lair","floor":14.0,"turns":4.0},{"damage":62,"enemies":"Slime Boss","floor":16,"turns":16}],"seed_played":"1201057650844180963","potions_obtained":[{"floor":3.0,"key":"Poison Potion"},{"floor":11.0,"key":"SmokeBomb"},{"floor":14.0,"key":"Regen Potion"}],"is_trial":false,"path_per_floor":["M","M","M","M","M","R","M","R","T","R","M","$","?","?","R","B"],"character_chosen":"THE_SILENT","items_purchased":["Footwork"],"campfire_rested":2,"item_purchase_floors":[12],"current_hp_per_floor":[58,52,52,50,32,32,7,28,28,28,26,26,26,20,41,0],"gold":53,"neow_bonus":"RANDOM_COLORLESS_2","is_prod":false,"is_daily":false,"chose_seed":false,"campfire_upgraded":2,"win_rate":0,"timestamp":1563837205,"path_taken":["M","M","M","M","M","R","M","R","T","R","M","$","?","?","R","BOSS"],"build_version":"2019-07-17","purchased_purges":0,"victory":false,"max_hp_per_floor":[70,70,70,70,70,70,70,70,70,70,70,70,70,70,70,70],"card_choices":[{"not_picked":["Dodge and Roll","Slice"],"picked":"Flying Knee","floor":1.0},{"not_picked":["Cloak And Dagger","Flying Knee"],"picked":"Backflip","floor":2.0},{"not_picked":["Underhanded Strike","Sucker Punch"],"picked":"Calculated Gamble","floor":3.0},{"not_picked":["Accuracy","Cloak And Dagger"],"picked":"Crippling Poison","floor":4.0},{"not_picked":["Blade Dance","Underhanded Strike"],"picked":"Flying Knee","floor":5.0},{"not_picked":["Eviscerate","Endless Agony"],"picked":"Backstab","floor":7.0},{"not_picked":["Skewer","Flechettes"],"picked":"Outmaneuver","floor":11.0},{"not_picked":["Riddle With Holes","Crippling Poison"],"picked":"PiercingWail","floor":14.0}],"player_experience":423016,"relics_obtained":[{"floor":9.0,"key":"Bird Faced Urn"},{"floor":14.0,"key":"Odd Mushroom"}],"event_choices":[{"damage_healed":0.0,"max_hp_gain":0.0,"max_hp_loss":0.0,"gold_gain":0.0,"event_name":"Liars Game","player_choice":"Ignored","floor":13.0,"gold_loss":0.0,"damage_taken":0.0},{"damage_healed":0.0,"max_hp_gain":0.0,"max_hp_loss":0.0,"gold_gain":0.0,"event_name":"Mushrooms","player_choice":"Fought Mushrooms","floor":14.0,"gold_loss":0.0,"damage_taken":0.0}],"is_beta":false,"boss_relics":[],"items_purged_floors":[],"is_endless":false,"potions_floor_spawned":[3,11,14],"killed_by":"Slime Boss","ascension_level":10}