{"gold_per_floor":[111,111,111,128,144,144,176,176,176,209,9,9,27,45,45,145,145,164,177,177,191,211,211,211],"floor_reached":24,"playtime":1757,"items_purged":[],"score":312,"play_id":"b35858aa-251b-4f9d-b316-a64443099648","local_time":"20190724120348","is_ascension_mode":true,"campfire_choices":[{"data":"Noxious Fumes","floor":6,"key":"SMITH"},{"floor":8,"key":"REST"},{"data":"Blade Dance","floor":12,"key":"SMITH"},{"data":"Crippling Poison","floor":15,"key":"SMITH"},{"floor":23,"key":"REST"}],"neow_cost":"NONE","seed_source_timestamp":12010107878783,"circlet_count":0,"master_deck":["AscendersBane","Strike_G","Strike_G","Strike_G","Strike_G","Strike_G","Defend_G","Defend_G","Defend_G","Defend_G","Defend_G","Survivor","Neutralize","Footwork+1","Noxious Fumes+1","Acrobatics","Blur","Dash+1","Caltrops+1","Bane+1","Blade Dance+1","Poisoned Stab+1","Well Laid Plans+1","Crippling Poison+1","Wraith Form v2+1","Acrobatics","Outmaneuver","Dodge and Roll+1","Underhanded Strike+1"],"relics":["Ring of the Serpent","NeowsBlessing","Frozen Egg 2","Ornamental Fan","Molten Egg 2"],"potions_floor_usage":[24,24],"damage_taken":[{"damage":0,"enemies":"Jaw Worm","floor":1,"turns":1},{"damage":0,"enemies":"2 Louse","floor":4,"turns":1},{"damage":0,"enemies":"Small Slimes","floor":5,"turns":1},{"damage":44,"enemies":"Gremlin Nob","floor":7,"turns":6},{"damage":1,"enemies":"Lagavulin","floor":10,"turns":11},{"damage":8,"enemies":"2 Fungi Beasts","floor":13,"turns":3},{"damage":2,"enemies":"Exordium Wildlife","floor":14,"turns":4},{"damage":2,"enemies":"Hexaghost","floor":16,"turns":10},{"damage":0,"enemies":"Chosen","floor":18,"turns":6},{"damage":1,"enemies":"Spheric Guardian","floor":19,"turns":5},{"damage":21,"enemies":"Centurion and Healer","floor":21,"turns":9},{"damage":21,"enemies":"Snake Plant","floor":22,"turns":5},{"damage":46,"enemies":"Gremlin Leader","floor":24,"turns":6}],"seed_played":"3275915396213344145","potions_obtained":[{"floor":5,"key":"Dexterity Potion"},{"floor":7,"key":"Weak Potion"},{"floor":14,"key":"Energy Potion"},{"floor":18,"key":"FairyPotion"}],"is_trial":false,"path_per_floor":["M","?","?","M","M","R","E","R","T","E","$","R","M","M","R","B",null,"M","M","?","M","M","R","E"],"character_chosen":"THE_SILENT","items_purchased":["Caltrops+1","Bane+1","Blade Dance","Poisoned Stab+1"],"campfire_rested":2,"item_purchase_floors":[11,11,11,11],"current_hp_per_floor":[63,63,63,63,63,63,19,40,40,39,39,39,31,29,29,27,59,59,58,45,24,3,25,0],"gold":211,"neow_bonus":"THREE_ENEMY_KILL","is_prod":false,"is_daily":false,"chose_seed":false,"campfire_upgraded":3,"win_rate":0,"timestamp":1563995028,"path_taken":["M","?","?","M","M","R","E","R","T","E","$","R","M","M","R","BOSS","M","M","?","M","M","R","E"],"build_version":"2019-07-17","purchased_purges":0,"victory":false,"max_hp_per_floor":[70,70,70,70,70,70,70,70,70,70,70,70,70,70,70,70,70,70,70,75,75,75,75,75],"card_choices":[{"not_picked":["Blade Dance","Backflip"],"picked":"Footwork","floor":1},{"not_picked":["Blade Dance","Predator"],"picked":"Noxious Fumes","floor":4},{"not_picked":["Slice","Heel Hook"],"picked":"Acrobatics","floor":5},{"not_picked":["Underhanded Strike","Bane"],"picked":"Blur","floor":7},{"not_picked":["Die Die Die","Finisher"],"picked":"Dash","floor":10},{"not_picked":["PiercingWail","Choke+1"],"picked":"Well Laid Plans+1","floor":13},{"not_picked":["Dodge and Roll","Prepared"],"picked":"Crippling Poison","floor":14},{"not_picked":["Unload+1","Bullet Time"],"picked":"Wraith Form v2+1","floor":16},{"not_picked":["Poisoned Stab+1","Choke+1"],"picked":"Acrobatics","floor":18},{"not_picked":["Quick Slash+1","PiercingWail"],"picked":"Outmaneuver","floor":19},{"not_picked":["Deadly Poison","Expertise"],"picked":"Dodge and Roll+1","floor":21},{"not_picked":["Prepared","Poisoned Stab+1"],"picked":"Underhanded Strike+1","floor":22}],"player_experience":455247,"relics_obtained":[{"floor":7,"key":"Frozen Egg 2"},{"floor":9,"key":"Ornamental Fan"},{"floor":10,"key":"Molten Egg 2"}],"event_choices":[{"damage_healed":0,"gold_gain":0,"player_choice":"Ignored","damage_taken":0,"max_hp_gain":0,"max_hp_loss":0,"event_name":"Liars Game","floor":2,"gold_loss":0},{"damage_healed":0,"gold_gain":0,"player_choice":"Grow","damage_taken":0,"max_hp_gain":0,"max_hp_loss":0,"event_name":"Living Wall","floor":3,"gold_loss":0,"cards_upgraded":["Footwork"]},{"damage_healed":0,"gold_gain":0,"player_choice":"Shed Blood","damage_taken":18,"max_hp_gain":5,"max_hp_loss":0,"event_name":"Forgotten Altar","floor":20,"gold_loss":0}],"is_beta":false,"boss_relics":[{"not_picked":["Eternal Feather","Runic Pyramid"],"picked":"Ring of the Serpent"}],"items_purged_floors":[],"is_endless":false,"potions_floor_spawned":[5,7,14,18,22],"killed_by":"Gremlin Leader","ascension_level":10}