{"gold_per_floor":[109,184,235,248,262,292,13,13,13,29,29,29,46,58,58,161,161,181,194,12,29,42,42,71,71,71,85,85,95,111,130,130,233,233,245,245,260,260,312,339,339,54,79,79],"floor_reached":44,"playtime":6283,"items_purged":[],"score":487,"play_id":"ab62a0b0-338d-4174-b696-9983c8ded88d","local_time":"20190701115556","is_ascension_mode":false,"campfire_choices":[{"floor":8,"key":"REST"},{"data":"Adrenaline","floor":15,"key":"SMITH"},{"floor":23,"key":"REST"},{"data":"Apotheosis","floor":25,"key":"SMITH"},{"floor":28,"key":"REST"},{"data":"Envenom","floor":32,"key":"SMITH"},{"floor":41,"key":"REST"}],"neow_cost":"NONE","seed_source_timestamp":611639258868748,"circlet_count":0,"master_deck":["Defend_G","Defend_G","Defend_G","Defend_G","Strike_G","Strike_G","Strike_G","Survivor","Neutralize","Backstab","Flying Knee","Escape Plan","Phantasmal Killer","Apotheosis+1","Noxious Fumes","Deflect","Underhanded Strike","Cloak And Dagger","Adrenaline+1","Envenom+1","Burst+1","Escape Plan+1","Choke+1","Blade Dance","Backflip","Backflip","Infinite Blades","Bandage Up","Eviscerate+1","Flechettes","Glass Knife","Finisher","Leg Sweep","Skewer+1","Bullet Time","Expertise+1","Enlightenment","Finesse","Panacea","Cloak And Dagger+1","Bouncing Flask+1","Accuracy","Backflip","Apotheosis"],"relics":["Ring of the Snake","Thread and Needle","Ornamental Fan","Astrolabe","Bag of Marbles","Snake Skull","Eternal Feather","PreservedInsect","Gremlin Horn","Orichalcum"],"potions_floor_usage":[22,22,24,33,44],"damage_taken":[{"damage":0,"enemies":"Small Slimes","floor":1,"turns":3},{"damage":3,"enemies":"Jaw Worm","floor":4,"turns":4},{"damage":1,"enemies":"Cultist","floor":5,"turns":3},{"damage":31,"enemies":"3 Sentries","floor":6,"turns":12},{"damage":0,"enemies":"Exordium Thugs","floor":10,"turns":4},{"damage":0,"enemies":"Large Slime","floor":13,"turns":4},{"damage":0,"enemies":"Blue Slaver","floor":14,"turns":2},{"damage":22,"enemies":"Slime Boss","floor":16,"turns":10},{"damage":1,"enemies":"Shell Parasite","floor":18,"turns":4},{"damage":9,"enemies":"Chosen","floor":19,"turns":7},{"damage":24,"enemies":"Centurion and Healer","floor":21,"turns":7},{"damage":24,"enemies":"3 Cultists","floor":22,"turns":8},{"damage":21,"enemies":"Gremlin Leader","floor":24,"turns":6},{"damage":12,"enemies":"Sentry and Sphere","floor":27,"turns":6},{"damage":0,"enemies":"Centurion and Healer","floor":29,"turns":5},{"damage":9,"enemies":"Snake Plant","floor":30,"turns":5},{"damage":8,"enemies":"Snecko","floor":31,"turns":5},{"damage":41,"enemies":"Collector","floor":33,"turns":7},{"damage":16,"enemies":"3 Darklings","floor":35,"turns":6},{"damage":4,"enemies":"Orb Walker","floor":37,"turns":3},{"damage":46,"enemies":"Reptomancer","floor":40,"turns":6},{"damage":73,"enemies":"Nemesis","floor":44,"turns":4}],"seed_played":"7859245420152023221","potions_obtained":[{"floor":6,"key":"Block Potion"},{"floor":10,"key":"Regen Potion"},{"floor":21,"key":"LiquidBronze"},{"floor":24,"key":"Block Potion"},{"floor":27,"key":"SneckoOil"}],"is_trial":false,"path_per_floor":["M","?","?","M","M","E","$","R","T","M","$","?","M","M","R","B",null,"M","M","$","M","M","R","E","R","T","M","R","M","M","M","R","B",null,"M","?","M","?","T","E","R","$","T","E"],"character_chosen":"THE_SILENT","items_purchased":["Apotheosis","Noxious Fumes","Deflect","Backflip","Infinite Blades","Bandage Up","Accuracy","Backflip","Apotheosis"],"campfire_rested":4,"item_purchase_floors":[7,7,7,20,20,20,42,42,42],"current_hp_per_floor":[77,66,66,63,62,31,31,54,54,54,54,54,54,54,54,32,77,76,67,67,47,29,52,49,49,49,41,64,70,67,65,65,30,77,61,51,51,51,51,11,58,58,58,0],"gold":79,"neow_bonus":"TEN_PERCENT_HP_BONUS","is_prod":false,"is_daily":false,"chose_seed":false,"campfire_upgraded":3,"win_rate":0.0,"timestamp":1562007356,"path_taken":["M","?","?","M","M","E","$","R","T","M","$","?","?","M","R","BOSS","M","M","$","M","M","R","E","R","T","M","R","M","?","M","R","BOSS","M","?","M","?","?","E","R","?","T","E"],"build_version":"2019-01-23","purchased_purges":0,"victory":false,"max_hp_per_floor":[77,77,77,77,77,77,77,77,77,77,77,77,77,77,77,77,77,77,77,77,77,77,77,77,77,77,77,77,77,77,77,77,77,77,77,77,77,77,77,77,77,77,77,77],"card_choices":[{"not_picked":["Underhanded Strike","Slice"],"picked":"Backstab","floor":1},{"not_picked":["Prepared","PiercingWail"],"picked":"Flying Knee","floor":4},{"not_picked":["Deflect","Flying Knee"],"picked":"Escape Plan","floor":5},{"not_picked":["Eviscerate","Distraction"],"picked":"Phantasmal Killer","floor":6},{"not_picked":["All Out Attack","Flying Knee"],"picked":"Underhanded Strike","floor":10},{"not_picked":["Calculated Gamble","Caltrops"],"picked":"Cloak And Dagger","floor":13},{"not_picked":["Sucker Punch","Dagger Throw"],"picked":"Adrenaline","floor":14},{"not_picked":["Storm of Steel","Malaise"],"picked":"Envenom","floor":16},{"not_picked":["Dagger Throw","Deflect"],"picked":"Blade Dance","floor":18},{"not_picked":["Outmaneuver","Dagger Throw"],"picked":"Backflip","floor":19},{"not_picked":["PiercingWail","Deadly Poison"],"picked":"Eviscerate+1","floor":21},{"not_picked":["PiercingWail","Backflip+1"],"picked":"Infinite Blades","floor":22},{"not_picked":["Skewer","Blur"],"picked":"Flechettes","floor":24},{"not_picked":["Prepared","Slice"],"picked":"Glass Knife","floor":27},{"not_picked":["Outmaneuver","Heel Hook"],"picked":"Finisher","floor":29},{"not_picked":["Predator","Prepared+1"],"picked":"Leg Sweep","floor":30},{"not_picked":["Infinite Blades","Dagger Throw"],"picked":"Skewer+1","floor":31},{"not_picked":["Phantasmal Killer","Tools of the Trade"],"picked":"Bullet Time","floor":33},{"not_picked":["Deadly Poison+1","Calculated Gamble"],"picked":"Expertise+1","floor":35},{"not_picked":["Discovery","Good Instincts"],"picked":"Enlightenment","floor":36},{"not_picked":["Good Instincts","Secret Weapon"],"picked":"Finesse","floor":36},{"not_picked":["PanicButton","Blind"],"picked":"Panacea","floor":36},{"not_picked":["Blade Dance","Prepared"],"picked":"Cloak And Dagger+1","floor":37},{"not_picked":["Prepared+1","Distraction+1"],"picked":"Bouncing Flask+1","floor":40}],"player_experience":42123,"relics_obtained":[{"floor":6,"key":"Thread and Needle"},{"floor":9,"key":"Ornamental Fan"},{"floor":24,"key":"Bag of Marbles"},{"floor":26,"key":"Snake Skull"},{"floor":39,"key":"PreservedInsect"},{"floor":40,"key":"Gremlin Horn"},{"floor":43,"key":"Orichalcum"}],"event_choices":[{"damage_healed":0,"gold_gain":75,"player_choice":"Gather Gold","damage_taken":11,"max_hp_gain":0,"max_hp_loss":0,"event_name":"World of Goop","floor":2,"gold_loss":0},{"damage_healed":0,"gold_gain":51,"player_choice":"Gained Gold","damage_taken":0,"max_hp_gain":0,"max_hp_loss":0,"event_name":"Golden Wing","floor":3,"gold_loss":0},{"damage_healed":0,"gold_gain":0,"player_choice":"Leave","damage_taken":0,"max_hp_gain":0,"max_hp_loss":0,"event_name":"The Cleric","floor":12,"gold_loss":0},{"damage_healed":0,"gold_gain":0,"player_choice":"Memory 3","damage_taken":10,"max_hp_gain":0,"max_hp_loss":0,"event_name":"SensoryStone","floor":36,"gold_loss":0},{"cards_removed":["Infinite Blades"],"damage_healed":0,"gold_gain":0,"player_choice":"Removed Power","damage_taken":0,"max_hp_gain":0,"max_hp_loss":0,"event_name":"Falling","floor":38,"gold_loss":0}],"is_beta":false,"boss_relics":[{"not_picked":["Cursed Key","Snecko Eye"],"picked":"Astrolabe"},{"not_picked":["Tiny House","Philosopher\u0027s Stone"],"picked":"Eternal Feather"}],"items_purged_floors":[],"is_endless":false,"potions_floor_spawned":[6,10,21,24,27],"killed_by":"Nemesis","ascension_level":0}