{"gold_per_floor":[117,117,117,135,151,179,179,229,252,265,28,28,58,74,74,147,147,165,181,200,216,233,233,233],"floor_reached":24,"playtime":1687,"items_purged":[],"score":420,"play_id":"da54f4fe-45cc-452d-8f05-368b1cbba49c","local_time":"20190610171704","is_ascension_mode":true,"campfire_choices":[{"data":"All Out Attack","floor":7,"key":"SMITH"},{"floor":12,"key":"REST"},{"floor":15,"key":"REST"},{"floor":23,"key":"REST"}],"neow_cost":"NONE","seed_source_timestamp":1270546275734816,"circlet_count":0,"master_deck":["AscendersBane","Defend_G","Defend_G","Defend_G","Defend_G+1","Defend_G","Strike_G","Strike_G","Strike_G+1","Strike_G+1","Survivor+1","Neutralize","Deadly Poison","All Out Attack+1","Backstab","Blur","Dash","Well Laid Plans","Die Die Die","Caltrops","Dodge and Roll","Terror"],"relics":["Ring of the Serpent","NeowsBlessing","War Paint","Happy Flower","Oddly Smooth Stone","Strawberry"],"potions_floor_usage":[6,6,18,20,22,24],"damage_taken":[{"damage":0,"enemies":"Cultist","floor":1,"turns":1},{"damage":0,"enemies":"Jaw Worm","floor":4,"turns":1},{"damage":0,"enemies":"Small Slimes","floor":5,"turns":1},{"damage":30,"enemies":"Lagavulin","floor":6,"turns":5},{"damage":2,"enemies":"3 Louse","floor":10,"turns":2},{"damage":21,"enemies":"Gremlin Nob","floor":13,"turns":4},{"damage":0,"enemies":"Exordium Thugs","floor":14,"turns":4},{"damage":2,"enemies":"The Guardian","floor":16,"turns":11},{"damage":15,"enemies":"3 Byrds","floor":18,"turns":4},{"damage":15,"enemies":"Chosen","floor":19,"turns":5},{"damage":8,"enemies":"3 Cultists","floor":20,"turns":5},{"damage":0,"enemies":"Centurion and Healer","floor":21,"turns":8},{"damage":19,"enemies":"Snecko","floor":22,"turns":7},{"damage":41,"enemies":"Gremlin Leader","floor":24,"turns":2}],"seed_played":"973471986471111370","potions_obtained":[{"floor":4,"key":"PowerPotion"},{"floor":5,"key":"Swift Potion"},{"floor":6,"key":"FairyPotion"},{"floor":13,"key":"SkillPotion"},{"floor":18,"key":"Fire Potion"},{"floor":20,"key":"FairyPotion"},{"floor":21,"key":"AttackPotion"},{"floor":22,"key":"Strength Potion"}],"is_trial":false,"path_per_floor":["M","?","?","M","M","E","R","?","T","M","$","R","E","M","R","B",null,"M","M","M","M","M","R","E"],"character_chosen":"THE_SILENT","items_purchased":["Oddly Smooth Stone","Well Laid Plans"],"campfire_rested":3,"item_purchase_floors":[11,11],"current_hp_per_floor":[59,39,39,39,39,9,9,9,9,7,7,26,12,12,33,31,63,48,33,25,25,6,27,0],"gold":233,"neow_bonus":"THREE_ENEMY_KILL","is_prod":false,"is_daily":false,"chose_seed":false,"campfire_upgraded":1,"win_rate":0,"timestamp":1560179824,"path_taken":["M","?","?","?","M","E","R","?","T","M","$","R","E","M","R","BOSS","M","M","M","?","M","R","E"],"build_version":"2019-01-23","purchased_purges":0,"victory":false,"max_hp_per_floor":[66,66,66,66,66,66,66,66,66,66,66,66,73,73,73,73,73,73,73,73,73,73,73,73],"card_choices":[{"not_picked":["Quick Slash","Calculated Gamble"],"picked":"Deadly Poison","floor":1},{"not_picked":["Infinite Blades","Footwork"],"picked":"All Out Attack","floor":4},{"not_picked":["Terror","Skewer"],"picked":"Backstab","floor":5},{"not_picked":["Heel Hook","Deadly Poison"],"picked":"Blur","floor":6},{"not_picked":["Dagger Spray","Dagger Throw"],"picked":"Dash","floor":10},{"not_picked":["Dagger Spray","Wraith Form v2","Deflect"],"picked":"SKIP","floor":13},{"not_picked":["Finisher","Prepared","Acrobatics"],"picked":"SKIP","floor":14},{"not_picked":["Unload","Venomology"],"picked":"Die Die Die","floor":16},{"not_picked":["Calculated Gamble","Acrobatics"],"picked":"Caltrops","floor":18},{"not_picked":["Calculated Gamble","Tactician","Riddle With Holes"],"picked":"SKIP","floor":19},{"not_picked":["Quick Slash","Calculated Gamble","Dagger Spray"],"picked":"SKIP","floor":20},{"not_picked":["Deflect","PiercingWail"],"picked":"Dodge and Roll","floor":21},{"not_picked":["Calculated Gamble","Finisher"],"picked":"Terror","floor":22}],"player_experience":1344579,"relics_obtained":[{"floor":6,"key":"War Paint"},{"floor":9,"key":"Happy Flower"},{"floor":13,"key":"Strawberry"}],"event_choices":[{"damage_healed":0,"gold_gain":0,"player_choice":"Entered Light","damage_taken":20,"max_hp_gain":0,"max_hp_loss":0,"event_name":"Shining Light","floor":2,"gold_loss":0,"cards_upgraded":["Strike_G","Strike_G"]},{"cards_removed":["Strike_G"],"damage_healed":0,"gold_gain":0,"player_choice":"Offered Basic","damage_taken":0,"max_hp_gain":0,"max_hp_loss":0,"event_name":"Bonfire Elementals","floor":3,"gold_loss":0},{"damage_healed":0,"gold_gain":50,"player_choice":"Pray","damage_taken":0,"max_hp_gain":0,"max_hp_loss":0,"event_name":"Golden Shrine","floor":8,"gold_loss":0}],"is_beta":false,"boss_relics":[{"not_picked":["WristBlade","HoveringKite"],"picked":"Ring of the Serpent"}],"items_purged_floors":[],"is_endless":false,"potions_floor_spawned":[4,5,6,13,18,20,21,22],"killed_by":"Gremlin Leader","ascension_level":20}