{"gold_per_floor":[361,361,373,387,387,387,402,402,402,431,451,25,25],"floor_reached":13,"playtime":540,"items_purged":["Strike_G"],"score":162,"play_id":"9a9d0d64-a1d9-4a9c-84af-0bbc0cfc1129","local_time":"20190801122541","is_ascension_mode":true,"campfire_choices":[{"data":"Burst","floor":6.0,"key":"SMITH"},{"data":"Outmaneuver","floor":8.0,"key":"SMITH"}],"neow_cost":"TEN_PERCENT_HP_LOSS","seed_source_timestamp":705580420625883,"circlet_count":0,"master_deck":["AscendersBane","Strike_G","Strike_G","Strike_G","Defend_G","Defend_G","Defend_G","Defend_G","Defend_G","Survivor","Neutralize","Sucker Punch","Riddle With Holes","Neutralize","Outmaneuver+1","Dagger Spray","Burst+1","Outmaneuver","Terror","Leg Sweep","Wraith Form v2"],"special_seed":0,"relics":["Ring of the Snake","Kunai","Mummified Hand","Membership Card","Centennial Puzzle"],"potions_floor_usage":[13],"damage_taken":[{"damage":0.0,"enemies":"Jaw Worm","floor":1.0,"turns":5.0},{"damage":3.0,"enemies":"Cultist","floor":3.0,"turns":4.0},{"damage":0.0,"enemies":"2 Louse","floor":4.0,"turns":3.0},{"damage":6.0,"enemies":"Red Slaver","floor":7.0,"turns":3.0},{"damage":44.0,"enemies":"Gremlin Nob","floor":10.0,"turns":6.0},{"damage":1.0,"enemies":"2 Fungi Beasts","floor":11.0,"turns":4.0},{"damage":5,"enemies":"Lots of Slimes","floor":13,"turns":2}],"seed_played":"-5469261501874576997","potions_obtained":[{"floor":1.0,"key":"Dexterity Potion"},{"floor":4.0,"key":"AttackPotion"}],"is_trial":false,"path_per_floor":["M","?","M","M","?","R","M","R","T","E","M","$","M"],"character_chosen":"THE_SILENT","items_purchased":["Membership Card","Wraith Form v2","Centennial Puzzle"],"campfire_rested":0,"item_purchase_floors":[12,12,12],"current_hp_per_floor":[59,59,56,56,56,56,50,50,50,6,5,5,0],"gold":25,"neow_bonus":"TWO_FIFTY_GOLD","is_prod":false,"is_daily":false,"chose_seed":false,"campfire_upgraded":2,"win_rate":0,"timestamp":1564687541,"path_taken":["M","?","?","M","?","R","M","R","T","E","?","$","M"],"build_version":"2019-07-17","purchased_purges":1,"victory":false,"max_hp_per_floor":[60,60,60,60,60,60,60,60,60,60,60,60,60],"card_choices":[{"not_picked":["Catalyst","Dagger Throw"],"picked":"Sucker Punch","floor":1.0},{"not_picked":["Deadly Poison","Backflip"],"picked":"Outmaneuver","floor":3.0},{"not_picked":["Eviscerate","Sucker Punch"],"picked":"Dagger Spray","floor":4.0},{"not_picked":["Deadly Poison","Riddle With Holes"],"picked":"Outmaneuver","floor":7.0},{"not_picked":["Deflect","Finisher"],"picked":"Terror","floor":10.0},{"not_picked":["Outmaneuver","Flying Knee"],"picked":"Leg Sweep","floor":11.0}],"player_experience":604279,"relics_obtained":[{"floor":9.0,"key":"Kunai"},{"floor":10.0,"key":"Mummified Hand"}],"event_choices":[{"damage_healed":0.0,"max_hp_gain":0.0,"max_hp_loss":0.0,"gold_gain":0.0,"event_name":"Match and Keep!","player_choice":"2 cards matched","floor":2.0,"gold_loss":0.0,"damage_taken":0.0,"cards_obtained":["Riddle With Holes","Neutralize"]},{"damage_healed":0.0,"max_hp_gain":0.0,"max_hp_loss":0.0,"gold_gain":0.0,"cards_transformed":["Strike_G"],"event_name":"Transmorgrifier","player_choice":"Transformed","floor":5.0,"gold_loss":0.0,"damage_taken":0.0,"cards_obtained":["Burst"]}],"is_beta":false,"boss_relics":[],"items_purged_floors":[12],"is_endless":false,"potions_floor_spawned":[1,4],"killed_by":"Lots of Slimes","ascension_level":18}