{"gold_per_floor":[116,130,130,130,147,147,147,97,147,161,185,203,227,247,247,247],"floor_reached":16,"playtime":917,"items_purged":[],"score":113,"play_id":"5839ab94-e3a7-4174-986e-e2dd4387c83a","local_time":"20180904202205","is_ascension_mode":true,"campfire_choices":[{"data":"Bloodletting","floor":6,"key":"SMITH"},{"data":"Armaments","floor":15,"key":"SMITH"}],"neow_cost":"NONE","seed_source_timestamp":1570980374745797,"circlet_count":0,"master_deck":["Strike_R","Strike_R","Strike_R","Defend_R","Defend_R","Defend_R","Defend_R","Bash","Exhume","Thunderclap","Havoc","Bloodletting+1","Injury","Clothesline","Spot Weakness","Warcry","Armaments+1"],"relics":["Burning Blood","Blue Candle","Golden Idol","Pen Nib","Anchor"],"potions_floor_usage":[14,14,14],"damage_taken":[{"damage":0,"enemies":"2 Louse","floor":1,"turns":3},{"damage":9,"enemies":"Jaw Worm","floor":2,"turns":4},{"damage":6,"enemies":"Cultist","floor":5,"turns":4},{"damage":51,"enemies":"Large Slime","floor":10,"turns":9},{"damage":12,"enemies":"Blue Slaver","floor":11,"turns":4},{"damage":11,"enemies":"Looter","floor":12,"turns":2},{"damage":3,"enemies":"Large Slime","floor":14,"turns":3},{"damage":24,"enemies":"Hexaghost","floor":16,"turns":9}],"seed_played":"-8458157760991721051","potions_obtained":[{"floor":2,"key":"PowerPotion"},{"floor":10,"key":"Swift Potion"},{"floor":12,"key":"SkillPotion"}],"is_trial":false,"path_per_floor":["M","M","?","T","M","R","?","?","T","M","M","M","T","M","R"],"character_chosen":"IRONCLAD","items_purchased":[],"campfire_rested":0,"item_purchase_floors":[],"current_hp_per_floor":[80,77,77,77,77,77,77,77,77,32,26,21,21,24,24,0],"gold":247,"neow_bonus":"ONE_RANDOM_RARE_CARD","is_prod":false,"is_daily":false,"chose_seed":false,"campfire_upgraded":2,"win_rate":0,"timestamp":1536085325,"path_taken":["M","M","?","?","?","R","?","?","T","M","?","M","?","M","R","BOSS"],"build_version":"2018-08-30","purchased_purges":0,"victory":false,"max_hp_per_floor":[80,80,80,80,80,80,80,80,80,80,80,80,80,80,80,80],"card_choices":[{"not_picked":["Dual Wield","Hemokinesis"],"picked":"Thunderclap","floor":1},{"not_picked":["Warcry","Battle Trance"],"picked":"Havoc","floor":2},{"not_picked":["Havoc","True Grit"],"picked":"Bloodletting","floor":5},{"not_picked":["Entrench","Perfected Strike"],"picked":"Clothesline","floor":10},{"not_picked":["Cleave","Dual Wield"],"picked":"Spot Weakness","floor":11},{"not_picked":["Combust","True Grit"],"picked":"Warcry","floor":12},{"not_picked":["Fire Breathing","Clash"],"picked":"Armaments","floor":14}],"player_experience":433531,"relics_obtained":[{"floor":4,"key":"Blue Candle"},{"floor":9,"key":"Pen Nib"},{"floor":13,"key":"Anchor"}],"event_choices":[{"event_name":"Living Wall","player_choice":"Forget","floor":3,"damage_taken":0},{"event_name":"Golden Idol","player_choice":"Take Wound","floor":7,"damage_taken":0},{"event_name":"The Cleric","player_choice":"Card Removal","floor":8,"damage_taken":0}],"is_beta":false,"boss_relics":[],"items_purged_floors":[],"is_endless":false,"potions_floor_spawned":[2,10,12],"killed_by":"Hexaghost","ascension_level":4}