{"gold_per_floor":[111,111,124,135,6,31,31,64,64,25,25,25,25,42,42,147,147,160,160,210,210,210,210,238,252,252,265,265],"floor_reached":28,"playtime":1771,"items_purged":["Defend_G"],"score":318,"play_id":"f314c533-ada7-4a66-ae23-e9ee892b1e56","local_time":"20180816171705","is_ascension_mode":true,"campfire_choices":[{"floor":7,"key":"REST"},{"data":"Deadly Poison","floor":11,"key":"SMITH"},{"floor":15,"key":"REST"},{"data":"Burst","floor":23,"key":"SMITH"}],"neow_cost":"PERCENT_DAMAGE","seed_source_timestamp":488587178927433,"circlet_count":0,"master_deck":["Defend_G+1","Defend_G","Strike_G","Strike_G","Survivor+1","Neutralize","Deadly Poison+1","Dagger Spray","Deadly Poison","Deadly Poison","Prepared","All Out Attack","Poisoned Stab","Backflip","Burst+1","Deadly Poison+1","Bouncing Flask+1","Outmaneuver","Acrobatics+1"],"relics":["Ring of the Snake","Juzu Bracelet","Prayer Wheel","Darkstone Periapt","Boot","Nloth\u0027s Gift","Mango","Snake Skull"],"potions_floor_usage":[8,28,28],"damage_taken":[{"damage":0,"enemies":"2 Louse","floor":1,"turns":3},{"damage":0,"enemies":"Small Slimes","floor":3,"turns":4},{"damage":0,"enemies":"Cultist","floor":4,"turns":4},{"damage":3,"enemies":"Lagavulin","floor":6,"turns":5},{"damage":20,"enemies":"3 Sentries","floor":8,"turns":10},{"damage":0,"enemies":"Large Slime","floor":14,"turns":4},{"damage":2,"enemies":"Slime Boss","floor":16,"turns":8},{"damage":12,"enemies":"Chosen","floor":18,"turns":4},{"damage":24,"enemies":"Book of Stabbing","floor":24,"turns":5},{"damage":6,"enemies":"3 Byrds","floor":25,"turns":3},{"damage":6,"enemies":"Centurion and Healer","floor":27,"turns":5},{"damage":24,"enemies":"Gremlin Leader","floor":28,"turns":6}],"seed_played":"-4866735426249308628","potions_obtained":[{"floor":6,"key":"EssenceOfSteel"},{"floor":18,"key":"SpeedPotion"},{"floor":27,"key":"AttackPotion"}],"is_trial":false,"path_per_floor":["M","?","M","M","$","E","R","E","T","$","R","?","?","M","R","B",null,"M","?","?","?","?","R","E","M","T","M"],"character_chosen":"THE_SILENT","items_purchased":["Deadly Poison","All Out Attack"],"campfire_rested":2,"item_purchase_floors":[5,10],"current_hp_per_floor":[49,35,35,35,35,32,53,33,33,33,33,33,15,15,36,34,70,58,58,58,58,45,45,35,29,29,23,0],"gold":265,"neow_bonus":"REMOVE_TWO","is_prod":false,"is_daily":false,"chose_seed":false,"campfire_upgraded":2,"win_rate":0,"timestamp":1534432625,"path_taken":["M","?","?","M","$","E","R","E","T","$","R","?","?","M","R","BOSS","M","?","?","?","?","R","E","M","T","M","E"],"build_version":"2018-08-09","purchased_purges":1,"victory":false,"max_hp_per_floor":[70,70,70,70,70,70,70,70,70,70,70,70,70,70,70,70,70,70,70,70,70,75,75,89,89,89,89,89],"card_choices":[{"not_picked":["Flying Knee","Blur"],"picked":"Deadly Poison","floor":1},{"not_picked":["Expertise","Leg Sweep"],"picked":"Dagger Spray","floor":3},{"not_picked":["Flying Knee","Masterful Stab"],"picked":"Deadly Poison","floor":4},{"not_picked":["Acrobatics","Dodge and Roll","Outmaneuver"],"picked":"SKIP","floor":6},{"not_picked":["Dagger Spray","Glass Knife"],"picked":"Prepared","floor":8},{"not_picked":["Flying Knee","Dash"],"picked":"Poisoned Stab","floor":14},{"not_picked":["Outmaneuver","Skewer"],"picked":"Backflip","floor":14},{"not_picked":["Doppelganger","Venomology"],"picked":"Burst","floor":16},{"not_picked":["Prepared","Cloak And Dagger"],"picked":"Deadly Poison+1","floor":18},{"not_picked":["Malaise","Flying Knee+1"],"picked":"Bouncing Flask+1","floor":18},{"not_picked":["Dagger Throw","All Out Attack","Storm of Steel"],"picked":"SKIP","floor":24},{"not_picked":["Dagger Throw","Deflect+1"],"picked":"Outmaneuver","floor":25},{"not_picked":["Dagger Throw+1","Acrobatics","Sucker Punch"],"picked":"SKIP","floor":25},{"not_picked":["Tactician","Blade Dance"],"picked":"Acrobatics+1","floor":27},{"not_picked":["Blade Dance","Flying Knee","Terror+1"],"picked":"SKIP","floor":27}],"player_experience":333838,"relics_obtained":[{"floor":6,"key":"Juzu Bracelet"},{"floor":8,"key":"Prayer Wheel"},{"floor":9,"key":"Darkstone Periapt"},{"floor":24,"key":"Mango"},{"floor":26,"key":"Snake Skull"}],"event_choices":[{"event_name":"Shining Light","player_choice":"Entered Light","floor":2,"damage_taken":0},{"event_name":"Living Wall","player_choice":"Forget","floor":12,"damage_taken":0},{"event_name":"Scrap Ooze","player_choice":"success","floor":13,"damage_taken":18},{"event_name":"Drug Dealer","player_choice":"Ignored","floor":19,"damage_taken":0},{"event_name":"The Joust","player_choice":"Bet on Murderer","floor":20,"damage_taken":0},{"event_name":"N\u0027loth","player_choice":"Traded a Empty Cage","floor":21,"damage_taken":0},{"event_name":"Forgotten Altar","player_choice":"Shed Blood","floor":22,"damage_taken":0}],"is_beta":false,"boss_relics":[{"not_picked":["Runic Pyramid","Runic Dome"],"picked":"Empty Cage"}],"items_purged_floors":[5],"is_endless":false,"potions_floor_spawned":[6,18,27],"killed_by":"Gremlin Leader","ascension_level":2}