{"gold_per_floor":[111,129,140,158,83,83,83,83,83,83,96,129,129,161,161,259,259,271,271,271,271,285,285,305,340,394,413,441,452,352,364,364,468,468,479,479,492,162,216,216,216,216,216,231,268,280,292,330,342,354],"floor_reached":51,"playtime":1489,"items_purged":["Cleave","Inflame+1","Writhe"],"score":1128,"play_id":"c5cdf6c4-ac3e-4e69-8221-e51406fcbe5b","local_time":"20181014170333","daily_mods":["Draft","Vintage","Colorless Cards","Heirloom","Time Dilation","Flight"],"is_ascension_mode":false,"campfire_choices":[{"data":"Madness","floor":6,"key":"SMITH"},{"data":"Madness","floor":7,"key":"SMITH"},{"data":"Flex","floor":8,"key":"SMITH"},{"data":"Flex","floor":10,"key":"SMITH"},{"data":"Inflame","floor":13,"key":"SMITH"},{"data":"Purity","floor":15,"key":"SMITH"},{"data":"Panache","floor":23,"key":"SMITH"},{"data":"Violence","floor":32,"key":"SMITH"},{"data":"RitualDagger","floor":40,"key":"PURGE"},{"data":"Madness+1","floor":41,"key":"PURGE"},{"data":"Armaments","floor":42,"key":"PURGE"},{"data":"Blind","floor":47,"key":"PURGE"},{"data":"Purity+1","floor":49,"key":"PURGE"}],"neow_cost":"","seed_source_timestamp":176203737064960,"circlet_count":0,"master_deck":["Flex+1","Clash","Dark Shackles","Anger","Flex+1","Madness+1","Panacea","Deep Breath","Panacea","Clash","Panache+1","Violence+1","Panache","Evolve+1","Body Slam+1"],"relics":["Unceasing Top","Thread and Needle","Shuriken","Letter Opener","Matryoshka","Bag of Marbles","Boot","Singing Bowl","Pen Nib","Question Card","Happy Flower","PreservedInsect","Lizard Tail","Anchor","Ancient Tea Set","Pantograph","Bag of Preparation","Tiny Chest","Potion Belt","Bird Faced Urn","Sundial","Omamori","Darkstone Periapt","Calling Bell","Meat on the Bone","Shovel","Frozen Egg 2","Peace Pipe","Ornamental Fan","Strange Spoon","Du-Vu Doll","Oddly Smooth Stone","MawBank","Kunai","Strawberry","Dream Catcher"],"potions_floor_usage":[35,35,35,48],"damage_taken":[{"damage":0,"enemies":"Small Slimes","floor":1,"turns":2},{"damage":0,"enemies":"Jaw Worm","floor":2,"turns":1},{"damage":0,"enemies":"2 Louse","floor":3,"turns":2},{"damage":0,"enemies":"Looter","floor":4,"turns":1},{"damage":0,"enemies":"Blue Slaver","floor":11,"turns":1},{"damage":0,"enemies":"Lagavulin","floor":12,"turns":1},{"damage":0,"enemies":"3 Sentries","floor":14,"turns":1},{"damage":0,"enemies":"Slime Boss","floor":16,"turns":1},{"damage":0,"enemies":"Shell Parasite","floor":18,"turns":1},{"damage":0,"enemies":"3 Byrds","floor":22,"turns":1},{"damage":0,"enemies":"Snake Plant","floor":24,"turns":1},{"damage":0,"enemies":"Book of Stabbing","floor":25,"turns":1},{"damage":0,"enemies":"Chosen and Byrds","floor":27,"turns":1},{"damage":0,"enemies":"Gremlin Leader","floor":28,"turns":1},{"damage":0,"enemies":"Snecko","floor":29,"turns":1},{"damage":0,"enemies":"Cultist and Chosen","floor":31,"turns":1},{"damage":0,"enemies":"Collector","floor":33,"turns":1},{"damage":0,"enemies":"Orb Walker","floor":35,"turns":2},{"damage":0,"enemies":"Mind Bloom Boss Battle","floor":36,"turns":1},{"damage":0,"enemies":"3 Shapes","floor":37,"turns":1},{"damage":0,"enemies":"Mysterious Sphere","floor":39,"turns":1},{"damage":0,"enemies":"Spire Growth","floor":44,"turns":1},{"damage":0,"enemies":"Nemesis","floor":45,"turns":1},{"damage":0,"enemies":"2 Orb Walkers","floor":48,"turns":1},{"damage":1,"enemies":"Time Eater","floor":50,"turns":3}],"seed_played":"-7061427183454142392","potions_obtained":[{"floor":2,"key":"Strength Potion"},{"floor":11,"key":"Energy Potion"},{"floor":14,"key":"Weak Potion"},{"floor":27,"key":"LiquidBronze"},{"floor":35,"key":"BloodPotion"},{"floor":48,"key":"Fruit Juice"}],"is_trial":true,"path_per_floor":["M","M","M","M","$","R","R","R","T","R","M","E","R","E","R","B",null,"M","?","?","?","M","R","M","E","T","M","E","M","$","M","R","B",null,"M","?","M","$","?","R","R","R","T","M","E","T","R","E","R","B"],"character_chosen":"IRONCLAD","items_purchased":["Strange Spoon"],"campfire_rested":0,"item_purchase_floors":[38],"current_hp_per_floor":[80,80,80,80,80,80,80,80,80,80,80,80,80,82,82,82,82,82,76,76,76,76,76,76,78,78,78,78,78,78,80,80,84,90,90,90,90,90,92,92,92,92,92,92,92,99,99,106,106,106],"gold":366,"neow_bonus":"","is_prod":false,"is_daily":false,"chose_seed":false,"campfire_upgraded":8,"win_rate":0.0,"timestamp":1539554613,"path_taken":["M","M","M","M","$","R","R","R","T","R","M","E","R","E","R","BOSS","M","?","?","?","M","R","M","E","T","M","E","M","$","M","R","BOSS","M","?","M","$","?","R","R","R","T","M","E","?","R","E","R","BOSS"],"build_version":"2018-10-11","purchased_purges":3,"victory":true,"max_hp_per_floor":[80,80,80,80,80,80,80,80,80,80,80,80,80,82,82,82,82,82,82,82,82,82,82,82,84,84,84,84,84,84,84,84,84,90,90,90,90,90,92,92,92,92,92,92,92,99,99,106,106,106],"card_choices":[{"not_picked":["Armaments","Pommel Strike"],"picked":"Flex","floor":0},{"not_picked":["Iron Wave","Body Slam"],"picked":"Purity","floor":0},{"not_picked":["Headbutt","Sword Boomerang"],"picked":"Clash","floor":0},{"not_picked":["Thunderclap","Perfected Strike"],"picked":"Madness","floor":0},{"not_picked":["Discovery","Infernal Blade"],"picked":"Blind","floor":0},{"not_picked":["Madness","Iron Wave"],"picked":"Dark Shackles","floor":0},{"not_picked":["Discovery","Havoc"],"picked":"Armaments","floor":0},{"not_picked":["Iron Wave","Clash"],"picked":"Anger","floor":0},{"not_picked":["Perfected Strike","Warcry"],"picked":"Flex","floor":0},{"not_picked":["Perfected Strike","Dramatic Entrance"],"picked":"Madness","floor":0},{"not_picked":["Perfected Strike","Headbutt"],"picked":"Cleave","floor":0},{"not_picked":["True Grit","Iron Wave"],"picked":"Inflame","floor":0},{"not_picked":["Body Slam","Whirlwind"],"picked":"Panacea","floor":0},{"not_picked":["Warcry","Heavy Blade"],"picked":"Deep Breath","floor":0},{"not_picked":["Clash","Pommel Strike"],"picked":"Panacea","floor":0},{"not_picked":["Perfected Strike","Wild Strike"],"picked":"Clash","floor":12},{"not_picked":["Clash","Havoc","Clothesline","Shrug It Off"],"picked":"Singing Bowl","floor":14},{"not_picked":["Metamorphosis","Chrysalis","Mayhem"],"picked":"Panache","floor":16},{"not_picked":["Sword Boomerang","Heavy Blade","Headbutt","Iron Wave"],"picked":"Singing Bowl","floor":25},{"not_picked":["Body Slam","Heavy Blade+1","Secret Technique"],"picked":"Violence","floor":28},{"not_picked":["Double Tap","Mayhem","Chrysalis"],"picked":"Panache","floor":33},{"not_picked":["Clash","Havoc","Wild Strike"],"picked":"Evolve+1","floor":36},{"not_picked":["Madness","True Grit","Iron Wave","Dark Shackles+1"],"picked":"Singing Bowl","floor":39},{"not_picked":["True Grit+1","Iron Wave","Discovery+1"],"picked":"Body Slam+1","floor":45},{"not_picked":["Deep Breath","Inflame+1","Perfected Strike","Pummel+1"],"picked":"Singing Bowl","floor":48}],"player_experience":56591,"relics_obtained":[{"floor":1,"key":"Shuriken"},{"floor":2,"key":"Letter Opener"},{"floor":3,"key":"Matryoshka"},{"floor":4,"key":"Bag of Marbles"},{"floor":9,"key":"Boot"},{"floor":9,"key":"Singing Bowl"},{"floor":11,"key":"Pen Nib"},{"floor":12,"key":"Question Card"},{"floor":14,"key":"Happy Flower"},{"floor":16,"key":"PreservedInsect"},{"floor":18,"key":"Anchor"},{"floor":22,"key":"Ancient Tea Set"},{"floor":24,"key":"Pantograph"},{"floor":25,"key":"Bag of Preparation"},{"floor":26,"key":"Tiny Chest"},{"floor":26,"key":"Potion Belt"},{"floor":28,"key":"Bird Faced Urn"},{"floor":29,"key":"Sundial"},{"floor":31,"key":"Omamori"},{"floor":33,"key":"Darkstone Periapt"},{"floor":34,"key":"Meat on the Bone"},{"floor":34,"key":"Shovel"},{"floor":35,"key":"Frozen Egg 2"},{"floor":36,"key":"Peace Pipe"},{"floor":37,"key":"Ornamental Fan"},{"floor":39,"key":"Du-Vu Doll"},{"floor":43,"key":"Oddly Smooth Stone"},{"floor":44,"key":"MawBank"},{"floor":45,"key":"Kunai"},{"floor":46,"key":"Strawberry"},{"floor":48,"key":"Dream Catcher"}],"event_choices":[{"event_name":"Nest","player_choice":"Joined the Cult","floor":19,"damage_taken":0},{"event_name":"The Mausoleum","player_choice":"No","floor":20,"damage_taken":0},{"event_name":"Ghosts","player_choice":"Ignored","floor":21,"damage_taken":0},{"event_name":"MindBloom","player_choice":"Fight","floor":36,"damage_taken":0},{"event_name":"Mysterious Sphere","player_choice":"Fight","floor":39,"damage_taken":0}],"is_beta":false,"boss_relics":[{"not_picked":["Ectoplasm","White Beast Statue"],"picked":"Lizard Tail"},{"not_picked":["Runic Pyramid","Astrolabe"],"picked":"Calling Bell"}],"items_purged_floors":[5,30,38],"is_endless":false,"potions_floor_spawned":[2,11,14,22,24,27,35,36,48],"ascension_level":0}