{"path_per_floor":["M","$","M","?","M","E","R","M","T","R","?","M","$","M","R","B",null,"M","?","M","$","?","R","M","?","T","R","M","R","E","M","R","B",null,"M","?","M","?","M","R","E"],"character_chosen":"DEFECT","items_purchased":[],"gold_per_floor":[115,40,58,58,77,112,112,126,126,126,126,146,46,58,58,154,154,164,164,179,54,54,54,74,54,54,54,54,54,84,103,103,200,200,218,218,230,0,10,10,42,42],"floor_reached":42,"campfire_rested":4,"playtime":1592,"current_hp_per_floor":[74,74,72,57,57,46,68,63,63,63,63,61,61,61,61,61,75,68,74,63,63,63,63,57,57,57,57,55,79,55,51,75,12,81,42,42,42,42,35,59,16,0],"items_purged":["Strike_B","Defend_B","Writhe"],"gold":42,"score":498,"play_id":"badf327e-b611-4682-b3c0-ea1ec6ac0ff6","local_time":"20180511014153","is_prod":false,"is_daily":false,"chose_seed":false,"is_ascension_mode":false,"campfire_upgraded":4,"timestamp":1525995713,"path_taken":["M","$","M","?","?","E","R","M","T","R","?","M","$","?","R","BOSS","M","?","M","$","?","R","?","?","T","R","M","R","E","M","R","BOSS","M","?","?","?","M","R","E","M"],"build_version":"2018-05-10","seed_source_timestamp":485987507665478,"purchased_purges":3,"victory":false,"master_deck":["Strike_B","Defend_B","Defend_B","Defend_B","Zap+1","Dualcast+1","Capacitor","Cold Snap","Chaos+1","Leap+1","Ball Lightning","Creative AI+1","Cold Snap+1","Defragment+1","White Noise","Echo Form+1","Ball Lightning+1","Darkness+1","Leap"],"max_hp_per_floor":[75,75,75,75,75,75,75,75,75,75,75,75,75,75,75,75,75,75,81,81,81,81,81,81,81,81,81,81,81,81,81,81,81,81,81,81,81,81,81,81,81,81],"relics":["Cracked Core","Cables","Darkstone Periapt","Nuclear Battery","Frozen Egg 2","Kunai","Blood Vial","Cursed Key","Red Mask","Juzu Bracelet"],"card_choices":[{"not_picked":["Beam Cell","Sweeping Beam"],"picked":"Capacitor","floor":3},{"not_picked":["Auto Shields","Sweeping Beam"],"picked":"Cold Snap","floor":5},{"not_picked":["Axe Kick","Sweeping Beam"],"picked":"Chaos","floor":6},{"not_picked":["Rebound","Hyperbeam"],"picked":"Leap","floor":8},{"not_picked":["Coolheaded","Go for the Eyes"],"picked":"Ball Lightning","floor":12},{"not_picked":["Thunder Strike","Hyperbeam"],"picked":"Creative AI","floor":16},{"not_picked":["Double Energy","Hologram"],"picked":"Cold Snap","floor":20},{"not_picked":["Skim","Streamline"],"picked":"White Noise","floor":30},{"not_picked":["Fusion","Fission"],"picked":"Echo Form","floor":33},{"not_picked":["Hello World","Stack"],"picked":"Ball Lightning","floor":35},{"not_picked":["Skim","Coolheaded"],"picked":"Darkness","floor":39},{"not_picked":["Beam Cell","Go for the Eyes"],"picked":"Leap","floor":41}],"player_experience":48920,"potions_floor_usage":[6,16,18,28,39,41,41,41],"damage_taken":[{"damage":1,"enemies":"Cultist","floor":1,"turns":3},{"damage":2,"enemies":"2 Louse","floor":3,"turns":2},{"damage":0,"enemies":"Small Slimes","floor":5,"turns":3},{"damage":11,"enemies":"3 Sentries","floor":6,"turns":7},{"damage":5,"enemies":"Looter","floor":8,"turns":3},{"damage":2,"enemies":"Blue Slaver","floor":12,"turns":3},{"damage":0,"enemies":"3 Louse","floor":14,"turns":2},{"damage":0,"enemies":"Slime Boss","floor":16,"turns":8},{"damage":11,"enemies":"3 Byrds","floor":18,"turns":5},{"damage":11,"enemies":"Chosen","floor":20,"turns":5},{"damage":6,"enemies":"Centurion and Healer","floor":24,"turns":6},{"damage":2,"enemies":"Chosen and Byrds","floor":28,"turns":4},{"damage":24,"enemies":"Book of Stabbing","floor":30,"turns":7},{"damage":6,"enemies":"Sentry and Sphere","floor":31,"turns":4},{"damage":65,"enemies":"Champ","floor":33,"turns":13},{"damage":39,"enemies":"3 Darklings","floor":35,"turns":4},{"damage":2,"enemies":"Orb Walker","floor":37,"turns":3},{"damage":21,"enemies":"3 Darklings","floor":39,"turns":5},{"damage":45,"enemies":"Nemesis","floor":41,"turns":7},{"damage":27,"enemies":"Maw","floor":42,"turns":4}],"event_choices":[{"event_name":"Shining Light","player_choice":"Entered Light","floor":4,"damage_taken":0},{"event_name":"Liars Game","player_choice":"disagreed","floor":11,"damage_taken":0},{"event_name":"The Mausoleum","player_choice":"Yes","floor":19,"damage_taken":0},{"event_name":"The Library","player_choice":"Read","floor":22,"damage_taken":0},{"event_name":"The Woman in Blue","player_choice":"Bought 1 Potion","floor":25,"damage_taken":0},{"event_name":"Tomb of Lord Red Mask","player_choice":"Paid","floor":38,"damage_taken":0}],"boss_relics":[{"not_picked":["Runic Dome","Tiny House"],"picked":"Nuclear Battery"},{"not_picked":["Orrery","Sozu"],"picked":"Cursed Key"}],"potions_floor_spawned":[3,5,6,16,24,31,37,39],"seed_played":"-5668743532930839675","killed_by":"Maw","ascension_level":0,"is_trial":false}