{"gold_per_floor":[109,109,122,138,13,13,23,23,23,23,23,42,42,42,42,172,172,196,321,27,27,27],"floor_reached":22,"playtime":798,"items_purged":["Strike_G","Regret"],"score":172,"play_id":"aaba8130-515a-425c-a434-517b73edcda4","local_time":"20190304004202","is_ascension_mode":false,"campfire_choices":[{"data":"Crippling Poison","floor":6.0,"key":"SMITH"},{"data":"Tactician","floor":15.0,"key":"SMITH"}],"neow_cost":"NONE","seed_source_timestamp":132304134651156,"circlet_count":0,"master_deck":["Defend_G","Defend_G","Defend_G","Defend_G","Defend_G","Strike_G","Strike_G","Strike_G","Strike_G","Survivor","Neutralize","Dagger Throw","Crippling Poison+1","Dagger Throw","Poisoned Stab","Prepared","Tactician+1","Burst","Underhanded Strike","Well Laid Plans","Reflex","Expertise","Backflip","Cloak And Dagger","Prepared"],"special_seed":0,"relics":["Ring of the Snake","NeowsBlessing","Juzu Bracelet","Blue Candle","Golden Idol","Orrery","Ginger","Question Card","Toy Ornithopter","Enchiridion"],"potions_floor_usage":[19,19],"damage_taken":[{"damage":0.0,"enemies":"2 Louse","floor":1.0,"turns":1.0},{"damage":0.0,"enemies":"Small Slimes","floor":3.0,"turns":1.0},{"damage":0.0,"enemies":"Jaw Worm","floor":4.0,"turns":1.0},{"damage":6.0,"enemies":"2 Fungi Beasts","floor":7.0,"turns":3.0},{"damage":9.0,"enemies":"Blue Slaver","floor":12.0,"turns":3.0},{"damage":43.0,"enemies":"Hexaghost","floor":16.0,"turns":12.0},{"damage":1.0,"enemies":"3 Byrds","floor":18.0,"turns":3.0},{"damage":9,"enemies":"Colosseum Slavers","floor":19,"turns":4},{"damage":27,"enemies":"Colosseum Nobs","floor":19,"turns":5},{"damage":3,"enemies":"Shell Parasite","floor":22,"turns":2}],"seed_played":"6819239062942776959","potions_obtained":[{"floor":1.0,"key":"AttackPotion"},{"floor":7.0,"key":"FearPotion"},{"floor":12.0,"key":"Poison Potion"},{"floor":19,"key":"Explosive Potion"}],"is_trial":false,"path_per_floor":["M","?","M","M","$","R","M","?","T","$","?","M","?","$","R","B",null,"M","?","$","?","M"],"character_chosen":"THE_SILENT","items_purchased":["Poisoned Stab","Toy Ornithopter"],"campfire_rested":0,"item_purchase_floors":[5,20],"current_hp_per_floor":[70,70,70,70,70,70,64,64,64,64,64,55,55,55,55,12,65,64,28,28,12,9],"gold":27,"neow_bonus":"THREE_ENEMY_KILL","is_prod":false,"is_daily":false,"chose_seed":false,"campfire_upgraded":2,"win_rate":0,"timestamp":1551681722,"path_taken":["M","?","M","M","$","R","M","?","T","?","?","M","?","$","R","BOSS","M","?","$","?","M"],"build_version":"2019-01-23","purchased_purges":2,"victory":false,"max_hp_per_floor":[70,70,70,70,70,70,70,70,70,70,65,65,65,65,65,65,65,65,65,65,65,65],"card_choices":[{"not_picked":["Concentrate","Bane"],"picked":"Dagger Throw","floor":1.0},{"not_picked":["Dodge and Roll","Reflex"],"picked":"Crippling Poison","floor":3.0},{"not_picked":["Bane","Slice"],"picked":"Dagger Throw","floor":4.0},{"not_picked":["Dagger Spray","Choke"],"picked":"Prepared","floor":7.0},{"not_picked":["Dagger Spray","Underhanded Strike"],"picked":"Tactician","floor":12.0},{"not_picked":["A Thousand Cuts","Glass Knife"],"picked":"Burst","floor":16.0},{"not_picked":["Dagger Throw","Skewer"],"picked":"Underhanded Strike","floor":17.0},{"not_picked":["Dagger Spray","Terror"],"picked":"Well Laid Plans","floor":17.0},{"not_picked":["Flying Knee","Dash"],"picked":"Reflex","floor":17.0},{"not_picked":["Underhanded Strike","Riddle With Holes"],"picked":"Expertise","floor":17.0},{"not_picked":["Dodge and Roll","Blade Dance"],"picked":"Backflip","floor":17.0},{"not_picked":["Choke+1","Flechettes"],"picked":"Cloak And Dagger","floor":18.0},{"not_picked":["Cloak And Dagger","Night Terror"],"picked":"Prepared","floor":19}],"player_experience":625791,"relics_obtained":[{"floor":9.0,"key":"Blue Candle"},{"floor":19,"key":"Ginger"},{"floor":19,"key":"Question Card"},{"floor":21,"key":"Enchiridion"}],"event_choices":[{"damage_healed":0.0,"max_hp_gain":0.0,"max_hp_loss":0.0,"gold_gain":0.0,"event_name":"Shining Light","player_choice":"Ignored","floor":2.0,"gold_loss":0.0,"damage_taken":0.0},{"damage_healed":0.0,"max_hp_gain":0.0,"max_hp_loss":0.0,"gold_gain":0.0,"event_name":"Big Fish","player_choice":"Box","floor":8.0,"gold_loss":0.0,"damage_taken":0.0,"relics_obtained":["Juzu Bracelet"],"cards_obtained":["Regret"]},{"damage_healed":0.0,"max_hp_gain":0.0,"max_hp_loss":5.0,"gold_gain":0.0,"event_name":"Golden Idol","player_choice":"Lose Max HP","floor":11.0,"gold_loss":0.0,"damage_taken":0.0,"relics_obtained":["Golden Idol"]},{"damage_healed":0.0,"max_hp_gain":0.0,"max_hp_loss":0.0,"gold_gain":0.0,"event_name":"Dead Adventurer","player_choice":"Searched \u00270\u0027 times","floor":13.0,"gold_loss":0.0,"damage_taken":0.0},{"damage_healed":0,"gold_gain":0,"player_choice":"Fight","damage_taken":0,"max_hp_gain":0,"max_hp_loss":0,"event_name":"Colosseum","floor":19,"gold_loss":0},{"damage_healed":0,"gold_gain":0,"player_choice":"Fought Nobs","damage_taken":0,"max_hp_gain":0,"max_hp_loss":0,"event_name":"Colosseum","floor":19,"gold_loss":0},{"damage_healed":0,"gold_gain":0,"player_choice":"Obtained Book","damage_taken":16,"max_hp_gain":0,"max_hp_loss":0,"event_name":"Cursed Tome","floor":21,"gold_loss":0}],"is_beta":false,"boss_relics":[{"not_picked":["Eternal Feather","Ectoplasm"],"picked":"Orrery"}],"items_purged_floors":[5,20],"is_endless":false,"potions_floor_spawned":[1,7,12,19,19],"killed_by":"Shell Parasite","ascension_level":0}