{"gold_per_floor":[116,135,210,210,227,227,72,91,121,139,154,154,172,189,189,294,344,364,364,381,381],"floor_reached":21,"playtime":662,"items_purged":[],"score":254,"play_id":"b7d92ac7-d324-48a1-bb7a-243889f395c9","local_time":"20190228170107","is_ascension_mode":true,"campfire_choices":[{"floor":6,"key":"REST"},{"floor":12,"key":"REST"},{"floor":15,"key":"REST"}],"neow_cost":"NONE","seed_source_timestamp":922425012506896,"circlet_count":0,"master_deck":["Strike_B","Strike_B","Strike_B","Strike_B","Defend_B","Defend_B","Defend_B","Defend_B","Zap+1","Dualcast","Redo","Tempest","Chaos","Ball Lightning","White Noise","Hologram","Chaos","Capacitor","Biased Cognition","Ball Lightning","Self Repair+1","Reinforced Body+1"],"relics":["Cursed Key","Symbiotic Virus","DataDisk","Tiny Chest","Tiny House"],"potions_floor_usage":[10,11,13,20,20],"damage_taken":[{"damage":2,"enemies":"Jaw Worm","floor":1,"turns":4},{"damage":5,"enemies":"Small Slimes","floor":2,"turns":2},{"damage":0,"enemies":"Cultist","floor":5,"turns":3},{"damage":0,"enemies":"2 Fungi Beasts","floor":8,"turns":2},{"damage":0,"enemies":"Large Slime","floor":10,"turns":3},{"damage":13,"enemies":"Blue Slaver","floor":11,"turns":2},{"damage":16,"enemies":"Exordium Wildlife","floor":13,"turns":3},{"damage":14,"enemies":"3 Louse","floor":14,"turns":2},{"damage":16,"enemies":"Hexaghost","floor":16,"turns":7},{"damage":34,"enemies":"Shell Parasite","floor":18,"turns":4},{"damage":6,"enemies":"3 Byrds","floor":20,"turns":2},{"damage":33,"enemies":"Shelled Parasite and Fungi","floor":21,"turns":5}],"seed_played":"-8540055831197629721","potions_obtained":[{"floor":2,"key":"Poison Potion"},{"floor":5,"key":"FearPotion"},{"floor":8,"key":"AttackPotion"},{"floor":10,"key":"Fruit Juice"},{"floor":17,"key":"Fire Potion"},{"floor":18,"key":"Fire Potion"}],"is_trial":false,"path_per_floor":["M","M","?","?","M","R","$","M","T","M","M","R","M","M","R","B",null,"M","?","M","M"],"character_chosen":"DEFECT","items_purchased":["DataDisk"],"campfire_rested":3,"item_purchase_floors":[7],"current_hp_per_floor":[66,61,50,25,25,47,47,47,47,52,39,63,47,33,57,41,75,41,41,35,2],"gold":381,"neow_bonus":"BOSS_RELIC","is_prod":false,"is_daily":false,"chose_seed":false,"campfire_upgraded":0,"win_rate":0,"timestamp":1551394867,"path_taken":["M","M","?","?","M","R","$","M","T","M","M","R","M","M","R","BOSS","M","?","?","M"],"build_version":"2019-01-23","purchased_purges":0,"victory":false,"max_hp_per_floor":[75,75,75,75,75,75,75,75,75,80,80,80,80,80,80,80,85,85,85,85,85],"card_choices":[{"not_picked":["Steam Power","Rip and Tear"],"picked":"Redo","floor":1},{"not_picked":["Reinforced Body","Sweeping Beam"],"picked":"Tempest","floor":2},{"not_picked":["Sweeping Beam","Beam Cell"],"picked":"Chaos","floor":5},{"not_picked":["Steam","Go for the Eyes"],"picked":"Ball Lightning","floor":8},{"not_picked":["Barrage","Heatsinks"],"picked":"White Noise","floor":10},{"not_picked":["Double Energy","Storm"],"picked":"Hologram","floor":11},{"not_picked":["Sweeping Beam","Redo"],"picked":"Chaos","floor":13},{"not_picked":["Hologram","Beam Cell"],"picked":"Capacitor","floor":14},{"not_picked":["Rainbow","Hyperbeam"],"picked":"Biased Cognition","floor":16},{"not_picked":["Heatsinks","Gash"],"picked":"Ball Lightning","floor":17},{"not_picked":["Turbo","Gash"],"picked":"Self Repair+1","floor":18},{"not_picked":["Streamline","Barrage"],"picked":"Reinforced Body+1","floor":20}],"player_experience":576068,"relics_obtained":[{"floor":9,"key":"Tiny Chest"}],"event_choices":[{"damage_healed":0,"gold_gain":75,"player_choice":"Gather Gold","damage_taken":11,"max_hp_gain":0,"max_hp_loss":0,"event_name":"World of Goop","floor":3,"gold_loss":0},{"damage_healed":0,"gold_gain":0,"player_choice":"Success","damage_taken":25,"relics_obtained":["Symbiotic Virus"],"max_hp_gain":0,"max_hp_loss":0,"event_name":"Scrap Ooze","floor":4,"gold_loss":0},{"cards_removed":["Doubt"],"damage_healed":0,"gold_gain":0,"player_choice":"Purged","damage_taken":0,"max_hp_gain":0,"max_hp_loss":0,"event_name":"Purifier","floor":19,"gold_loss":0}],"is_beta":false,"boss_relics":[{"not_picked":["Velvet Choker","White Beast Statue"],"picked":"Tiny House"}],"items_purged_floors":[],"is_endless":false,"potions_floor_spawned":[2,5,8,10,18],"killed_by":"Shelled Parasite and Fungi","ascension_level":9}