{"path_per_floor":["M","$","M","M","?","R","E","M","T","E","M","?","M","T","R","B",null,"M","$","M","?","M"],"character_chosen":"THE_SILENT","items_purchased":["Blue Candle"],"gold_per_floor":[109,34,48,63,63,63,89,104,104,129,149,249,269,341,341,444,444,454,100,113,113,130],"floor_reached":23,"campfire_rested":1,"playtime":1058,"current_hp_per_floor":[70,70,68,67,67,67,53,50,50,33,22,22,21,21,42,29,70,52,52,66,58,32],"items_purged":["Strike_G","Strike_G"],"gold":130,"score":203,"play_id":"77d5729c-e5e4-47f7-89b1-f1fe9fe56317","is_prod":false,"is_daily":false,"is_ascension_mode":false,"campfire_upgraded":1,"path_taken":["M","$","M","M","?","R","E","M","T","E","M","?","M","?","R","BOSS","M","$","M","?","M","E"],"build_version":"2018-02-22-PROD1","purchased_purges":2,"victory":false,"master_deck":["Defend_G","Defend_G","Defend_G","Defend_G","Defend_G","Strike_G","Strike_G","Strike_G","Survivor","Neutralize+1","Prepared","Noxious Fumes","Regret","Poisoned Stab","Noxious Fumes","Dagger Throw","Distraction","Prepared","Writhe","Clumsy","Injury","Poisoned Stab","Distraction+1"],"max_hp_per_floor":[70,70,70,70,70,70,70,70,70,70,70,70,70,70,70,70,70,70,70,70,70,70],"relics":["Ring of the Snake","Ornamental Fan","Shuriken","Girya","Art of War","Bottled Flame","Calling Bell","Peace Pipe","Bird Faced Urn","Pantograph","Blue Candle"],"card_choices":[{"not_picked":["Dagger Spray","Bane"],"picked":"Prepared"},{"not_picked":["Dagger Spray","Dash"],"picked":"Noxious Fumes"},{"not_picked":["Dagger Spray","Footwork"],"picked":"Poisoned Stab"},{"not_picked":["Heel Hook","Malaise"],"picked":"Noxious Fumes"},{"not_picked":["After Image","Concentrate"],"picked":"Dagger Throw"},{"not_picked":["Escape Plan","PiercingWail"],"picked":"Distraction"},{"not_picked":["Outmaneuver","Bane"],"picked":"Prepared"},{"not_picked":["Malaise","Dodge and Roll"],"picked":"Poisoned Stab"},{"not_picked":["Reflex","Flechettes"],"picked":"Distraction"}],"player_experience":105640,"potions_floor_usage":[1,3,7,10,16,16,20,22,23],"damage_taken":[{"damage":0,"enemies":"2 Louse","floor":1,"turns":2},{"damage":2,"enemies":"Jaw Worm","floor":3,"turns":6},{"damage":1,"enemies":"Cultist","floor":4,"turns":5},{"damage":14,"enemies":"3 Sentries","floor":7,"turns":10},{"damage":3,"enemies":"3 Louse","floor":8,"turns":4},{"damage":17,"enemies":"Lagavulin","floor":10,"turns":6},{"damage":11,"enemies":"Lots of Slimes","floor":11,"turns":5},{"damage":1,"enemies":"2 Fungi Beasts","floor":13,"turns":3},{"damage":13,"enemies":"The Guardian","floor":16,"turns":10},{"damage":20,"enemies":"Spheric Guardian","floor":18,"turns":5},{"damage":5,"enemies":"Chosen","floor":20,"turns":6},{"damage":30,"enemies":"Centurion and Healer","floor":22,"turns":8},{"damage":41,"enemies":"Book of Stabbing","floor":23,"turns":5}],"event_choices":[{"event_name":"Big Fish","player_choice":"Box","floor":5,"damage_taken":0},{"event_name":"Wheel of Change","player_choice":"Gold","floor":12,"damage_taken":0},{"event_name":"Knowing Skull","player_choice":"","floor":21,"damage_taken":0}],"boss_relics":[{"not_picked":["Velvet Choker","Ectoplasm"],"picked":"Calling Bell"}],"potions_floor_spawned":[7,11,13,16,20],"seed_played":"-7419195201516360371","killed_by":"Book of Stabbing","ascension_level":0,"is_trial":false}