{"path_per_floor":["M","$","?","M","?","E","R","E","T","?","M","R","M","?","R","B",null,"M","?","?","?","$","E","M","R","T","R","M","E","M","M","R","B",null,"M","M","?","M","?","R","E","$","T","M"],"character_chosen":"DEFECT","items_purchased":["Cold Snap","Doom and Gloom","Bag of Marbles","Centennial Puzzle"],"gold_per_floor":[113,11,11,21,21,47,47,73,125,186,197,197,214,214,214,319,319,335,335,335,335,201,234,249,249,273,273,288,323,334,345,345,443,443,458,478,478,496,549,549,578,44,95,114,114],"floor_reached":45,"campfire_rested":4,"playtime":1685,"current_hp_per_floor":[72,72,65,65,65,56,56,50,50,40,40,40,39,39,61,52,75,66,52,78,78,78,53,53,53,53,77,77,77,62,56,80,79,80,75,73,63,60,38,62,57,57,57,30,0],"items_purged":["Strike_B","Defend_B","Strike_B"],"gold":114,"score":595,"play_id":"17cb28c1-a984-4227-b8f8-6928704bd1fb","local_time":"20180514040403","is_prod":false,"is_daily":false,"chose_seed":false,"is_ascension_mode":true,"campfire_upgraded":3,"timestamp":1526263443,"path_taken":["M","$","?","?","?","E","R","E","T","?","M","R","?","?","R","BOSS","M","?","?","?","$","E","M","R","T","R","M","E","M","M","R","BOSS","M","M","?","?","?","R","E","$","T","M","E"],"build_version":"2018-05-12v2","seed_source_timestamp":753628433763977,"purchased_purges":3,"victory":false,"master_deck":["Strike_B+1","Strike_B+1","Defend_B+1","Defend_B+1","Defend_B+1","Zap+1","Dualcast+1","Genetic Algorithm+1","Cold Snap","Ball Lightning","Echo Form","Leap+1","Loop+1","Doom and Gloom","Auto Shields+1","Loop+1","Static Discharge+1","Chill","Fission","Ball Lightning+1","Madness","Madness","Static Discharge+1","BootSequence"],"max_hp_per_floor":[75,75,75,75,75,75,75,75,75,75,75,75,75,75,75,75,75,75,80,80,80,80,80,80,80,80,80,80,80,80,80,80,80,80,80,80,80,80,80,80,80,80,80,80,80],"relics":["Cracked Core","Anchor","Bag of Preparation","Mercury Hourglass","Symbiotic Virus","Omamori","Vajra","Velvet Choker","Turnip","DataDisk","Oddly Smooth Stone","Black Star","Emotion Chip","Dodecahedron","Mummified Hand","Bag of Marbles","Centennial Puzzle","Bronze Scales"],"card_choices":[{"not_picked":["Stack","Coolheaded"],"picked":"Genetic Algorithm","floor":1},{"not_picked":["Lockon","Turbo","Blizzard"],"picked":"SKIP","floor":4},{"not_picked":["Hologram","Hello World"],"picked":"Ball Lightning","floor":6},{"not_picked":["Hologram","Barrage"],"picked":"Echo Form","floor":8},{"not_picked":["Go for the Eyes","Aggregate"],"picked":"Leap","floor":11},{"not_picked":["Skim","Hello World","Conserve Battery"],"picked":"SKIP","floor":13},{"not_picked":["Turbo","Sweeping Beam"],"picked":"Loop+1","floor":18},{"not_picked":["Coolheaded","Streamline"],"picked":"Auto Shields+1","floor":23},{"not_picked":["Turbo","Hologram+1","Darkness"],"picked":"SKIP","floor":24},{"not_picked":["Beam Cell+1","Hello World"],"picked":"Loop+1","floor":28},{"not_picked":["Axe Kick","Biased Cognition","Beam Cell"],"picked":"SKIP","floor":29},{"not_picked":["Undo","Gash"],"picked":"Static Discharge+1","floor":30},{"not_picked":["White Noise","Double Energy+1"],"picked":"Chill","floor":31},{"not_picked":["Multi-Cast","Biased Cognition"],"picked":"Fission","floor":33},{"not_picked":["Barrage+1","Axe Kick","Steam"],"picked":"SKIP","floor":35},{"not_picked":["Barrage","Darkness"],"picked":"Ball Lightning+1","floor":36},{"not_picked":["Ball Lightning","Stack+1","Steam+1"],"picked":"SKIP","floor":38},{"not_picked":["Go for the Eyes+1","Rip and Tear+1"],"picked":"Static Discharge+1","floor":41},{"not_picked":["Gash","Skim"],"picked":"BootSequence","floor":44}],"player_experience":58325,"potions_floor_usage":[8,8,29,30,33,33,39],"damage_taken":[{"damage":3,"enemies":"Small Slimes","floor":1,"turns":3},{"damage":0,"enemies":"2 Louse","floor":4,"turns":3},{"damage":9,"enemies":"3 Sentries","floor":6,"turns":7},{"damage":6,"enemies":"Lagavulin","floor":8,"turns":4},{"damage":10,"enemies":"Gremlin Nob","floor":10,"turns":3},{"damage":0,"enemies":"Cultist","floor":11,"turns":2},{"damage":1,"enemies":"Looter","floor":13,"turns":3},{"damage":9,"enemies":"The Guardian","floor":16,"turns":10},{"damage":9,"enemies":"Spheric Guardian","floor":18,"turns":3},{"damage":25,"enemies":"Slavers","floor":23,"turns":4},{"damage":0,"enemies":"2 Thieves","floor":24,"turns":3},{"damage":0,"enemies":"Snake Plant","floor":28,"turns":3},{"damage":0,"enemies":"Book of Stabbing","floor":29,"turns":5},{"damage":15,"enemies":"Chosen and Byrds","floor":30,"turns":4},{"damage":6,"enemies":"Snecko","floor":31,"turns":4},{"damage":1,"enemies":"Collector","floor":33,"turns":7},{"damage":5,"enemies":"Flame Bruiser 1 Orb","floor":35,"turns":4},{"damage":2,"enemies":"Orb Walker","floor":36,"turns":4},{"damage":3,"enemies":"4 Shapes","floor":38,"turns":6},{"damage":25,"enemies":"Mysterious Sphere","floor":39,"turns":4},{"damage":5,"enemies":"Giant Head","floor":41,"turns":7},{"damage":27,"enemies":"Maw","floor":44,"turns":5},{"damage":34,"enemies":"Nemesis","floor":45,"turns":4}],"event_choices":[{"event_name":"Scrap Ooze","player_choice":"success","floor":3,"damage_taken":7},{"event_name":"Living Wall","player_choice":"Grow","floor":5,"damage_taken":0},{"event_name":"Dead Adventurer","player_choice":"Searched \u00272\u0027 times","floor":10,"damage_taken":0},{"event_name":"Golden Idol","player_choice":"Ignored","floor":14,"damage_taken":0},{"event_name":"Forgotten Altar","player_choice":"Shed Blood","floor":19,"damage_taken":0},{"event_name":"The Library","player_choice":"Heal","floor":20,"damage_taken":0},{"event_name":"Back to Basics","player_choice":"Simplicity","floor":21,"damage_taken":0},{"event_name":"Winding Halls","player_choice":"Embrace Madness","floor":37,"damage_taken":0},{"event_name":"Mysterious Sphere","player_choice":"Fight","floor":39,"damage_taken":0}],"boss_relics":[{"not_picked":["Runic Dome","Philosopher\u0027s Stone"],"picked":"Velvet Choker"},{"not_picked":["Orrery","White Beast Statue"],"picked":"Black Star"}],"potions_floor_spawned":[1,4,10,16,28,30,31,38],"seed_played":"-5936877194201331690","killed_by":"Nemesis","ascension_level":2,"is_trial":false}