{"gold_per_floor":[359,359,374,391,391,391,420,420,445,29,29,29,29,53,53,159,159,185,101,101,130,16,16,50,50,76,76,88],"floor_reached":28,"playtime":913,"items_purged":[],"score":398,"play_id":"6a65cb2d-1bbc-4f85-8759-8eae6877610d","local_time":"20190329150950","is_ascension_mode":true,"campfire_choices":[{"data":"BasicCrystalCard","floor":6,"key":"SMITH"},{"data":"Time Bomb","floor":8,"key":"SMITH"},{"floor":12,"key":"REST"},{"data":"Zap","floor":15,"key":"SMITH"},{"floor":23,"key":"REST"},{"floor":27,"key":"REST"}],"neow_cost":"BASIC_CARDS","seed_source_timestamp":755513254873035,"circlet_count":0,"master_deck":["AscendersBane","Strike_B","Strike_B","Strike_B","Strike_B","Defend_B","Defend_B","Defend_B","Defend_B","Zap+1","Dualcast","Defend_B","Strike_G","BasicCrystalCard+1","Ball Lightning","Zap","Electrodynamics","Time Bomb+1","Rebound","Undo","FIFO Queue+1","Core Surge","Core Surge","Rebound","Crystallizer","Redo","Consume+1"],"special_seed":0,"relics":["Cracked Core","Golden Idol","Odd Mushroom","Bandana","Iron Hammer","Busted Crown","MutagenicStrength","Replay:Mystery Machine"],"potions_floor_usage":[7,14,16,18,21,24,24],"damage_taken":[{"damage":3.0,"enemies":"2 Louse","floor":1.0,"turns":2.0},{"damage":2,"enemies":"Cultist","floor":3,"turns":4},{"damage":9,"enemies":"Jaw Worm","floor":4,"turns":4},{"damage":1,"enemies":"The Mushroom Lair","floor":7,"turns":3},{"damage":0,"enemies":"Blue Slaver","floor":14,"turns":3},{"damage":24,"enemies":"Fading Forest","floor":16,"turns":13},{"damage":14,"enemies":"2 Thieves","floor":18,"turns":2},{"damage":35,"enemies":"3 Byrds","floor":21,"turns":4},{"damage":15,"enemies":"Cultist and Chosen","floor":24,"turns":5},{"damage":36,"enemies":"3 Cultists","floor":28,"turns":3}],"seed_played":"-7307644901920726512","potions_obtained":[{"floor":3,"key":"PowerPotion"},{"floor":14,"key":"Elixir"},{"floor":16,"key":"Adrenaline Potion"},{"floor":18,"key":"Fire Potion"},{"floor":21,"key":"Block Potion"}],"is_trial":false,"path_per_floor":["M","?","M","M","?","R","?","R","T","$","?","R","$","M","R","B",null,"M","$","?","M","$","R","M","?","T","R","M"],"character_chosen":"DEFECT","items_purchased":["Iron Hammer","FIFO Queue","PowerPotion","Crystallizer","Redo","AttackPotion"],"campfire_rested":3,"item_purchase_floors":[10,10,10,19,22,22],"current_hp_per_floor":[61,61,59,50,50,50,49,49,49,49,49,64,64,64,64,56,62,48,48,48,13,13,32,17,17,17,36,0],"gold":88,"neow_bonus":"TWO_FIFTY_GOLD","is_prod":false,"is_daily":false,"chose_seed":false,"campfire_upgraded":3,"win_rate":0,"timestamp":1553890190,"path_taken":["M","?","M","?","?","R","?","R","T","$","?","R","?","M","R","BOSS","M","$","?","M","$","R","M","?","T","R","M"],"build_version":"2019-01-23","purchased_purges":0,"victory":false,"max_hp_per_floor":[71,71,71,71,64,64,64,64,64,64,64,64,64,64,64,64,64,64,64,64,64,64,64,64,64,64,64,64],"card_choices":[{"not_picked":["Go for the Eyes","Redo"],"picked":"BasicCrystalCard","floor":1.0},{"not_picked":["Gash","Go for the Eyes"],"picked":"Time Bomb","floor":3},{"not_picked":["Tempest","Barrage"],"picked":"Rebound","floor":4},{"not_picked":["Doom and Gloom","ReplayTheSpireMod:System Scan"],"picked":"Undo","floor":7},{"not_picked":["Redo","Beam Cell"],"picked":"Core Surge","floor":14},{"not_picked":["Hyperbeam","ReplayRNGCard"],"picked":"Core Surge","floor":16},{"not_picked":[],"picked":"Rebound","floor":18},{"not_picked":["Beam Cell+1"],"picked":"SKIP","floor":21},{"not_picked":[],"picked":"Consume","floor":24}],"player_experience":867741,"relics_obtained":[{"floor":7,"key":"Odd Mushroom"},{"floor":9,"key":"Bandana"},{"floor":26,"key":"Replay:Mystery Machine"}],"event_choices":[{"damage_healed":0,"gold_gain":0,"player_choice":"3 cards matched","damage_taken":0,"max_hp_gain":0,"max_hp_loss":0,"event_name":"Match and Keep!","floor":2,"gold_loss":0,"cards_obtained":["Ball Lightning","Zap","Electrodynamics"]},{"damage_healed":0,"gold_gain":0,"player_choice":"Lose Max HP","damage_taken":0,"relics_obtained":["Golden Idol"],"max_hp_gain":0,"max_hp_loss":7,"event_name":"Golden Idol","floor":5,"gold_loss":0},{"damage_healed":0,"gold_gain":0,"player_choice":"Fought Mushrooms","damage_taken":0,"max_hp_gain":0,"max_hp_loss":0,"event_name":"Mushrooms","floor":7,"gold_loss":0},{"damage_healed":0,"gold_gain":0,"player_choice":"Grow","damage_taken":0,"max_hp_gain":0,"max_hp_loss":0,"event_name":"Living Wall","floor":11,"gold_loss":0,"cards_upgraded":["FIFO Queue"]},{"damage_healed":0,"gold_gain":0,"player_choice":"Inject Mutagens","damage_taken":0,"relics_obtained":["MutagenicStrength"],"max_hp_gain":0,"max_hp_loss":0,"event_name":"Drug Dealer","floor":20,"gold_loss":0},{"damage_healed":0,"gold_gain":0,"player_choice":"Upgraded","damage_taken":0,"max_hp_gain":0,"max_hp_loss":0,"event_name":"Upgrade Shrine","floor":25,"gold_loss":0,"cards_upgraded":["Consume"]}],"is_beta":false,"boss_relics":[{"not_picked":["ChewingGum","Velvet Choker"],"picked":"Busted Crown"}],"items_purged_floors":[],"is_endless":false,"potions_floor_spawned":[3,14,16,18,21],"killed_by":"3 Cultists","ascension_level":19}