{"gold_per_floor":[119,194,194,194,207,237,237,237,264,278,111,111,141,158,158,232,232,244,24,24,124,142,142,159,185,185,235,247,37,37,72,72,151,151,161,161,176,101,111,111,140,140,140,59,59,73,73,90,90,90],"floor_reached":51,"playtime":2578,"items_purged":["Writhe"],"score":1350,"play_id":"af8ba896-bf6a-42f4-8caf-5e9fc85bf8c4","local_time":"20190322074351","is_ascension_mode":true,"campfire_choices":[{"floor":7.0,"key":"REST"},{"data":"Defragment","floor":12.0,"key":"SMITH"},{"floor":15.0,"key":"REST"},{"floor":23.0,"key":"REST"},{"floor":30.0,"key":"REST"},{"floor":32.0,"key":"REST"},{"floor":40.0,"key":"REST"},{"floor":47.0,"key":"REST"},{"floor":49.0,"key":"REST"}],"neow_cost":"NONE","seed_source_timestamp":89783457309640,"circlet_count":0,"master_deck":["AscendersBane","Defend_B","Defend_B","Defend_B","Defend_B+1","Zap","Compile Driver","Redo","Ball Lightning","Coolheaded+1","Defragment+1","FTL","Chill","BootSequence","Buffer","Tempest+1","Coolheaded+1","Self Repair+1","Cold Snap","Doom and Gloom","Hyperbeam","FTL","Barrage+1","Aggregate","Creative AI","Capacitor","Amplify","Seek","Creative AI","Aggregate+1","Defragment","Defragment","Fission","Leap+1","Cold Snap+1"],"special_seed":0,"relics":["Nuclear Battery","Regal Pillow","Vajra","Centennial Puzzle","Astrolabe","War Paint","Turnip","Letter Opener","DataDisk","Darkstone Periapt","Happy Flower","Calling Bell","Omamori","Matryoshka","Emotion Chip","Juzu Bracelet","Dream Catcher","PreservedInsect"],"potions_floor_usage":[50,50],"damage_taken":[{"damage":13.0,"enemies":"Small Slimes","floor":1.0,"turns":4.0},{"damage":4.0,"enemies":"2 Louse","floor":5.0,"turns":3.0},{"damage":39.0,"enemies":"Gremlin Nob","floor":6.0,"turns":4.0},{"damage":7.0,"enemies":"Jaw Worm","floor":10.0,"turns":2.0},{"damage":19.0,"enemies":"3 Sentries","floor":13.0,"turns":6.0},{"damage":3.0,"enemies":"2 Fungi Beasts","floor":14.0,"turns":3.0},{"damage":44.0,"enemies":"Hexaghost","floor":16.0,"turns":10.0},{"damage":0.0,"enemies":"Chosen","floor":18.0,"turns":3.0},{"damage":5.0,"enemies":"Colosseum Slavers","floor":21.0,"turns":2.0},{"damage":32.0,"enemies":"Colosseum Nobs","floor":21.0,"turns":4.0},{"damage":0.0,"enemies":"3 Byrds","floor":22.0,"turns":3.0},{"damage":25.0,"enemies":"Snake Plant","floor":24.0,"turns":3.0},{"damage":38.0,"enemies":"Gremlin Leader","floor":25.0,"turns":7.0},{"damage":12.0,"enemies":"Cultist and Chosen","floor":28.0,"turns":8.0},{"damage":37.0,"enemies":"Slavers","floor":31.0,"turns":3.0},{"damage":29.0,"enemies":"Collector","floor":33.0,"turns":9.0},{"damage":6.0,"enemies":"Orb Walker","floor":35.0,"turns":6.0},{"damage":7.0,"enemies":"3 Shapes","floor":37.0,"turns":4.0},{"damage":42.0,"enemies":"Spire Growth","floor":39.0,"turns":5.0},{"damage":58.0,"enemies":"Nemesis","floor":41.0,"turns":5.0},{"damage":26.0,"enemies":"3 Darklings","floor":46.0,"turns":3.0},{"damage":17.0,"enemies":"Writhing Mass","floor":48.0,"turns":4.0},{"damage":66,"enemies":"Donu and Deca","floor":50,"turns":9}],"seed_played":"-2123868316356733816","potions_obtained":[{"floor":5.0,"key":"AttackPotion"},{"floor":6.0,"key":"FearPotion"},{"floor":22.0,"key":"Ancient Potion"},{"floor":25.0,"key":"PowerPotion"},{"floor":31.0,"key":"Weak Potion"},{"floor":33.0,"key":"PowerPotion"},{"floor":36.0,"key":"SkillPotion"},{"floor":41.0,"key":"Block Potion"},{"floor":46.0,"key":"Regen Potion"},{"floor":48.0,"key":"Dexterity Potion"}],"is_trial":false,"path_per_floor":["M","?","?","?","M","E","R","?","T","M","$","R","E","M","R","B",null,"M","$","?","?","M","R","M","E","T","?","M","$","R","E","R","B",null,"M","?","M","$","M","R","E","?","T","$","?","M","R","M","R","B",null],"character_chosen":"DEFECT","items_purchased":["Defragment","FTL","War Paint","Fire Potion","Amplify","AttackPotion","Defragment"],"campfire_rested":8,"item_purchase_floors":[11,11,19,19,29,29,44],"current_hp_per_floor":[51,40,63,63,59,20,56,56,56,49,49,49,30,27,63,19,58,58,58,58,31,41,71,56,28,28,28,26,26,62,25,61,42,82,86,86,79,79,47,88,30,30,30,30,30,4,44,59,85,19],"gold":90,"neow_bonus":"BOSS_RELIC","is_prod":false,"is_daily":false,"chose_seed":false,"campfire_upgraded":1,"win_rate":0,"timestamp":1553258631,"path_taken":["M","?","?","?","M","E","R","?","T","M","$","R","E","M","R","BOSS","M","$","?","?","M","R","M","E","T","?","M","$","R","E","R","BOSS","M","?","?","$","M","R","E","?","T","?","?","M","R","M","R","BOSS"],"build_version":"2019-01-23","purchased_purges":1,"victory":true,"max_hp_per_floor":[71,71,71,71,71,71,71,71,71,71,71,71,71,71,71,71,71,71,71,71,71,71,71,71,71,71,71,71,71,71,71,71,71,89,89,89,89,89,89,89,89,89,89,89,85,85,85,85,85,85],"card_choices":[{"not_picked":["Conserve Battery","Loop"],"picked":"Compile Driver","floor":1.0},{"not_picked":["Recycle","Sunder"],"picked":"Redo","floor":5.0},{"not_picked":["Beam Cell","Gash"],"picked":"Ball Lightning","floor":6.0},{"not_picked":["Steam","Double Energy"],"picked":"Coolheaded","floor":10.0},{"not_picked":["Cold Snap","Fission"],"picked":"Chill","floor":13.0},{"not_picked":["Steam Power","Steam"],"picked":"BootSequence","floor":14.0},{"not_picked":["Rainbow","Thunder Strike"],"picked":"Buffer","floor":16.0},{"not_picked":["Static Discharge","Go for the Eyes"],"picked":"Cold Snap","floor":18.0},{"not_picked":["Cold Snap","Leap"],"picked":"FTL","floor":21.0},{"not_picked":["Sweeping Beam","Melter"],"picked":"Barrage+1","floor":22.0},{"not_picked":["Coolheaded","Stack"],"picked":"Aggregate","floor":24.0},{"not_picked":["Darkness","Scrape"],"picked":"Creative AI","floor":25.0},{"not_picked":["Coolheaded","Hello World"],"picked":"Capacitor","floor":28.0},{"not_picked":["Compile Driver","Redo"],"picked":"Seek","floor":31.0},{"not_picked":["All For One","Biased Cognition"],"picked":"Creative AI","floor":33.0},{"not_picked":["Streamline","Steam","Coolheaded"],"picked":"SKIP","floor":35.0},{"not_picked":["Cold Snap","Storm"],"picked":"Aggregate+1","floor":37.0},{"not_picked":["Stack","Reinforced Body+1","Cold Snap+1"],"picked":"SKIP","floor":39.0},{"not_picked":["Turbo+1","Streamline"],"picked":"Defragment","floor":41.0},{"not_picked":["Defragment","Chaos"],"picked":"Fission","floor":46.0},{"not_picked":["Beam Cell","Cold Snap"],"picked":"Leap+1","floor":47.0},{"not_picked":["Ball Lightning","Conserve Battery+1","Hologram"],"picked":"SKIP","floor":48.0},{"not_picked":["Sweeping Beam+1","Steam"],"picked":"Cold Snap+1","floor":49.0}],"player_experience":812785,"relics_obtained":[{"floor":6.0,"key":"Regal Pillow"},{"floor":9.0,"key":"Vajra"},{"floor":13.0,"key":"Centennial Puzzle"},{"floor":21.0,"key":"Turnip"},{"floor":21.0,"key":"Letter Opener"},{"floor":25.0,"key":"DataDisk"},{"floor":26.0,"key":"Darkstone Periapt"},{"floor":31.0,"key":"Happy Flower"},{"floor":34.0,"key":"Omamori"},{"floor":34.0,"key":"Matryoshka"},{"floor":34.0,"key":"Emotion Chip"},{"floor":41.0,"key":"Juzu Bracelet"},{"floor":43.0,"key":"Dream Catcher"},{"floor":43.0,"key":"PreservedInsect"}],"event_choices":[{"damage_healed":0.0,"max_hp_gain":0.0,"max_hp_loss":0.0,"gold_gain":75.0,"event_name":"World of Goop","player_choice":"Gather Gold","floor":2.0,"gold_loss":0.0,"damage_taken":11.0},{"damage_healed":23.0,"max_hp_gain":0.0,"max_hp_loss":0.0,"gold_gain":0.0,"event_name":"Big Fish","player_choice":"Banana","floor":3.0,"gold_loss":0.0,"damage_taken":0.0},{"damage_healed":0.0,"max_hp_gain":0.0,"max_hp_loss":0.0,"gold_gain":0.0,"event_name":"Scrap Ooze","player_choice":"Fled","floor":4.0,"gold_loss":0.0,"damage_taken":0.0},{"damage_healed":0.0,"max_hp_gain":0.0,"max_hp_loss":0.0,"gold_gain":0.0,"event_name":"Dead Adventurer","player_choice":"Searched \u00270\u0027 times","floor":8.0,"gold_loss":0.0,"damage_taken":0.0},{"damage_healed":0.0,"max_hp_gain":0.0,"max_hp_loss":0.0,"gold_gain":0.0,"cards_transformed":["Strike_B","Dualcast"],"event_name":"Drug Dealer","player_choice":"Became Test Subject","floor":20.0,"gold_loss":0.0,"damage_taken":0.0,"cards_obtained":["Doom and Gloom","Hyperbeam"]},{"damage_healed":0.0,"max_hp_gain":0.0,"max_hp_loss":0.0,"gold_gain":0.0,"event_name":"Colosseum","player_choice":"Fight","floor":21.0,"gold_loss":0.0,"damage_taken":0.0},{"damage_healed":0.0,"max_hp_gain":0.0,"max_hp_loss":0.0,"gold_gain":0.0,"event_name":"Colosseum","player_choice":"Fought Nobs","floor":21.0,"gold_loss":0.0,"damage_taken":0.0},{"damage_healed":0.0,"max_hp_gain":0.0,"max_hp_loss":0.0,"gold_gain":50.0,"event_name":"Nest","player_choice":"Stole From Cult","floor":27.0,"gold_loss":0.0,"damage_taken":0.0},{"damage_healed":0.0,"max_hp_gain":0.0,"max_hp_loss":0.0,"gold_gain":0.0,"event_name":"Lab","player_choice":"Got Potions","floor":36.0,"gold_loss":0.0,"damage_taken":0.0},{"cards_removed":["Clumsy","Doubt"],"damage_healed":0.0,"max_hp_gain":0.0,"max_hp_loss":0.0,"gold_gain":0.0,"event_name":"Fountain of Cleansing","player_choice":"Removed Curses","floor":42.0,"gold_loss":0.0,"damage_taken":0.0},{"damage_healed":0.0,"max_hp_gain":0.0,"max_hp_loss":4.0,"gold_gain":0.0,"event_name":"Winding Halls","player_choice":"Max HP","floor":45.0,"gold_loss":0.0,"damage_taken":0.0}],"is_beta":false,"boss_relics":[{"not_picked":["Empty Cage","White Beast Statue"],"picked":"Astrolabe"},{"not_picked":["Fusion Hammer","Coffee Dripper"],"picked":"Calling Bell"}],"items_purged_floors":[38],"is_endless":false,"potions_floor_spawned":[5,6,21,22,25,31,33,41,46,48],"ascension_level":18}