{"gold_per_floor":[110,123,143,158,233,259,288,300,312,324,369,68,78,91,91,188,188,198,184,184,184,200,200,225,244,267,21,21,34,34,48,48,48],"floor_reached":33,"playtime":1941,"items_purged":["Strike_G","Strike_G"],"score":281,"play_id":"ee896cff-b732-4107-801c-1cfb4eefd4bb","local_time":"20190406010934","is_ascension_mode":false,"campfire_choices":[{"floor":10.0,"key":"REST"},{"floor":15.0,"key":"REST"},{"data":"Noxious Fumes","floor":23.0,"key":"SMITH"},{"data":"Footwork","floor":28.0,"key":"SMITH"},{"floor":32,"key":"REST"}],"neow_cost":"NONE","seed_source_timestamp":0,"circlet_count":0,"master_deck":["Defend_G","Defend_G","Defend_G","Defend_G","Defend_G","Strike_G","Strike_G","Strike_G","Survivor","Neutralize","Footwork+1","Caltrops","Backflip","Deadly Poison","Dash","Leg Sweep","Noxious Fumes+1","Dagger Spray","Leg Sweep","Malaise","RitualDagger","Dodge and Roll","Well Laid Plans","Backstab","Terror+1","Decay","PiercingWail+1"],"special_seed":0,"relics":["Ring of the Snake","Orichalcum","MawBank","Anchor","Art of War","Bag of Marbles","Sozu","Blue Candle"],"potions_floor_usage":[33,33],"damage_taken":[{"damage":1.0,"enemies":"Small Slimes","floor":1.0,"turns":4.0},{"damage":0.0,"enemies":"Cultist","floor":2.0,"turns":4.0},{"damage":12.0,"enemies":"2 Louse","floor":3.0,"turns":3.0},{"damage":0.0,"enemies":"2 Fungi Beasts","floor":4.0,"turns":5.0},{"damage":15.0,"enemies":"3 Sentries","floor":6.0,"turns":11.0},{"damage":0.0,"enemies":"Large Slime","floor":7.0,"turns":8.0},{"damage":2.0,"enemies":"Lagavulin","floor":11.0,"turns":10.0},{"damage":2.0,"enemies":"Lots of Slimes","floor":13.0,"turns":4.0},{"damage":1.0,"enemies":"3 Louse","floor":14.0,"turns":3.0},{"damage":19.0,"enemies":"The Guardian","floor":16.0,"turns":12.0},{"damage":1.0,"enemies":"Shell Parasite","floor":18.0,"turns":6.0},{"damage":10.0,"enemies":"2 Thieves","floor":19.0,"turns":4.0},{"damage":4.0,"enemies":"Snake Plant","floor":22.0,"turns":6.0},{"damage":21.0,"enemies":"Gremlin Leader","floor":24.0,"turns":8.0},{"damage":3.0,"enemies":"Sentry and Sphere","floor":25.0,"turns":5.0},{"damage":0,"enemies":"Chosen and Byrds","floor":29,"turns":10},{"damage":0,"enemies":"Shelled Parasite and Fungi","floor":31,"turns":7},{"damage":47,"enemies":"Automaton","floor":33,"turns":12}],"seed_played":"-4821005962572558521","potions_obtained":[{"floor":2.0,"key":"EssenceOfSteel"},{"floor":3.0,"key":"Fire Potion"},{"floor":6.0,"key":"SteroidPotion"},{"floor":13.0,"key":"FearPotion"},{"floor":16.0,"key":"Ancient Potion"}],"is_trial":false,"path_per_floor":["M","M","M","M","?","E","M","?","T","R","E","$","M","M","R","B",null,"M","M","?","?","M","R","E","M","T","$","R","M","?","M","R","B"],"character_chosen":"THE_SILENT","items_purchased":["Bag of Marbles","Noxious Fumes","Well Laid Plans","Backstab"],"campfire_rested":3,"item_purchase_floors":[12,12,27,27],"current_hp_per_floor":[69,69,57,57,46,31,31,31,31,52,50,50,48,47,68,49,70,69,59,59,53,49,49,28,25,25,25,25,25,25,25,46,0],"gold":48,"neow_bonus":"RANDOM_COMMON_RELIC","is_prod":false,"is_daily":false,"chose_seed":false,"campfire_upgraded":2,"win_rate":0,"timestamp":1554534574,"path_taken":["M","M","M","M","?","E","M","?","T","R","E","$","M","?","R","BOSS","M","M","?","?","M","R","E","M","T","$","R","M","?","M","R","BOSS"],"build_version":"2019-01-23","purchased_purges":2,"victory":false,"max_hp_per_floor":[70,70,70,70,70,70,70,70,70,70,70,70,70,70,70,70,70,70,70,70,70,70,70,70,70,70,70,70,70,70,70,70,70],"card_choices":[{"not_picked":["Deadly Poison","Dagger Spray"],"picked":"Footwork","floor":1.0},{"not_picked":["Underhanded Strike","Bane"],"picked":"Caltrops","floor":2.0},{"not_picked":["Finisher","Bullet Time"],"picked":"Backflip","floor":3.0},{"not_picked":["Footwork","Prepared"],"picked":"Deadly Poison","floor":4.0},{"not_picked":["Dagger Spray","Acrobatics"],"picked":"Dash","floor":6.0},{"not_picked":["Eviscerate","PiercingWail"],"picked":"Leg Sweep","floor":7.0},{"not_picked":["Prepared","Storm of Steel","Blade Dance"],"picked":"SKIP","floor":11.0},{"not_picked":["Bane","Blade Dance"],"picked":"Dagger Spray","floor":13.0},{"not_picked":["Quick Slash","Tactician"],"picked":"Leg Sweep","floor":14.0},{"not_picked":["Night Terror","Corpse Explosion"],"picked":"Malaise","floor":16.0},{"not_picked":["Slice","Blade Dance","Dagger Spray"],"picked":"SKIP","floor":18.0},{"not_picked":["Underhanded Strike","Prepared","Acrobatics"],"picked":"SKIP","floor":19.0},{"not_picked":["Setup","Flechettes","Flying Knee"],"picked":"SKIP","floor":22.0},{"not_picked":["Eviscerate+1","Bouncing Flask"],"picked":"Dodge and Roll","floor":24.0},{"not_picked":["Blade Dance","Leg Sweep","Bouncing Flask"],"picked":"SKIP","floor":25.0},{"not_picked":["Quick Slash","Finisher"],"picked":"Terror+1","floor":29},{"not_picked":["Dagger Throw","Quick Slash"],"picked":"PiercingWail+1","floor":31}],"player_experience":180371,"relics_obtained":[{"floor":6.0,"key":"MawBank"},{"floor":9.0,"key":"Anchor"},{"floor":11.0,"key":"Art of War"},{"floor":24.0,"key":"Blue Candle"}],"event_choices":[{"damage_healed":0.0,"max_hp_gain":0.0,"max_hp_loss":0.0,"gold_gain":75.0,"event_name":"World of Goop","player_choice":"Gather Gold","floor":5.0,"gold_loss":0.0,"damage_taken":11.0},{"damage_healed":0.0,"max_hp_gain":0.0,"max_hp_loss":0.0,"gold_gain":0.0,"event_name":"NoteForYourself","player_choice":"Ignored","floor":8.0,"gold_loss":0.0,"damage_taken":0.0},{"damage_healed":0.0,"max_hp_gain":0.0,"max_hp_loss":0.0,"gold_gain":0.0,"event_name":"Ghosts","player_choice":"Ignored","floor":20.0,"gold_loss":0.0,"damage_taken":0.0},{"damage_healed":0.0,"max_hp_gain":0.0,"max_hp_loss":0.0,"gold_gain":0.0,"event_name":"Nest","player_choice":"Joined the Cult","floor":21.0,"gold_loss":0.0,"damage_taken":6.0,"cards_obtained":["RitualDagger"]},{"damage_healed":0,"gold_gain":0,"player_choice":"Smashed Altar","damage_taken":0,"max_hp_gain":0,"max_hp_loss":0,"event_name":"Forgotten Altar","floor":30,"gold_loss":0,"cards_obtained":["Decay"]}],"is_beta":false,"boss_relics":[{"not_picked":["Coffee Dripper","Tiny House"],"picked":"Sozu"}],"items_purged_floors":[12,27],"is_endless":false,"potions_floor_spawned":[2,3,6,13,16,25,29],"killed_by":"Automaton","ascension_level":0}