{"gold_per_floor":[116,131,131,131,56,56,70,70,70,132,147,147,147,222,222,222],"floor_reached":16,"playtime":380,"items_purged":["Defend_R"],"score":88,"play_id":"be915b86-2a4f-4d3c-be08-b4dc06586a33","local_time":"20181015031813","daily_mods":["Vintage","Heirloom","Time Dilation","Flight"],"is_ascension_mode":false,"campfire_choices":[{"floor":6,"key":"REST"},{"data":"Bash","floor":8,"key":"SMITH"},{"floor":15,"key":"REST"}],"neow_cost":"","seed_source_timestamp":213688534230080,"circlet_count":0,"master_deck":["Strike_R","Strike_R","Strike_R","Strike_R","Strike_R","Defend_R","Bash+1","Regret"],"relics":["Unceasing Top","Ginger","Lantern","Red Skull","Regal Pillow","Mummified Hand","Mercury Hourglass","Juzu Bracelet","Ancient Tea Set"],"potions_floor_usage":[10,11],"damage_taken":[{"damage":6,"enemies":"Cultist","floor":1,"turns":4},{"damage":6,"enemies":"2 Louse","floor":2,"turns":3},{"damage":8,"enemies":"Small Slimes","floor":7,"turns":2},{"damage":36,"enemies":"Lagavulin Event","floor":10,"turns":4},{"damage":4,"enemies":"2 Fungi Beasts","floor":11,"turns":2},{"damage":39,"enemies":"The Guardian","floor":16,"turns":5}],"seed_played":"4370231479917255029","potions_obtained":[{"floor":7,"key":"Poison Potion"},{"floor":10,"key":"BloodPotion"}],"is_trial":true,"path_per_floor":["M","M","?","?","$","R","M","R","T","?","M","?","?","?","R"],"character_chosen":"IRONCLAD","items_purchased":[],"campfire_rested":2,"item_purchase_floors":[],"current_hp_per_floor":[74,68,68,61,61,80,72,72,72,36,40,40,40,29,68,29],"gold":222,"neow_bonus":"","is_prod":false,"is_daily":false,"chose_seed":false,"campfire_upgraded":1,"win_rate":0,"timestamp":1539591493,"path_taken":["M","M","?","?","$","R","M","R","T","?","?","?","?","?","R","BOSS"],"build_version":"2018-10-11","purchased_purges":1,"victory":false,"max_hp_per_floor":[80,80,80,80,80,80,80,80,80,80,80,80,80,80,80,80],"card_choices":[],"player_experience":69737,"relics_obtained":[{"floor":1,"key":"Lantern"},{"floor":2,"key":"Red Skull"},{"floor":7,"key":"Regal Pillow"},{"floor":9,"key":"Mummified Hand"},{"floor":11,"key":"Juzu Bracelet"}],"event_choices":[{"event_name":"Bonfire Elementals","player_choice":"BASIC","floor":3,"damage_taken":0},{"event_name":"Golden Wing","player_choice":"Card Removal","floor":4,"damage_taken":0},{"event_name":"Dead Adventurer","player_choice":"Searched \u00272\u0027 times","floor":10,"damage_taken":0},{"event_name":"Big Fish","player_choice":"Box","floor":12,"damage_taken":0},{"event_name":"Shining Light","player_choice":"Ignored","floor":13,"damage_taken":0},{"event_name":"World of Goop","player_choice":"Gather Gold","floor":14,"damage_taken":0}],"is_beta":false,"boss_relics":[],"items_purged_floors":[5],"is_endless":false,"potions_floor_spawned":[7,10],"killed_by":"The Guardian","ascension_level":0}