{"gold_per_floor":[119,194,194,50,65,65,100,110,110,122,152,152],"floor_reached":12,"playtime":349,"items_purged":[],"score":130,"play_id":"7c3d3f86-8168-45a3-90f4-c5e63b97bdff","local_time":"20190129022722","is_ascension_mode":true,"campfire_choices":[{"data":"Crippling Poison","floor":6,"key":"SMITH"}],"neow_cost":"NONE","seed_source_timestamp":209219799831360,"circlet_count":0,"master_deck":["Defend_G","Defend_G","Defend_G","Defend_G","Defend_G","Strike_G","Strike_G","Strike_G","Strike_G","Strike_G","Survivor","Neutralize","Crippling Poison+1","Predator","Crippling Poison","Poisoned Stab","Blade Dance","Quick Slash"],"relics":["Ring of the Snake","NeowsBlessing","Lantern","StoneCalendar","Calipers","Blue Candle"],"potions_floor_usage":[11],"damage_taken":[{"damage":0,"enemies":"Jaw Worm","floor":1,"turns":1},{"damage":0,"enemies":"Cultist","floor":5,"turns":1},{"damage":0,"enemies":"Lagavulin","floor":7,"turns":1},{"damage":5,"enemies":"2 Louse","floor":8,"turns":3},{"damage":9,"enemies":"Exordium Wildlife","floor":10,"turns":3},{"damage":11,"enemies":"3 Sentries","floor":11,"turns":6},{"damage":20,"enemies":"Large Slime","floor":12,"turns":4}],"seed_played":"4256415250579425861","potions_obtained":[{"floor":3,"key":"SmokeBomb"},{"floor":3,"key":"PowerPotion"},{"floor":3,"key":"Energy Potion"}],"is_trial":false,"path_per_floor":["M","?","?","$","M","R","E","M","T","M","E","M"],"character_chosen":"THE_SILENT","items_purchased":["Lantern"],"campfire_rested":0,"item_purchase_floors":[4],"current_hp_per_floor":[70,59,59,59,59,59,59,54,54,45,34,14],"gold":152,"neow_bonus":"THREE_ENEMY_KILL","is_prod":false,"is_daily":false,"chose_seed":false,"campfire_upgraded":1,"win_rate":0,"timestamp":1548750442,"path_taken":["M","?","?","$","M","R","E","M","T","M","E","M"],"build_version":"2019-01-23","purchased_purges":0,"victory":false,"max_hp_per_floor":[70,70,70,70,70,70,70,70,70,70,70,70],"card_choices":[{"not_picked":["Dagger Spray","Cloak And Dagger"],"picked":"Crippling Poison","floor":1},{"not_picked":["Endless Agony","Skewer"],"picked":"Predator","floor":5},{"not_picked":["Blade Dance","Outmaneuver"],"picked":"Crippling Poison","floor":7},{"not_picked":["PiercingWail","Outmaneuver"],"picked":"Poisoned Stab","floor":8},{"not_picked":["Quick Slash","Backstab"],"picked":"Blade Dance","floor":10},{"not_picked":["Outmaneuver","Cloak And Dagger"],"picked":"Quick Slash","floor":11}],"player_experience":369712,"relics_obtained":[{"floor":7,"key":"StoneCalendar"},{"floor":9,"key":"Calipers"},{"floor":11,"key":"Blue Candle"}],"event_choices":[{"damage_healed":0,"gold_gain":75,"player_choice":"Gather Gold","damage_taken":11,"max_hp_gain":0,"max_hp_loss":0,"event_name":"World of Goop","floor":2,"gold_loss":0},{"damage_healed":0,"gold_gain":0,"player_choice":"Got Potions","damage_taken":0,"max_hp_gain":0,"max_hp_loss":0,"event_name":"Lab","floor":3,"gold_loss":0}],"is_beta":false,"boss_relics":[],"items_purged_floors":[],"is_endless":false,"potions_floor_spawned":[5,8,10],"killed_by":"Large Slime","ascension_level":3}