{"path_per_floor":["M","?","M","$","M","R","M","R","T","M","E","R","E","$","R","B",null,"M","M","?","?","?","R"],"character_chosen":"IRONCLAD","items_purchased":["Block Potion","Rampage"],"gold_per_floor":[115,115,135,87,100,100,114,114,114,130,161,161,190,37,37,137,137,147,164,164,164,164,164,164],"floor_reached":24,"campfire_rested":1,"playtime":1097,"current_hp_per_floor":[80,80,80,80,80,80,80,80,80,76,68,68,46,46,70,54,80,67,56,56,56,56,56,17],"items_purged":["Anger"],"gold":164,"score":204,"play_id":"4de7be71-048c-4e61-8a7f-ba9556dcc7ad","local_time":"20180329202224","is_prod":false,"is_daily":false,"is_ascension_mode":false,"campfire_upgraded":3,"timestamp":1522380144,"path_taken":["M","?","M","$","M","R","?","R","T","M","E","R","E","$","R","BOSS","M","M","?","?","?","R","E"],"build_version":"2018-03-29","purchased_purges":2,"victory":false,"master_deck":["Strike_R","Strike_R+1","Strike_R","Strike_R","Strike_R+1","Defend_R","Defend_R","Defend_R","Defend_R","Metallicize+1","Rampage","Barricade+1"],"max_hp_per_floor":[80,80,80,80,80,80,80,80,80,80,80,80,80,80,80,80,80,80,80,80,80,80,80,80],"relics":["Burning Blood","Girya","Whetstone","Velvet Choker","Nloth\u0027s Gift"],"card_choices":[{"not_picked":["Shrug It Off","Feel No Pain"],"picked":"Perfected Strike","floor":1},{"not_picked":["Wild Strike","Shrug It Off"],"picked":"Metallicize","floor":5},{"not_picked":["Limit Break","Battle Trance"],"picked":"Anger","floor":11},{"not_picked":["Dark Embrace","Fiend Fire","Brutality"],"picked":"Barricade","floor":16}],"player_experience":44727,"potions_floor_usage":[7,10,11,13,24,24],"damage_taken":[{"damage":0,"enemies":"2 Louse","floor":1,"turns":3},{"damage":0,"enemies":"Small Slimes","floor":3,"turns":3},{"damage":1,"enemies":"Cultist","floor":5,"turns":3},{"damage":4,"enemies":"Looter","floor":7,"turns":3},{"damage":10,"enemies":"Lots of Slimes","floor":10,"turns":5},{"damage":14,"enemies":"Gremlin Nob","floor":11,"turns":3},{"damage":28,"enemies":"Lagavulin","floor":13,"turns":5},{"damage":22,"enemies":"Slime Boss","floor":16,"turns":11},{"damage":19,"enemies":"Spheric Guardian","floor":18,"turns":5},{"damage":17,"enemies":"Chosen","floor":19,"turns":6},{"damage":39,"enemies":"Book of Stabbing","floor":24,"turns":5}],"event_choices":[{"event_name":"Shining Light","player_choice":"Ignored","floor":2,"damage_taken":0},{"event_name":"Purifier","player_choice":"One Purge","floor":20,"damage_taken":0},{"event_name":"The Lab","player_choice":"Got Potions","floor":21,"damage_taken":0},{"event_name":"N\u0027loth","player_choice":"Traded a Question Card","floor":22,"damage_taken":0}],"boss_relics":[{"not_picked":["Cursed Key","Runic Dome"],"picked":"Velvet Choker"}],"potions_floor_spawned":[5,7,10,13,19],"seed_played":"-614884805703475449","killed_by":"Book of Stabbing","ascension_level":0,"is_trial":false}