{"gold_per_floor":[112,23,41,41,41,59,75,75,75,75,86,97,97,116,116,211,211,231,231,194,194],"floor_reached":21,"playtime":1034,"items_purged":[],"score":197,"play_id":"e3bd7e58-2cb6-477f-b338-365dfbb8ec13","local_time":"20181103034051","is_ascension_mode":true,"campfire_choices":[{"floor":13,"key":"REST"},{"floor":15,"key":"REST"}],"neow_cost":"TEN_PERCENT_HP_LOSS","seed_source_timestamp":87432272194472,"circlet_count":0,"master_deck":["Defend_G","Defend_G","Defend_G","Defend_G+1","Defend_G","Strike_G","Strike_G","Strike_G+1","Strike_G","Survivor","Neutralize","Dagger Throw","Expertise","Acrobatics","Flying Knee","Outmaneuver+1","Poisoned Stab","Dodge and Roll+1","Cloak And Dagger+1","Well Laid Plans","A Thousand Cuts","Blade Dance+1","Poisoned Stab","Calculated Gamble+1"],"relics":["Ring of the Snake","Thread and Needle","Toxic Egg 2","Dodecahedron","Unceasing Top","HoveringKite"],"potions_floor_usage":[11,16,16],"damage_taken":[{"damage":1,"enemies":"2 Louse","floor":1,"turns":4},{"damage":0,"enemies":"Small Slimes","floor":3,"turns":3},{"damage":0,"enemies":"Cultist","floor":6,"turns":3},{"damage":1,"enemies":"Blue Slaver","floor":7,"turns":4},{"damage":8,"enemies":"Lots of Slimes","floor":11,"turns":3},{"damage":5,"enemies":"3 Louse","floor":12,"turns":5},{"damage":0,"enemies":"Exordium Thugs","floor":14,"turns":5},{"damage":44,"enemies":"The Guardian","floor":16,"turns":19},{"damage":6,"enemies":"Chosen","floor":18,"turns":5},{"damage":0,"enemies":"Shell Parasite","floor":21,"turns":1}],"seed_played":"7707032095561226853","potions_obtained":[{"floor":7,"key":"AttackPotion"},{"floor":11,"key":"Dexterity Potion"},{"floor":12,"key":"FearPotion"},{"floor":16,"key":"SpeedPotion"}],"is_trial":false,"path_per_floor":["M","$","M","?","?","M","M","?","T","T","M","M","R","M","R","B",null,"M","?","$","M"],"character_chosen":"THE_SILENT","items_purchased":["Expertise","Acrobatics","Calculated Gamble+1"],"campfire_rested":2,"item_purchase_floors":[2,2,20],"current_hp_per_floor":[62,62,62,49,24,24,23,23,23,23,15,10,28,28,46,2,63,57,57,57,57],"gold":194,"neow_bonus":"ONE_RARE_RELIC","is_prod":false,"is_daily":false,"chose_seed":false,"campfire_upgraded":0,"win_rate":0,"timestamp":1541234451,"path_taken":["M","$","M","?","?","M","M","?","T","?","?","M","R","M","R","BOSS","M","?","$","?"],"build_version":"2018-11-01","purchased_purges":0,"victory":false,"max_hp_per_floor":[63,63,63,63,63,63,63,63,63,63,63,63,63,63,63,63,63,63,63,63,63],"card_choices":[{"not_picked":["Flying Knee","PiercingWail"],"picked":"Dagger Throw","floor":1},{"not_picked":["Blur","Quick Slash"],"picked":"Flying Knee","floor":3},{"not_picked":["Quick Slash","Underhanded Strike"],"picked":"Outmaneuver+1","floor":6},{"not_picked":["All Out Attack","Cloak And Dagger+1"],"picked":"Poisoned Stab","floor":7},{"not_picked":["Dagger Spray","PiercingWail+1"],"picked":"Dodge and Roll+1","floor":11},{"not_picked":["Bane","Dagger Throw"],"picked":"Cloak And Dagger+1","floor":12},{"not_picked":["Night Terror+1","Underhanded Strike"],"picked":"Well Laid Plans","floor":14},{"not_picked":["Grand Finale","Envenom"],"picked":"A Thousand Cuts","floor":16},{"not_picked":["Dagger Spray+1","Cloak And Dagger+1"],"picked":"Blade Dance+1","floor":18}],"player_experience":263646,"relics_obtained":[{"floor":9,"key":"Dodecahedron"},{"floor":10,"key":"Unceasing Top"}],"event_choices":[{"damage_healed":0,"gold_gain":0,"player_choice":"Entered Light","damage_taken":13,"max_hp_gain":0,"max_hp_loss":0,"event_name":"Shining Light","floor":4,"gold_loss":0,"cards_upgraded":["Strike_G","Defend_G"]},{"damage_healed":0,"gold_gain":0,"player_choice":"Success","damage_taken":25,"relics_obtained":["Toxic Egg 2"],"max_hp_gain":0,"max_hp_loss":0,"event_name":"Scrap Ooze","floor":5,"gold_loss":0},{"damage_healed":0,"gold_gain":0,"player_choice":"Leave","damage_taken":0,"max_hp_gain":0,"max_hp_loss":0,"event_name":"The Cleric","floor":8,"gold_loss":0},{"damage_healed":0,"gold_gain":0,"cards_transformed":["Strike_G"],"player_choice":"Transformed","damage_taken":0,"max_hp_gain":0,"max_hp_loss":0,"event_name":"Transmorgrifier","floor":19,"gold_loss":0,"cards_obtained":["Poisoned Stab"]}],"is_beta":false,"boss_relics":[{"not_picked":["Lizard Tail","White Beast Statue"],"picked":"HoveringKite"}],"items_purged_floors":[],"is_endless":false,"potions_floor_spawned":[7,11,12,16],"killed_by":"Shell Parasite","ascension_level":3}