{"gold_per_floor":[111,111,111,111,191,191,256,269,269,283,315,315,328,338,338,435,435,445,455,555,555,555,586,586,598,598,598,608,619,534,553,553,649,649,659,678,688,688,688,688,688,688,713,728,728,758,758,773,773,773],"floor_reached":51,"playtime":1987,"items_purged":[],"score":840,"play_id":"6e9ed8ab-7d61-4a72-99b5-0223a6e54c98","local_time":"20180923013451","is_ascension_mode":true,"campfire_choices":[{"data":"Streamline","floor":6,"key":"SMITH"},{"floor":12,"key":"REST"},{"floor":15,"key":"REST"},{"floor":24,"key":"REST"},{"data":"Gash","floor":27,"key":"SMITH"},{"floor":32,"key":"REST"},{"floor":40,"key":"REST"},{"floor":42,"key":"REST"},{"data":"Gash","floor":45,"key":"SMITH"},{"data":"Gash","floor":47,"key":"SMITH"},{"data":"Gash","floor":49,"key":"SMITH"}],"neow_cost":"NONE","seed_source_timestamp":881582775882998,"circlet_count":0,"master_deck":["Strike_B","Strike_B","Defend_B+1","Defend_B+1","Defend_B","Zap","Dualcast","Streamline+1","Gash+1","Coolheaded+1","Compile Driver","Seek+1","Gash+1","Leap+1","All For One","Cold Snap","Redo+1","Compile Driver","Capacitor+1","Static Discharge","All For One","Gash+1","Beam Cell+1","Gash+1"],"relics":["Cracked Core","Toxic Egg 2","Gremlin Horn","Tiny Chest","Mercury Hourglass","Art of War","Nuclear Battery","Dead Branch","Letter Opener","Ornamental Fan","Pen Nib","Mango","Singing Bowl","Inserter","Blood Vial","Calipers","Boot","War Paint"],"potions_floor_usage":[20,23,31,33,50,50,50],"damage_taken":[{"damage":8,"enemies":"2 Louse","floor":1,"turns":2},{"damage":18,"enemies":"Gremlin Nob","floor":7,"turns":4},{"damage":0,"enemies":"Cultist","floor":8,"turns":2},{"damage":9,"enemies":"Jaw Worm","floor":10,"turns":2},{"damage":17,"enemies":"3 Sentries","floor":11,"turns":5},{"damage":7,"enemies":"Blue Slaver","floor":13,"turns":3},{"damage":0,"enemies":"3 Louse","floor":14,"turns":1},{"damage":20,"enemies":"The Guardian","floor":16,"turns":9},{"damage":3,"enemies":"Chosen","floor":18,"turns":3},{"damage":0,"enemies":"Spheric Guardian","floor":19,"turns":2},{"damage":8,"enemies":"Colosseum Slavers","floor":20,"turns":3},{"damage":21,"enemies":"Colosseum Nobs","floor":20,"turns":4},{"damage":17,"enemies":"Book of Stabbing","floor":23,"turns":4},{"damage":0,"enemies":"Snecko","floor":25,"turns":3},{"damage":4,"enemies":"Centurion and Healer","floor":28,"turns":7},{"damage":6,"enemies":"Snake Plant","floor":29,"turns":3},{"damage":0,"enemies":"3 Cultists","floor":31,"turns":2},{"damage":52,"enemies":"Collector","floor":33,"turns":7},{"damage":8,"enemies":"Orb Walker","floor":35,"turns":3},{"damage":6,"enemies":"3 Shapes","floor":36,"turns":3},{"damage":54,"enemies":"Maw","floor":37,"turns":7},{"damage":5,"enemies":"Mind Bloom Boss Battle","floor":41,"turns":4},{"damage":0,"enemies":"Reptomancer","floor":44,"turns":2},{"damage":7,"enemies":"2 Orb Walkers","floor":46,"turns":2},{"damage":0,"enemies":"Transient","floor":48,"turns":5},{"damage":52,"enemies":"Time Eater","floor":50,"turns":9}],"seed_played":"5477734774990305492","potions_obtained":[{"floor":7,"key":"Ancient Potion"},{"floor":8,"key":"SteroidPotion"},{"floor":13,"key":"Energy Potion"},{"floor":16,"key":"Regen Potion"},{"floor":23,"key":"PowerPotion"},{"floor":28,"key":"Explosive Potion"},{"floor":35,"key":"Explosive Potion"},{"floor":37,"key":"GamblersBrew"},{"floor":46,"key":"Energy Potion"}],"is_trial":false,"path_per_floor":["M","?","?","T","T","R","E","M","T","M","E","R","M","M","R","B",null,"M","M","?","T","?","E","R","M","T","R","M","M","?","M","R","B",null,"M","M","M","T","?","R","?","R","T","M","R","E","R","M","R","B"],"character_chosen":"DEFECT","items_purchased":[],"campfire_rested":6,"item_purchase_floors":[],"current_hp_per_floor":[67,60,65,65,65,65,47,47,47,38,21,45,38,38,62,42,80,77,77,60,60,45,28,53,53,67,67,63,57,57,59,89,37,101,95,91,37,37,37,68,67,99,99,101,101,98,98,100,100,50],"gold":773,"neow_bonus":"REMOVE_CARD","is_prod":false,"is_daily":false,"chose_seed":false,"campfire_upgraded":5,"win_rate":0,"timestamp":1537659291,"path_taken":["M","?","?","?","?","R","E","?","T","?","E","R","M","M","R","BOSS","M","M","?","?","?","E","R","M","T","R","M","?","?","?","R","BOSS","M","M","?","?","?","R","?","R","T","?","R","E","R","?","R","BOSS"],"build_version":"2018-09-20","purchased_purges":0,"victory":true,"max_hp_per_floor":[75,75,80,80,80,80,80,80,80,80,80,80,80,80,80,80,80,80,80,80,80,85,85,85,85,99,99,99,99,99,101,101,101,101,103,105,105,105,105,105,107,107,107,107,107,109,109,109,109,109],"card_choices":[{"not_picked":["Hologram","Lockon"],"picked":"Streamline","floor":1},{"not_picked":["BootSequence+1","Chill+1"],"picked":"Gash","floor":7},{"not_picked":["Steam Power+1","Streamline"],"picked":"Coolheaded+1","floor":8},{"not_picked":["Go for the Eyes","Reinforced Body+1"],"picked":"Compile Driver","floor":10},{"not_picked":["Streamline","Stack+1"],"picked":"Seek+1","floor":11},{"not_picked":["Hologram+1","Conserve Battery+1"],"picked":"Gash","floor":13},{"not_picked":["Steam+1","BootSequence+1"],"picked":"Leap+1","floor":14},{"not_picked":["Machine Learning","Amplify+1"],"picked":"All For One","floor":16},{"not_picked":["Ball Lightning","Stack+1"],"picked":"Cold Snap","floor":18},{"not_picked":["Turbo+1","Streamline"],"picked":"Redo+1","floor":19},{"not_picked":["Conserve Battery+1","Rebound+1"],"picked":"Compile Driver","floor":23},{"not_picked":["Thunder Strike","Darkness+1"],"picked":"Capacitor+1","floor":25},{"not_picked":["Blizzard","Consume+1"],"picked":"Static Discharge","floor":28},{"not_picked":["Compile Driver","Barrage","Cold Snap"],"picked":"SKIP","floor":29},{"not_picked":["White Noise+1","Scrape","Coolheaded+1"],"picked":"Singing Bowl","floor":31},{"not_picked":["Thunder Strike","Echo Form"],"picked":"All For One","floor":33},{"not_picked":["Defragment+1","Conserve Battery+1","Rebound+1"],"picked":"Singing Bowl","floor":35},{"not_picked":["Genetic Algorithm+1","Storm","Compile Driver"],"picked":"Singing Bowl","floor":36},{"not_picked":["Compile Driver","Melter+1"],"picked":"Gash","floor":37},{"not_picked":["Coolheaded+1","Redo+1","Rip and Tear+1"],"picked":"Singing Bowl","floor":41},{"not_picked":["Auto Shields+1","Hologram+1"],"picked":"Beam Cell+1","floor":44},{"not_picked":["Compile Driver","Hologram+1","Conserve Battery+1"],"picked":"Singing Bowl","floor":46},{"not_picked":["Redo+1","Conserve Battery+1"],"picked":"Gash","floor":48}],"player_experience":129290,"relics_obtained":[{"floor":4,"key":"Toxic Egg 2"},{"floor":5,"key":"Gremlin Horn"},{"floor":7,"key":"Tiny Chest"},{"floor":9,"key":"Mercury Hourglass"},{"floor":11,"key":"Art of War"},{"floor":20,"key":"Dead Branch"},{"floor":20,"key":"Letter Opener"},{"floor":21,"key":"Ornamental Fan"},{"floor":23,"key":"Pen Nib"},{"floor":26,"key":"Mango"},{"floor":38,"key":"Blood Vial"},{"floor":41,"key":"Calipers"},{"floor":43,"key":"Boot"},{"floor":46,"key":"War Paint"}],"event_choices":[{"event_name":"Golden Wing","player_choice":"Card Removal","floor":2,"damage_taken":0},{"event_name":"Big Fish","player_choice":"Donut","floor":3,"damage_taken":0},{"event_name":"Colosseum","player_choice":"Fight","floor":20,"damage_taken":0},{"event_name":"Colosseum","player_choice":"Fought Nobs","floor":20,"damage_taken":0},{"event_name":"Forgotten Altar","player_choice":"Shed Blood","floor":22,"damage_taken":0},{"event_name":"Addict","player_choice":"Obtained Relic","floor":30,"damage_taken":0},{"event_name":"Falling","player_choice":"Removed Skill","floor":39,"damage_taken":0},{"event_name":"MindBloom","player_choice":"Fight","floor":41,"damage_taken":0}],"is_beta":false,"boss_relics":[{"not_picked":["Eternal Feather","Ectoplasm"],"picked":"Nuclear Battery"},{"not_picked":["Busted Crown","Coffee Dripper"],"picked":"Inserter"}],"items_purged_floors":[],"is_endless":false,"potions_floor_spawned":[7,8,13,16,18,20,23,28,35,37,41,46],"ascension_level":1}