{"gold_per_floor":[115,115,130,130,142,142,169,182,209,235,248,274,160,30,30,127,127,138,111,81,101,120,120,151,151],"floor_reached":25,"playtime":948,"items_purged":["Defend_R"],"score":253,"play_id":"6a4796bf-04ef-4362-8dc1-1275430a7e9f","local_time":"20190324123659","is_ascension_mode":true,"campfire_choices":[{"data":"Bash","floor":6,"key":"SMITH"},{"data":"Inflame","floor":15,"key":"SMITH"},{"data":"Anger","floor":23,"key":"SMITH"}],"neow_cost":"NONE","seed_source_timestamp":842157707318698,"circlet_count":0,"master_deck":["Strike_R","Strike_R","Strike_R","Strike_R","Defend_R","Defend_R","Defend_R","Bash+1","Headbutt","Anger","Hemokinesis+1","Shrug It Off","Fire Breathing","True Grit","Flame Barrier","Shrug It Off","Inflame+1","Spot Weakness","Inflame","Immolate","Rupture","Anger+1","Armaments","Inflame"],"relics":["Burning Blood","NeowsBlessing","Bag of Marbles","Vajra","Omamori","Pen Nib","Eternal Feather","Gremlin Horn"],"potions_floor_usage":[11,12,16,16,18,21,22,24,25],"damage_taken":[{"damage":0,"enemies":"Small Slimes","floor":1,"turns":1},{"damage":0,"enemies":"Cultist","floor":3,"turns":1},{"damage":0,"enemies":"2 Louse","floor":5,"turns":1},{"damage":27,"enemies":"Lagavulin","floor":7,"turns":5},{"damage":2,"enemies":"Red Slaver","floor":8,"turns":1},{"damage":10,"enemies":"3 Sentries","floor":10,"turns":6},{"damage":13,"enemies":"Gremlin Gang","floor":11,"turns":5},{"damage":28,"enemies":"Lagavulin","floor":12,"turns":4},{"damage":15,"enemies":"Hexaghost","floor":16,"turns":7},{"damage":33,"enemies":"Shell Parasite","floor":18,"turns":4},{"damage":0,"enemies":"2 Thieves","floor":21,"turns":1},{"damage":22,"enemies":"Shelled Parasite and Fungi","floor":22,"turns":5},{"damage":38,"enemies":"Book of Stabbing","floor":24,"turns":4},{"damage":11,"enemies":"Snake Plant","floor":25,"turns":3}],"seed_played":"2421065315928362955","potions_obtained":[{"floor":8,"key":"SteroidPotion"},{"floor":10,"key":"SteroidPotion"},{"floor":12,"key":"EssenceOfSteel"},{"floor":16,"key":"FearPotion"},{"floor":18,"key":"Ancient Potion"},{"floor":20,"key":"AttackPotion"},{"floor":20,"key":"SkillPotion"},{"floor":22,"key":"AttackPotion"}],"is_trial":false,"path_per_floor":["M","?","M","?","M","R","E","M","T","E","M","E","$","$","R","B",null,"M","$","?","M","M","R","E","M"],"character_chosen":"IRONCLAD","items_purchased":["Spot Weakness","Inflame","AttackPotion","Anger"],"campfire_rested":0,"item_purchase_floors":[13,14,14,19],"current_hp_per_floor":[80,80,80,80,80,80,59,63,63,59,52,30,30,30,30,21,80,53,53,53,59,43,55,23,12],"gold":151,"neow_bonus":"THREE_ENEMY_KILL","is_prod":false,"is_daily":false,"chose_seed":false,"campfire_upgraded":3,"win_rate":0,"timestamp":1553456219,"path_taken":["M","?","?","?","M","R","E","M","T","E","M","E","?","$","R","BOSS","M","$","?","M","?","R","E","?"],"build_version":"2019-01-23","purchased_purges":1,"victory":false,"max_hp_per_floor":[80,80,80,80,80,80,80,80,80,80,80,80,80,80,80,80,80,80,80,80,80,80,80,80,80],"card_choices":[{"not_picked":["Clash","Blood for Blood"],"picked":"Headbutt","floor":1},{"not_picked":["Sentinel","Flame Barrier"],"picked":"Hemokinesis","floor":3},{"not_picked":["Iron Wave","Clash"],"picked":"Shrug It Off","floor":5},{"not_picked":["True Grit","Uppercut"],"picked":"Fire Breathing","floor":7},{"not_picked":["Power Through","Combust"],"picked":"True Grit","floor":8},{"not_picked":["Body Slam","Impervious"],"picked":"Flame Barrier","floor":10},{"not_picked":["Iron Wave","Disarm"],"picked":"Shrug It Off","floor":11},{"not_picked":["Wild Strike","Barricade"],"picked":"Inflame","floor":12},{"not_picked":["Exhume","Brutality"],"picked":"Immolate","floor":16},{"not_picked":["Ghostly Armor","Combust+1"],"picked":"Rupture","floor":18},{"not_picked":["Iron Wave","Clash+1"],"picked":"Armaments","floor":21},{"not_picked":["Havoc+1","Shrug It Off"],"picked":"Inflame","floor":22},{"not_picked":["Flex","Rupture","Twin Strike"],"picked":"SKIP","floor":24}],"player_experience":212109,"relics_obtained":[{"floor":7,"key":"Bag of Marbles"},{"floor":9,"key":"Vajra"},{"floor":10,"key":"Omamori"},{"floor":12,"key":"Pen Nib"},{"floor":24,"key":"Gremlin Horn"}],"event_choices":[{"damage_healed":0,"gold_gain":0,"cards_transformed":["Strike_R"],"player_choice":"Transformed","damage_taken":0,"max_hp_gain":0,"max_hp_loss":0,"event_name":"Transmorgrifier","floor":2,"gold_loss":0,"cards_obtained":["Anger"]},{"damage_healed":0,"gold_gain":0,"player_choice":"Upgraded","damage_taken":0,"max_hp_gain":0,"max_hp_loss":0,"event_name":"Upgrade Shrine","floor":4,"gold_loss":0,"cards_upgraded":["Hemokinesis"]},{"damage_healed":0,"gold_gain":0,"player_choice":"Bought 2 Potions","damage_taken":0,"max_hp_gain":0,"max_hp_loss":0,"event_name":"The Woman in Blue","floor":20,"gold_loss":0}],"is_beta":false,"boss_relics":[{"not_picked":["White Beast Statue","Runic Cube"],"picked":"Eternal Feather"}],"items_purged_floors":[13],"is_endless":false,"potions_floor_spawned":[8,10,12,16,18,22],"killed_by":"Snake Plant","ascension_level":1}