{"path_per_floor":["M","M","?","?","?","R","M","?","T","R","E","M","$","M","R","B",null,"M","?","?","M","M","R","$","?","T","$","R","M"],"character_chosen":"IRONCLAD","items_purchased":["Kunai","Ornamental Fan"],"gold_per_floor":[115,128,128,128,128,128,142,142,442,442,475,494,157,177,177,281,281,294,294,294,304,318,318,64,64,64,64,64,77,77],"floor_reached":30,"campfire_rested":4,"playtime":1674,"current_hp_per_floor":[88,88,55,55,48,74,76,76,76,76,71,72,72,69,88,10,88,88,95,95,63,9,37,37,37,37,37,65,36,0],"items_purged":["Bash"],"gold":77,"score":253,"play_id":"75cb1ef9-3b03-4a22-aaab-d05575794db2","local_time":"20180330133630","is_prod":false,"is_daily":false,"is_ascension_mode":false,"campfire_upgraded":1,"timestamp":1522442190,"path_taken":["M","M","?","?","?","R","M","?","T","R","E","?","?","M","R","BOSS","M","?","?","M","M","R","$","?","T","?","R","?","M"],"build_version":"2018-03-29v2","purchased_purges":1,"victory":false,"master_deck":["Strike_R","Strike_R","Strike_R","Strike_R","Strike_R","Defend_R","Defend_R","Defend_R","Defend_R","Headbutt","Combust","Flash of Steel+1","Flex","Barricade","Writhe","Anger+1","Entrench"],"max_hp_per_floor":[88,88,88,88,88,88,88,88,88,88,88,88,88,88,88,88,88,88,95,95,95,95,95,95,95,95,95,95,95,95],"relics":["Burning Blood","Champion Belt","Paper Frog","Old Coin","Charon\u0027s Ashes","Kunai","Sozu","Strawberry","Ornamental Fan","Sundial"],"card_choices":[{"not_picked":["Carnage","Shrug It Off"],"picked":"Headbutt","floor":1},{"not_picked":["Headbutt","Dark Embrace"],"picked":"Flex","floor":12},{"not_picked":["Limit Break","Impervious"],"picked":"Barricade","floor":16},{"not_picked":["Iron Wave","Combust"],"picked":"Anger","floor":22},{"not_picked":["Pommel Strike","Clothesline"],"picked":"Entrench","floor":29}],"player_experience":45824,"potions_floor_usage":[11],"damage_taken":[{"damage":3,"enemies":"2 Louse","floor":1,"turns":4},{"damage":6,"enemies":"Jaw Worm","floor":2,"turns":3},{"damage":4,"enemies":"Cultist","floor":7,"turns":3},{"damage":23,"enemies":"3 Sentries","floor":11,"turns":6},{"damage":5,"enemies":"Exordium Thugs","floor":12,"turns":3},{"damage":9,"enemies":"3 Louse","floor":14,"turns":3},{"damage":84,"enemies":"The Guardian","floor":16,"turns":14},{"damage":6,"enemies":"3 Byrds","floor":18,"turns":16},{"damage":38,"enemies":"2 Thieves","floor":21,"turns":4},{"damage":60,"enemies":"Snake Plant","floor":22,"turns":8},{"damage":35,"enemies":"Snecko","floor":29,"turns":8},{"damage":40,"enemies":"Sentry and Sphere","floor":30,"turns":6}],"event_choices":[{"event_name":"Scrap Ooze","player_choice":"success","floor":3,"damage_taken":33},{"event_name":"Accursed Blacksmith","player_choice":"Rummage","floor":4,"damage_taken":0},{"event_name":"Golden Wing","player_choice":"Card Removal","floor":5,"damage_taken":0},{"event_name":"Match and Keep!","player_choice":"2 cards matched","floor":8,"damage_taken":0},{"event_name":"The Mausoleum","player_choice":"Yes","floor":19,"damage_taken":0},{"event_name":"Ghosts","player_choice":"Ignored","floor":20,"damage_taken":0},{"event_name":"Cursed Tome","player_choice":"Ignored","floor":25,"damage_taken":0}],"boss_relics":[{"not_picked":["Runic Dome","Runic Cube"],"picked":"Sozu"}],"potions_floor_spawned":[1,21,29],"seed_played":"-1197080021118420696","killed_by":"Sentry and Sphere","ascension_level":0,"is_trial":false}