{"path_per_floor":["M","M","M","?","?","E","R","E","T","R","M","T","?","M","R","B",null,"M","M","?","$","?","R","?","R","T","E","M","T","$","E","R","B",null,"M","?","$","?","M","E","R","E","T","$","M","E","R","M","R","B"],"character_chosen":"DEFECT","items_purchased":["Bronze Scales","Capacitor"],"gold_per_floor":[112,127,139,139,139,169,169,200,200,200,214,214,164,183,183,284,284,257,276,276,4,4,4,4,4,4,36,47,47,47,77,77,175,205,217,0,0,0,11,44,44,78,102,2,18,53,53,65,65,65],"floor_reached":51,"campfire_rested":6,"playtime":1683,"current_hp_per_floor":[74,73,75,75,75,51,51,34,34,56,50,50,50,50,50,44,75,50,47,47,47,47,47,47,69,69,45,43,43,43,23,62,35,87,71,71,71,71,60,16,57,57,57,57,62,26,67,53,87,87],"items_purged":["Strike_B","Strike_B"],"gold":65,"score":840,"play_id":"34dd4f70-893e-41df-b16d-0295e09856fc","local_time":"20180513021509","is_prod":false,"is_daily":false,"chose_seed":false,"is_ascension_mode":true,"campfire_upgraded":3,"timestamp":1526170509,"path_taken":["M","?","?","?","?","E","R","E","T","R","M","?","?","?","R","BOSS","M","?","?","$","?","R","?","R","T","E","M","?","?","E","R","BOSS","M","?","?","?","M","E","R","E","T","$","M","E","R","M","R","BOSS"],"build_version":"2018-05-12v2","seed_source_timestamp":660689953424075,"purchased_purges":2,"victory":true,"master_deck":["Strike_B+1","Defend_B+1","Defend_B","Defend_B","Defend_B","Zap+1","Dualcast+1","Cold Snap+1","Redo+1","Leap+1","Self Repair","Echo Form","Cold Snap+1","Redo+1","Capacitor","Ball Lightning","Thunder Strike","Machine Learning","Blizzard+1","Coolheaded+1","Barrage+1","Force Field","Loop+1","Self Repair"],"max_hp_per_floor":[75,75,75,75,75,75,75,75,75,75,75,75,75,75,75,75,75,75,75,75,75,75,75,75,75,75,82,82,82,82,82,82,82,87,87,87,87,87,87,87,87,87,87,87,87,87,87,87,87,87],"relics":["Cracked Core","Question Card","Turnip","Ginger","DataDisk","Inserter","Bronze Scales","Mercury Hourglass","Regal Pillow","Strawberry","Ice Cream","Cables","Tiny House","Red Mask","Mummified Hand","War Paint","Prayer Wheel","Symbiotic Virus"],"card_choices":[{"not_picked":["Tempest","Axe Kick"],"picked":"Cold Snap","floor":1},{"not_picked":["Leap","Auto Shields"],"picked":"Self Repair","floor":2},{"not_picked":["Axe Kick","Coolheaded","Stack"],"picked":"SKIP","floor":3},{"not_picked":["Heatsinks","Reprogram","Leap"],"picked":"SKIP","floor":6},{"not_picked":["Double Energy","Leap","Fusion"],"picked":"Redo","floor":8},{"not_picked":["Streamline","Chaos","Melter"],"picked":"Leap","floor":11},{"not_picked":["Sweeping Beam","Go for the Eyes","Coolheaded"],"picked":"Self Repair","floor":14},{"not_picked":["Multi-Cast","Nova","Rainbow"],"picked":"Echo Form","floor":16},{"not_picked":["Storm","Genetic Algorithm","BootSequence"],"picked":"Cold Snap+1","floor":18},{"not_picked":["Stack","Hello World","Go for the Eyes","Skim"],"picked":"SKIP","floor":19},{"not_picked":["Rebound","Gash","Axe Kick+1"],"picked":"Ball Lightning","floor":27},{"not_picked":["Streamline","Ball Lightning","Stack","Cold Snap"],"picked":"SKIP","floor":28},{"not_picked":["Streamline","Beam Cell","Rebound"],"picked":"Thunder Strike","floor":31},{"not_picked":["Fusion","All For One","Nova"],"picked":"Machine Learning","floor":33},{"not_picked":["Coolheaded+1","Steam","Genetic Algorithm"],"picked":"Blizzard+1","floor":34},{"not_picked":["Leap","Streamline+1","Stack+1"],"picked":"Coolheaded+1","floor":35},{"not_picked":["Beam Cell","Hologram","FTL"],"picked":"Barrage+1","floor":39},{"not_picked":["Creative AI","Impulse+1","Nova"],"picked":"Force Field","floor":40},{"not_picked":["Barrage+1","Auto Shields+1","Turbo"],"picked":"Loop+1","floor":42},{"not_picked":["Sweeping Beam","Consume","Leap","Storm"],"picked":"SKIP","floor":45},{"not_picked":["Impulse","Skim+1","Rip and Tear+1","Nova"],"picked":"SKIP","floor":46},{"not_picked":["Double Energy+1","Streamline","Sweeping Beam+1"],"picked":"Self Repair","floor":48}],"player_experience":54892,"potions_floor_usage":[6,6,16,27,31,39,40,46,46,50],"damage_taken":[{"damage":1,"enemies":"Cultist","floor":1,"turns":4},{"damage":1,"enemies":"2 Louse","floor":2,"turns":3},{"damage":0,"enemies":"Small Slimes","floor":3,"turns":3},{"damage":24,"enemies":"Gremlin Nob","floor":6,"turns":5},{"damage":17,"enemies":"3 Sentries","floor":8,"turns":7},{"damage":6,"enemies":"Looter","floor":11,"turns":3},{"damage":0,"enemies":"2 Fungi Beasts","floor":14,"turns":2},{"damage":13,"enemies":"The Guardian","floor":16,"turns":8},{"damage":32,"enemies":"2 Thieves","floor":18,"turns":5},{"damage":10,"enemies":"Chosen","floor":19,"turns":4},{"damage":38,"enemies":"Slavers","floor":27,"turns":6},{"damage":16,"enemies":"Centurion and Healer","floor":28,"turns":8},{"damage":34,"enemies":"Gremlin Leader","floor":31,"turns":7},{"damage":27,"enemies":"Champ","floor":33,"turns":10},{"damage":16,"enemies":"3 Shapes","floor":35,"turns":3},{"damage":25,"enemies":"Flame Bruiser 1 Orb","floor":39,"turns":4},{"damage":44,"enemies":"2 Orb Walkers","floor":40,"turns":5},{"damage":14,"enemies":"Giant Head","floor":42,"turns":9},{"damage":2,"enemies":"Sphere and 2 Shapes","floor":45,"turns":4},{"damage":43,"enemies":"2 Orb Walkers","floor":46,"turns":5},{"damage":14,"enemies":"Spire Growth","floor":48,"turns":3},{"damage":18,"enemies":"Time Eater","floor":50,"turns":10}],"event_choices":[{"event_name":"Living Wall","player_choice":"Grow","floor":4,"damage_taken":0},{"event_name":"Bonfire Elementals","player_choice":"UNCOMMON","floor":5,"damage_taken":0},{"event_name":"The Cleric","player_choice":"Card Removal","floor":13,"damage_taken":0},{"event_name":"Duplicator","player_choice":"One dupe","floor":20,"damage_taken":0},{"event_name":"The Mausoleum","player_choice":"Yes","floor":22,"damage_taken":0},{"event_name":"Back to Basics","player_choice":"Elegance","floor":24,"damage_taken":0},{"event_name":"Tomb of Lord Red Mask","player_choice":"Paid","floor":36,"damage_taken":0},{"event_name":"SensoryStone","player_choice":"Memory 1","floor":38,"damage_taken":0}],"boss_relics":[{"not_picked":["Cursed Key","Black Star"],"picked":"Inserter"},{"not_picked":["Philosopher\u0027s Stone","Snecko Eye"],"picked":"Tiny House"}],"potions_floor_spawned":[1,2,8,11,28,33,39,42,45,48],"seed_played":"730293016310595113","ascension_level":1,"is_trial":false}