{"gold_per_floor":[111,131,151,165,178,178,206,24,24,50,50,61,76,76,76,177,177,193,193,208,226,226],"floor_reached":22,"playtime":2232,"items_purged":[],"score":230,"play_id":"b52ad683-9df6-41b6-8ade-db8ab4be3e7d","local_time":"20190330141846","is_ascension_mode":true,"campfire_choices":[{"data":"Consume","floor":6.0,"key":"SMITH"},{"data":"Redo","floor":11.0,"key":"SMITH"},{"floor":15.0,"key":"REST"}],"neow_cost":"NONE","seed_source_timestamp":0,"circlet_count":0,"master_deck":["Strike_B","Strike_B","Defend_B","Defend_B","Defend_B","Defend_B","Zap","Dualcast","Go for the Eyes","Consume+1","Doom and Gloom","Redo+1","Steam","Chrysalis","Lockon","Echo Form","Steam Power","Machine Learning","Defragment"],"special_seed":0,"relics":["Cracked Core","Letter Opener","Oddly Smooth Stone","Bag of Marbles","Nuclear Battery"],"potions_floor_usage":[22,22],"damage_taken":[{"damage":1.0,"enemies":"Cultist","floor":1.0,"turns":3.0},{"damage":0.0,"enemies":"Small Slimes","floor":2.0,"turns":2.0},{"damage":0.0,"enemies":"Jaw Worm","floor":3.0,"turns":3.0},{"damage":6.0,"enemies":"Exordium Thugs","floor":4.0,"turns":3.0},{"damage":3.0,"enemies":"Large Slime","floor":5.0,"turns":3.0},{"damage":25.0,"enemies":"Lagavulin","floor":7.0,"turns":5.0},{"damage":18.0,"enemies":"3 Sentries","floor":10.0,"turns":8.0},{"damage":0.0,"enemies":"Looter","floor":12.0,"turns":2.0},{"damage":0.0,"enemies":"Exordium Wildlife","floor":13.0,"turns":2.0},{"damage":38.0,"enemies":"Slime Boss","floor":16.0,"turns":10.0},{"damage":32.0,"enemies":"3 Byrds","floor":18.0,"turns":5.0},{"damage":7.0,"enemies":"Shell Parasite","floor":20.0,"turns":5.0},{"damage":21.0,"enemies":"Centurion and Healer","floor":21.0,"turns":6.0},{"damage":37,"enemies":"Chosen and Byrds","floor":22,"turns":4}],"seed_played":"5638283575881182413","potions_obtained":[{"floor":2.0,"key":"EssenceOfSteel"},{"floor":5.0,"key":"Swift Potion"},{"floor":7.0,"key":"SteroidPotion"},{"floor":10.0,"key":"Dexterity Potion"},{"floor":18.0,"key":"FearPotion"}],"is_trial":false,"path_per_floor":["M","M","M","M","M","R","E","$","T","E","R","M","M","?","R","B",null,"M","?","M","M","M"],"character_chosen":"DEFECT","items_purchased":["Chrysalis"],"campfire_rested":1,"item_purchase_floors":[8],"current_hp_per_floor":[81,81,81,75,72,72,47,47,47,29,29,29,29,22,46,8,82,50,50,43,22,0],"gold":226,"neow_bonus":"TEN_PERCENT_HP_BONUS","is_prod":false,"is_daily":false,"chose_seed":false,"campfire_upgraded":2,"win_rate":0,"timestamp":1553980726,"path_taken":["M","M","M","M","M","R","E","?","T","E","R","M","M","?","R","BOSS","M","?","M","?","M"],"build_version":"2019-01-23","purchased_purges":0,"victory":false,"max_hp_per_floor":[82,82,82,82,82,82,82,82,82,82,82,82,82,82,82,82,82,82,82,82,82,82],"card_choices":[{"not_picked":["Streamline","Compile Driver"],"picked":"Go for the Eyes","floor":1.0},{"not_picked":["Beam Cell","Go for the Eyes"],"picked":"Consume","floor":2.0},{"not_picked":["Beam Cell","Recycle"],"picked":"Doom and Gloom","floor":3.0},{"not_picked":["Coolheaded","Beam Cell"],"picked":"Redo","floor":4.0},{"not_picked":["Streamline","Cold Snap","Ball Lightning"],"picked":"SKIP","floor":5.0},{"not_picked":["Rebound","Hyperbeam"],"picked":"Steam","floor":7.0},{"not_picked":["Hologram","Coolheaded"],"picked":"Lockon","floor":10.0},{"not_picked":["Redo","Barrage","Doom and Gloom"],"picked":"SKIP","floor":12.0},{"not_picked":["Barrage","Coolheaded","Sweeping Beam"],"picked":"SKIP","floor":13.0},{"not_picked":["All For One","Hyperbeam"],"picked":"Echo Form","floor":16.0},{"not_picked":["Cold Snap","Coolheaded"],"picked":"Steam Power","floor":18.0},{"not_picked":["Barrage","Streamline+1","Leap"],"picked":"SKIP","floor":20.0},{"not_picked":["Redo","Force Field"],"picked":"Defragment","floor":21}],"player_experience":229174,"relics_obtained":[{"floor":7.0,"key":"Letter Opener"},{"floor":9.0,"key":"Oddly Smooth Stone"},{"floor":10.0,"key":"Bag of Marbles"}],"event_choices":[{"cards_removed":["Strike_B"],"damage_healed":0.0,"max_hp_gain":0.0,"max_hp_loss":0.0,"gold_gain":0.0,"event_name":"Golden Wing","player_choice":"Card Removal","floor":14.0,"gold_loss":0.0,"damage_taken":7.0},{"damage_healed":0.0,"max_hp_gain":0.0,"max_hp_loss":0.0,"gold_gain":0.0,"cards_transformed":["Strike_B"],"event_name":"Transmorgrifier","player_choice":"Transformed","floor":19.0,"gold_loss":0.0,"damage_taken":0.0,"cards_obtained":["Machine Learning"]}],"is_beta":false,"boss_relics":[{"not_picked":["FrozenCore","Runic Dome"],"picked":"Nuclear Battery"}],"items_purged_floors":[],"is_endless":false,"potions_floor_spawned":[2,5,7,10,18],"killed_by":"Chosen and Byrds","ascension_level":3}