{"gold_per_floor":[111,25,25,25,25,25,38,56,80,80,92,92,125,208,208,281,281,206,231,231,247,247],"floor_reached":22,"playtime":1185,"items_purged":[],"score":424,"play_id":"b63d78c5-0b8b-403e-80f8-2993ed125026","local_time":"20190314200328","is_ascension_mode":true,"campfire_choices":[{"data":"Defragment","floor":6.0,"key":"SMITH"},{"floor":12.0,"key":"REST"},{"data":"Defragment","floor":15.0,"key":"SMITH"}],"neow_cost":"NONE","seed_source_timestamp":0,"circlet_count":0,"master_deck":["AscendersBane","Strike_B","Strike_B+1","Strike_B","Strike_B","Defend_B","Defend_B","Defend_B","Defend_B","Zap","Dualcast","Cold Snap+1","Defragment+1","Cold Snap","Stack","Doubt","Regret","Defragment+1","Leap","Doubt","Echo Form","Regret","Regret","Doubt","Decay","Decay","Gash"],"special_seed":0,"relics":["Cursed Key","Bag of Preparation","Bag of Marbles","Orichalcum","Whetstone","Tiny Chest","Calling Bell","Oddly Smooth Stone","Ornamental Fan","Dead Branch","Boot"],"potions_floor_usage":[16],"damage_taken":[{"damage":0.0,"enemies":"Cultist","floor":1.0,"turns":4.0},{"damage":0.0,"enemies":"Small Slimes","floor":7.0,"turns":3.0},{"damage":3.0,"enemies":"2 Louse","floor":8.0,"turns":3.0},{"damage":8.0,"enemies":"Large Slime","floor":11.0,"turns":7.0},{"damage":8.0,"enemies":"3 Sentries","floor":13.0,"turns":8.0},{"damage":42,"enemies":"The Guardian","floor":16,"turns":20},{"damage":26,"enemies":"2 Thieves","floor":18,"turns":5},{"damage":29,"enemies":"Shell Parasite","floor":21,"turns":8},{"damage":8,"enemies":"Shelled Parasite and Fungi","floor":22,"turns":1}],"seed_played":"2629759334211865165","potions_obtained":[{"floor":7.0,"key":"Fruit Juice"},{"floor":11.0,"key":"AttackPotion"},{"floor":13.0,"key":"FocusPotion"}],"is_trial":false,"path_per_floor":["M","$","$","?","?","R","M","M","T","?","M","R","E","T","R","B",null,"M","T","?","M","M"],"character_chosen":"DEFECT","items_purchased":["Defragment"],"campfire_rested":1,"item_purchase_floors":[2],"current_hp_per_floor":[64,64,64,64,59,59,64,61,61,61,53,75,67,67,67,25,63,37,37,37,8,0],"gold":247,"neow_bonus":"BOSS_RELIC","is_prod":false,"is_daily":false,"chose_seed":false,"campfire_upgraded":2,"win_rate":0,"timestamp":1552611808,"path_taken":["M","?","$","?","?","R","M","M","T","?","M","R","E","?","R","BOSS","M","?","?","M","M"],"build_version":"2019-01-23","purchased_purges":0,"victory":false,"max_hp_per_floor":[71,71,71,71,71,71,76,76,76,76,76,76,76,76,76,76,76,76,76,76,76,76],"card_choices":[{"not_picked":["Steam","Go for the Eyes"],"picked":"Cold Snap","floor":1.0},{"not_picked":["Rip and Tear","Blizzard"],"picked":"Cold Snap","floor":7.0},{"not_picked":["Reprogram","Gash"],"picked":"Stack","floor":8.0},{"not_picked":["Force Field","Skim"],"picked":"Defragment","floor":11.0},{"not_picked":["Stack","Redo"],"picked":"Leap","floor":13.0},{"not_picked":["Biased Cognition","Electrodynamics"],"picked":"Echo Form","floor":16},{"not_picked":["Consume","Force Field","Beam Cell"],"picked":"SKIP","floor":18},{"not_picked":["Steam","Turbo"],"picked":"Gash","floor":21}],"player_experience":703571,"relics_obtained":[{"floor":9.0,"key":"Bag of Marbles"},{"floor":13.0,"key":"Whetstone"},{"floor":14.0,"key":"Tiny Chest"},{"floor":17,"key":"Oddly Smooth Stone"},{"floor":17,"key":"Ornamental Fan"},{"floor":17,"key":"Dead Branch"},{"floor":19,"key":"Boot"}],"event_choices":[{"damage_healed":0.0,"max_hp_gain":0.0,"max_hp_loss":0.0,"gold_gain":0.0,"event_name":"Shining Light","player_choice":"Ignored","floor":4.0,"gold_loss":0.0,"damage_taken":0.0},{"damage_healed":0.0,"max_hp_gain":0.0,"max_hp_loss":0.0,"gold_gain":0.0,"event_name":"Scrap Ooze","player_choice":"Success","floor":5.0,"gold_loss":0.0,"damage_taken":5.0,"relics_obtained":["Bag of Preparation"]},{"damage_healed":0.0,"max_hp_gain":0.0,"max_hp_loss":0.0,"gold_gain":0.0,"event_name":"Big Fish","player_choice":"Box","floor":10.0,"gold_loss":0.0,"damage_taken":0.0,"relics_obtained":["Orichalcum"],"cards_obtained":["Regret"]},{"damage_healed":0,"gold_gain":0,"player_choice":"Smashed Altar","damage_taken":0,"max_hp_gain":0,"max_hp_loss":0,"event_name":"Forgotten Altar","floor":20,"gold_loss":0,"cards_obtained":["Decay"]}],"is_beta":false,"boss_relics":[{"not_picked":["Black Star","Pandora\u0027s Box"],"picked":"Calling Bell"}],"items_purged_floors":[],"is_endless":false,"potions_floor_spawned":[7,11,13],"killed_by":"Shelled Parasite and Fungi","ascension_level":16}