{"gold_per_floor":[99],"floor_reached":0,"playtime":62,"items_purged":[],"score":75,"play_id":"ad1043c6-0c85-4bcf-98ce-31f33db4a9eb","local_time":"20190311125535","daily_mods":["Draft","Hoarder","Vintage","Green Cards","Lethality"],"is_ascension_mode":false,"campfire_choices":[],"neow_cost":"","seed_source_timestamp":0,"circlet_count":0,"master_deck":["Noxious Fumes","Noxious Fumes","Noxious Fumes","Twin Strike","Twin Strike","Twin Strike","Cleave","Cleave","Cleave","Slice","Slice","Slice","All Out Attack","All Out Attack","All Out Attack","Warcry","Warcry","Warcry","Prepared","Prepared","Prepared","Clash","Clash","Clash","Clash","Clash","Clash","Flex","Flex","Flex","Clothesline","Clothesline","Clothesline","Blade Dance","Blade Dance","Blade Dance","Slice","Slice","Slice","Deflect","Deflect","Deflect","Acrobatics","Acrobatics","Acrobatics"],"relics":["Burning Blood","replay:Trail_Library"],"potions_floor_usage":[],"damage_taken":[],"seed_played":"7833583920866576507","potions_obtained":[],"is_trial":true,"path_per_floor":[],"character_chosen":"IRONCLAD","items_purchased":[],"campfire_rested":0,"item_purchase_floors":[],"current_hp_per_floor":[80],"gold":99,"neow_bonus":"","is_prod":false,"is_daily":false,"chose_seed":false,"campfire_upgraded":0,"win_rate":0,"timestamp":1552334135,"path_taken":[],"build_version":"2019-01-23","purchased_purges":0,"victory":false,"max_hp_per_floor":[80],"card_choices":[{"not_picked":["ReplayTheSpireMod:Limb From Limb","ReplayTheSpireMod:Scrap Shanks"],"picked":"Noxious Fumes","floor":0},{"not_picked":["ReplayTheSpireMod:Exploit Weakness","Dodge and Roll"],"picked":"Twin Strike","floor":0},{"not_picked":["conspire:ExplosiveBarrier","Run Through"],"picked":"Cleave","floor":0},{"not_picked":["Battle Trance","Hemokinesis"],"picked":"Slice","floor":0},{"not_picked":["Headbutt","Abandon"],"picked":"All Out Attack","floor":0},{"not_picked":["hubris:SlightOfHand","Dash"],"picked":"Warcry","floor":0},{"not_picked":["Pommel Strike","True Grit"],"picked":"Prepared","floor":0},{"not_picked":["Draining Mist","Rage"],"picked":"Clash","floor":0},{"not_picked":["ReplayTheSpireMod:Strike From Hell","Pommel Strike"],"picked":"Clash","floor":0},{"not_picked":["Bane","Headbutt"],"picked":"Flex","floor":0},{"not_picked":["Fluid Movement","Hemokinesis"],"picked":"Clothesline","floor":0},{"not_picked":["Fluid Movement","Heel Hook"],"picked":"Blade Dance","floor":0},{"not_picked":["Dagger Spray","Headbutt"],"picked":"Slice","floor":0},{"not_picked":["Dodge and Roll","Hidden Blade"],"picked":"Deflect","floor":0},{"not_picked":["ReplayTheSpireMod:Exploit Weakness","Terror"],"picked":"Acrobatics","floor":0}],"player_experience":253827,"relics_obtained":[],"event_choices":[],"is_beta":false,"boss_relics":[],"items_purged_floors":[],"is_endless":false,"potions_floor_spawned":[],"ascension_level":0}