{"gold_per_floor":[110,124,144,163,37,37,67,67,67,82,6,26,26,56,56,155,155,137,207,85,97,12,12,12,12,12,32,52,252,252,272,272,272],"floor_reached":33,"playtime":2469,"items_purged":["Strike_G","Strike_G"],"score":295,"play_id":"316fc942-47e0-4cd0-b16a-1bbd7ecb9a5a","local_time":"20190313152401","is_ascension_mode":true,"campfire_choices":[{"data":"Deadly Poison","floor":6,"key":"SMITH"},{"data":"Burst","floor":8,"key":"SMITH"},{"floor":13,"key":"REST"},{"data":"Deadly Poison","floor":15,"key":"SMITH"},{"data":"Defend_G","floor":23,"key":"SMITH"},{"floor":25,"key":"REST"},{"data":"Accuracy","floor":30,"key":"SMITH"},{"floor":32,"key":"REST"}],"neow_cost":"NONE","seed_source_timestamp":1025127157754939,"circlet_count":0,"master_deck":["Defend_G","Defend_G+1","Defend_G","Defend_G+1","Defend_G+1","Strike_G","Strike_G","Strike_G","Survivor","Neutralize","Deadly Poison+1","Deadly Poison","Outmaneuver","Blade Dance","Accuracy","Deadly Poison+1","Burst+1","Dodge and Roll","Flying Knee","Acrobatics","Backstab","Envenom","Poisoned Stab+1","Accuracy+1","Deadly Poison","Flying Knee","PiercingWail","Accuracy+1"],"relics":["Ring of the Snake","Smiling Mask","War Paint","Meat on the Bone","HoveringKite","Ninja Scroll","Bag of Preparation","The Courier"],"potions_floor_usage":[1,2,7,7,7,10,16,21,33],"damage_taken":[{"damage":0,"enemies":"Cultist","floor":1,"turns":5},{"damage":0,"enemies":"Small Slimes","floor":2,"turns":4},{"damage":11,"enemies":"Jaw Worm","floor":3,"turns":4},{"damage":0,"enemies":"Red Slaver","floor":4,"turns":5},{"damage":23,"enemies":"3 Sentries","floor":7,"turns":6},{"damage":0,"enemies":"Large Slime","floor":10,"turns":5},{"damage":9,"enemies":"Lots of Slimes","floor":12,"turns":6},{"damage":18,"enemies":"Lagavulin","floor":14,"turns":6},{"damage":19,"enemies":"The Guardian","floor":16,"turns":9},{"damage":21,"enemies":"2 Thieves","floor":18,"turns":4},{"damage":17,"enemies":"Spheric Guardian","floor":21,"turns":5},{"damage":7,"enemies":"Snecko","floor":27,"turns":5},{"damage":12,"enemies":"Shelled Parasite and Fungi","floor":28,"turns":4},{"damage":9,"enemies":"Centurion and Healer","floor":31,"turns":7},{"damage":64,"enemies":"Champ","floor":33,"turns":10}],"seed_played":"4516799246789779507","potions_obtained":[{"floor":0,"key":"FearPotion"},{"floor":0,"key":"Block Potion"},{"floor":0,"key":"EssenceOfSteel"},{"floor":1,"key":"SteroidPotion"},{"floor":3,"key":"Explosive Potion"},{"floor":7,"key":"SkillPotion"},{"floor":14,"key":"Fire Potion"},{"floor":18,"key":"EssenceOfSteel"},{"floor":31,"key":"Fire Potion"}],"is_trial":false,"path_per_floor":["M","M","M","M","$","R","E","R","T","M","$","M","R","E","R","B",null,"M","T","$","M","?","R","$","R","T","M","M","?","R","M","R","B"],"character_chosen":"THE_SILENT","items_purchased":["Accuracy","Deadly Poison","Flying Knee","Accuracy"],"campfire_rested":3,"item_purchase_floors":[5,5,11,20],"current_hp_per_floor":[70,70,59,59,59,59,36,36,36,36,36,27,48,30,30,23,70,49,49,49,44,44,44,44,65,65,58,46,46,46,37,58,0],"gold":272,"neow_bonus":"THREE_SMALL_POTIONS","is_prod":false,"is_daily":false,"chose_seed":false,"campfire_upgraded":5,"win_rate":0,"timestamp":1552515841,"path_taken":["M","M","M","M","$","R","E","R","T","M","$","M","R","E","R","BOSS","M","?","$","M","?","R","?","R","T","?","M","?","R","M","R","BOSS"],"build_version":"2019-01-23","purchased_purges":2,"victory":false,"max_hp_per_floor":[70,70,70,70,70,70,70,70,70,70,70,70,70,70,70,70,70,70,70,70,70,70,70,70,70,70,70,70,70,70,70,70,70],"card_choices":[{"not_picked":["Poisoned Stab","Bouncing Flask"],"picked":"Deadly Poison","floor":1},{"not_picked":["Concentrate","Outmaneuver"],"picked":"Deadly Poison","floor":2},{"not_picked":["Deflect","Prepared"],"picked":"Outmaneuver","floor":3},{"not_picked":["Flechettes","Quick Slash"],"picked":"Blade Dance","floor":4},{"not_picked":["Eviscerate","Outmaneuver"],"picked":"Burst","floor":7},{"not_picked":["Dagger Spray","Acrobatics"],"picked":"Dodge and Roll","floor":10},{"not_picked":["Setup","Cloak And Dagger"],"picked":"Acrobatics","floor":12},{"not_picked":["Deflect","Tactician"],"picked":"Backstab","floor":14},{"not_picked":["Wraith Form v2","Grand Finale"],"picked":"Envenom","floor":16},{"not_picked":["Distraction","Heel Hook+1"],"picked":"Poisoned Stab+1","floor":18},{"not_picked":["Prepared","Blade Dance"],"picked":"Deadly Poison","floor":21},{"not_picked":["Predator","Slice"],"picked":"Flying Knee","floor":27},{"not_picked":["Blade Dance+1","Dagger Throw"],"picked":"PiercingWail","floor":28},{"not_picked":["Deflect","Underhanded Strike"],"picked":"Accuracy+1","floor":31}],"player_experience":163099,"relics_obtained":[{"floor":7,"key":"Smiling Mask"},{"floor":9,"key":"War Paint"},{"floor":14,"key":"Meat on the Bone"},{"floor":19,"key":"Ninja Scroll"},{"floor":26,"key":"The Courier"}],"event_choices":[{"damage_healed":0,"gold_gain":0,"player_choice":"Obtained Relic","damage_taken":0,"relics_obtained":["Bag of Preparation"],"max_hp_gain":0,"max_hp_loss":0,"event_name":"Addict","floor":22,"gold_loss":85},{"damage_healed":0,"gold_gain":200,"player_choice":"Gold","damage_taken":0,"max_hp_gain":0,"max_hp_loss":0,"event_name":"Wheel of Change","floor":29,"gold_loss":0}],"is_beta":false,"boss_relics":[{"not_picked":["Ectoplasm","Coffee Dripper"],"picked":"HoveringKite"}],"items_purged_floors":[11,20],"is_endless":false,"potions_floor_spawned":[1,3,7,14,18,31],"killed_by":"Champ","ascension_level":1}