{"gold_per_floor":[109,109,129,30,30,64,82,96,145,145,170,170,210,234,234,354,354,377,377],"floor_reached":19,"playtime":954,"items_purged":["Strike_G"],"score":204,"play_id":"1a37b4ff-ec76-4074-bcc6-87b32171c72d","local_time":"20190329152424","is_ascension_mode":false,"campfire_choices":[{"floor":12,"key":"REST"},{"floor":15,"key":"REST"}],"neow_cost":"NONE","seed_source_timestamp":265356610163096,"circlet_count":0,"master_deck":["Defend_G","Defend_G","Defend_G","Defend_G","Defend_G","Strike_G","Strike_G","Strike_G","Strike_G","Survivor","Neutralize","Dagger Spray","Dodge and Roll","Dodge and Roll","Crippling Poison","Setup","Skewer","Deflect","Backflip","Deadly Poison+1"],"relics":["Ring of the Serpent","NeowsBlessing","Golden Idol","Singing Bowl","Bronze Scales","Dream Catcher","Snake Skull"],"potions_floor_usage":[13,13,16,16,19],"damage_taken":[{"damage":0,"enemies":"Jaw Worm","floor":1,"turns":1},{"damage":0,"enemies":"2 Louse","floor":3,"turns":1},{"damage":0,"enemies":"Lagavulin","floor":6,"turns":1},{"damage":3,"enemies":"Small Slimes","floor":7,"turns":4},{"damage":1,"enemies":"Exordium Wildlife","floor":8,"turns":6},{"damage":0,"enemies":"Blue Slaver","floor":11,"turns":5},{"damage":13,"enemies":"Gremlin Nob","floor":13,"turns":4},{"damage":2,"enemies":"3 Louse","floor":14,"turns":3},{"damage":42,"enemies":"Slime Boss","floor":16,"turns":18},{"damage":12,"enemies":"3 Byrds","floor":18,"turns":4},{"damage":26,"enemies":"Colosseum Slavers","floor":19,"turns":5},{"damage":43,"enemies":"Colosseum Nobs","floor":19,"turns":4}],"seed_played":"4169423780778702229","potions_obtained":[{"floor":1,"key":"Fire Potion"},{"floor":7,"key":"Strength Potion"},{"floor":8,"key":"GamblersBrew"},{"floor":14,"key":"EssenceOfSteel"},{"floor":18,"key":"Energy Potion"}],"is_trial":false,"path_per_floor":["M","?","M","$","?","E","M","M","T","?","M","R","E","M","R","B",null,"M","?"],"character_chosen":"THE_SILENT","items_purchased":["Dodge and Roll"],"campfire_rested":2,"item_purchase_floors":[4],"current_hp_per_floor":[70,53,53,53,53,53,52,51,51,39,41,63,50,48,70,30,76,64,0],"gold":377,"neow_bonus":"THREE_ENEMY_KILL","is_prod":false,"is_daily":false,"chose_seed":false,"campfire_upgraded":0,"win_rate":0,"timestamp":1553894664,"path_taken":["M","?","M","$","?","E","M","M","T","?","M","R","E","M","R","BOSS","M","?"],"build_version":"2019-01-23","purchased_purges":1,"victory":false,"max_hp_per_floor":[70,70,70,70,70,70,72,72,72,72,74,74,74,74,74,76,76,76,76],"card_choices":[{"not_picked":["Caltrops","Flechettes"],"picked":"Dagger Spray","floor":1},{"not_picked":["Reflex","Bane","Slice"],"picked":"SKIP","floor":3},{"not_picked":["Choke","Acrobatics"],"picked":"Dodge and Roll","floor":6},{"not_picked":["Flying Knee","Deflect","Dodge and Roll"],"picked":"Singing Bowl","floor":7},{"not_picked":["Dodge and Roll","Blade Dance"],"picked":"Crippling Poison","floor":8},{"not_picked":["Slice","Flechettes","Flying Knee"],"picked":"Singing Bowl","floor":11},{"not_picked":["Finisher","Masterful Stab"],"picked":"Setup","floor":12},{"not_picked":["Dagger Throw","Tools of the Trade"],"picked":"Skewer","floor":13},{"not_picked":["Bane","Quick Slash"],"picked":"Deflect","floor":14},{"not_picked":["Blade Dance","Accuracy"],"picked":"Backflip","floor":15},{"not_picked":["Unload","Bullet Time","Malaise"],"picked":"Singing Bowl","floor":16},{"not_picked":["Endless Agony","Poisoned Stab+1"],"picked":"Deadly Poison+1","floor":18}],"player_experience":155345,"relics_obtained":[{"floor":6,"key":"Singing Bowl"},{"floor":9,"key":"Bronze Scales"},{"floor":13,"key":"Snake Skull"}],"event_choices":[{"damage_healed":0,"gold_gain":0,"player_choice":"Take Damage","damage_taken":17,"relics_obtained":["Golden Idol"],"max_hp_gain":0,"max_hp_loss":0,"event_name":"Golden Idol","floor":2,"gold_loss":0},{"damage_healed":0,"gold_gain":0,"player_choice":"Ignored","damage_taken":0,"max_hp_gain":0,"max_hp_loss":0,"event_name":"Shining Light","floor":5,"gold_loss":0},{"damage_healed":0,"gold_gain":0,"player_choice":"Success","damage_taken":12,"relics_obtained":["Dream Catcher"],"max_hp_gain":0,"max_hp_loss":0,"event_name":"Scrap Ooze","floor":10,"gold_loss":0},{"damage_healed":0,"gold_gain":0,"player_choice":"Fight","damage_taken":0,"max_hp_gain":0,"max_hp_loss":0,"event_name":"Colosseum","floor":19,"gold_loss":0},{"damage_healed":0,"gold_gain":0,"player_choice":"Fought Nobs","damage_taken":0,"max_hp_gain":0,"max_hp_loss":0,"event_name":"Colosseum","floor":19,"gold_loss":0}],"is_beta":false,"boss_relics":[{"not_picked":["Velvet Choker","Lizard Tail"],"picked":"Ring of the Serpent"}],"items_purged_floors":[4],"is_endless":false,"potions_floor_spawned":[1,7,8,14,18,19],"killed_by":"Colosseum Nobs","ascension_level":0}