{"gold_per_floor":[118,48,48,65,81,112,37,37,91,103,132,132,132,161,161,262,262,275,289,289,309,56,56,3,3,3,3,28,28,28],"floor_reached":30,"playtime":806,"items_purged":["Strike_B","Defend_B"],"score":356,"play_id":"83ab2ba1-f6f7-4672-99f3-ed24dbbcef3f","local_time":"20190219023101","is_ascension_mode":true,"campfire_choices":[{"data":"Defragment","floor":8,"key":"SMITH"},{"data":"Loop","floor":15,"key":"SMITH"},{"floor":23,"key":"REST"},{"data":"Capacitor","floor":25,"key":"SMITH"}],"neow_cost":"NONE","seed_source_timestamp":205778480330781,"circlet_count":0,"master_deck":["Strike_B","Strike_B+1","Defend_B+1","Zap","Dualcast","Loop+1","Sunder+1","Defragment+1","Chill","Conserve Battery","Conserve Battery","Conserve Battery","Amplify","Capacitor+1","Electrodynamics","Coolheaded","Go for the Eyes"],"relics":["Cracked Core","Centennial Puzzle","Orichalcum","Blood Vial","Bag of Marbles","Empty Cage","Vajra","Letter Opener","Bag of Preparation"],"potions_floor_usage":[6,14,19,21,28,28],"damage_taken":[{"damage":1,"enemies":"Cultist","floor":1,"turns":3},{"damage":0,"enemies":"2 Louse","floor":4,"turns":1},{"damage":5,"enemies":"Small Slimes","floor":5,"turns":2},{"damage":15,"enemies":"Gremlin Nob","floor":6,"turns":4},{"damage":0,"enemies":"2 Fungi Beasts","floor":10,"turns":3},{"damage":8,"enemies":"3 Sentries","floor":11,"turns":8},{"damage":8,"enemies":"Lagavulin","floor":14,"turns":5},{"damage":13,"enemies":"Hexaghost","floor":16,"turns":8},{"damage":16,"enemies":"Spheric Guardian","floor":18,"turns":4},{"damage":16,"enemies":"Shell Parasite","floor":19,"turns":3},{"damage":27,"enemies":"Snake Plant","floor":21,"turns":4},{"damage":21,"enemies":"Slavers","floor":28,"turns":3},{"damage":15,"enemies":"Book of Stabbing","floor":30,"turns":4}],"seed_played":"-7594873428683062880","potions_obtained":[{"floor":4,"key":"Poison Potion"},{"floor":5,"key":"PowerPotion"},{"floor":14,"key":"Explosive Potion"},{"floor":16,"key":"Poison Potion"},{"floor":19,"key":"Regen Potion"},{"floor":21,"key":"Explosive Potion"},{"floor":28,"key":"Energy Potion"}],"is_trial":false,"path_per_floor":["M","$","?","M","M","E","$","R","T","M","E","?","?","E","R","B",null,"M","M","?","M","$","R","$","R","T","$","E","?","E"],"character_chosen":"DEFECT","items_purchased":["Sunder","Vajra","Coolheaded"],"campfire_rested":1,"item_purchase_floors":[2,22,24],"current_hp_per_floor":[67,67,67,67,62,47,47,47,47,47,39,24,49,43,43,32,64,50,36,36,23,23,45,45,45,45,45,26,12,0],"gold":28,"neow_bonus":"THREE_CARDS","is_prod":false,"is_daily":false,"chose_seed":false,"campfire_upgraded":3,"win_rate":0,"timestamp":1550539861,"path_taken":["M","$","?","M","?","E","$","R","T","M","E","?","?","E","R","BOSS","M","M","?","?","$","R","$","R","T","$","E","?","E"],"build_version":"2019-01-23","purchased_purges":2,"victory":false,"max_hp_per_floor":[75,75,75,75,75,75,75,75,75,75,75,75,75,75,75,75,75,75,75,75,75,75,75,75,75,75,75,75,80,80],"card_choices":[{"not_picked":["Steam","Barrage"],"picked":"Loop","floor":0},{"not_picked":["Barrage","Beam Cell","Loop"],"picked":"SKIP","floor":1},{"not_picked":["Skim","Hologram"],"picked":"Defragment","floor":4},{"not_picked":["Double Energy","Turbo"],"picked":"Chill","floor":5},{"not_picked":["Stack","Genetic Algorithm"],"picked":"Conserve Battery","floor":6},{"not_picked":["Hologram","Double Energy"],"picked":"Conserve Battery","floor":10},{"not_picked":["Turbo","Steam Power","Force Field"],"picked":"SKIP","floor":11},{"not_picked":["Reprogram","Recycle"],"picked":"Conserve Battery","floor":14},{"not_picked":["Rainbow","Meteor Strike"],"picked":"Amplify","floor":16},{"not_picked":["Hologram","Sweeping Beam","Steam+1"],"picked":"SKIP","floor":18},{"not_picked":["Leap","Sweeping Beam"],"picked":"Capacitor","floor":19},{"not_picked":["Turbo","Conserve Battery"],"picked":"Electrodynamics","floor":21},{"not_picked":["Stack+1","Scrape"],"picked":"Go for the Eyes","floor":28}],"player_experience":239091,"relics_obtained":[{"floor":6,"key":"Centennial Puzzle"},{"floor":9,"key":"Orichalcum"},{"floor":11,"key":"Blood Vial"},{"floor":14,"key":"Bag of Marbles"},{"floor":26,"key":"Letter Opener"},{"floor":28,"key":"Bag of Preparation"}],"event_choices":[{"damage_healed":0,"gold_gain":0,"player_choice":"Forge","damage_taken":0,"max_hp_gain":0,"max_hp_loss":0,"event_name":"Accursed Blacksmith","floor":3,"gold_loss":0,"cards_upgraded":["Sunder"]},{"damage_healed":0,"gold_gain":0,"player_choice":"Entered Light","damage_taken":15,"max_hp_gain":0,"max_hp_loss":0,"event_name":"Shining Light","floor":12,"gold_loss":0,"cards_upgraded":["Defend_B","Strike_B"]},{"damage_healed":25,"gold_gain":0,"player_choice":"Banana","damage_taken":0,"max_hp_gain":0,"max_hp_loss":0,"event_name":"Big Fish","floor":13,"gold_loss":0},{"cards_removed":["Defend_B"],"damage_healed":0,"gold_gain":0,"player_choice":"Purged","damage_taken":0,"max_hp_gain":0,"max_hp_loss":0,"event_name":"Purifier","floor":20,"gold_loss":0},{"damage_healed":0,"gold_gain":0,"player_choice":"Shed Blood","damage_taken":19,"max_hp_gain":5,"max_hp_loss":0,"event_name":"Forgotten Altar","floor":29,"gold_loss":0}],"is_beta":false,"boss_relics":[{"not_picked":["Black Star","Fusion Hammer"],"picked":"Empty Cage"}],"items_purged_floors":[7,22],"is_endless":false,"potions_floor_spawned":[4,5,14,16,19,21,28],"killed_by":"Book of Stabbing","ascension_level":7}