{"gold_per_floor":[12,12,12,25,39,68,343,343,343,358,358,379,454,478,478,574,574,587,605,880,880,276,276,307,325,348,348,69,69,69,87,87,185,185,200],"floor_reached":35,"playtime":1675,"items_purged":["Regret","Regret"],"score":774,"play_id":"92c823d7-67eb-41a8-840f-27e2d353fc36","local_time":"20190321075321","is_ascension_mode":true,"campfire_choices":[{"data":"Zap","floor":8.0,"key":"SMITH"},{"data":"Buffer","floor":15.0,"key":"SMITH"},{"data":"The Bomb","floor":23.0,"key":"SMITH"},{"floor":30.0,"key":"REST"},{"floor":32.0,"key":"REST"}],"neow_cost":"NO_GOLD","seed_source_timestamp":0,"circlet_count":0,"master_deck":["AscendersBane","Defend_B+1","Defend_B","Defend_B","Defend_B+1","Zap+1","Dualcast","Ball Lightning+1","Buffer+1","Rebound+1","Undo","Self Repair","Buffer+1","Echo Form","Leap","Chill","Genetic Algorithm","Chill","Chill","Cold Snap","Bite","Bite","Bite","Bite","Bite","The Bomb+1","Body Slam","Mayhem","Writhe","Prepared","Blur+1","Offering"],"special_seed":0,"relics":["Cracked Core","Torii","Juzu Bracelet","Shuriken","Golden Idol","Orrery","PrismaticShard","Whetstone","Dream Catcher","War Paint","Pen Nib","Inserter"],"potions_floor_usage":[],"damage_taken":[{"damage":0.0,"enemies":"Small Slimes","floor":1.0,"turns":3.0},{"damage":0.0,"enemies":"2 Louse","floor":4.0,"turns":2.0},{"damage":0.0,"enemies":"Cultist","floor":5.0,"turns":2.0},{"damage":0.0,"enemies":"Lagavulin","floor":6.0,"turns":6.0},{"damage":19.0,"enemies":"Large Slime","floor":10.0,"turns":5.0},{"damage":0.0,"enemies":"Red Slaver","floor":12.0,"turns":4.0},{"damage":2.0,"enemies":"2 Fungi Beasts","floor":14.0,"turns":4.0},{"damage":92.0,"enemies":"Slime Boss","floor":16.0,"turns":14.0},{"damage":9.0,"enemies":"3 Byrds","floor":18.0,"turns":7.0},{"damage":7.0,"enemies":"Shell Parasite","floor":19.0,"turns":8.0},{"damage":39.0,"enemies":"Gremlin Leader","floor":24.0,"turns":9.0},{"damage":26.0,"enemies":"Snecko","floor":25.0,"turns":8.0},{"damage":9.0,"enemies":"Chosen and Byrds","floor":31.0,"turns":8.0},{"damage":17.0,"enemies":"Champ","floor":33.0,"turns":14.0},{"damage":1.0,"enemies":"3 Shapes","floor":35.0,"turns":6.0}],"seed_played":"-1046615072293279904","potions_obtained":[{"floor":6.0,"key":"Regen Potion"},{"floor":10.0,"key":"SpeedPotion"},{"floor":12.0,"key":"Regen Potion"},{"floor":16.0,"key":"Energy Potion"},{"floor":18.0,"key":"Weak Potion"},{"floor":24.0,"key":"SpeedPotion"},{"floor":25.0,"key":"PowerPotion"}],"is_trial":false,"path_per_floor":["M","?","?","M","M","E","?","R","T","M","?","M","?","M","R","B",null,"M","M","?","?","$","R","E","M","T","?","$","?","R","M","R","B",null,"M"],"character_chosen":"DEFECT","items_purchased":["PowerPotion","PrismaticShard","The Bomb","Explosive Potion","Mayhem"],"campfire_rested":2,"item_purchase_floors":[22,22,22,22,28],"current_hp_per_floor":[64,64,64,64,64,64,64,64,64,52,52,59,48,53,53,10,51,42,49,49,44,44,44,20,8,8,8,8,8,21,22,35,44,44,44],"gold":200,"neow_bonus":"ONE_RARE_RELIC","is_prod":false,"is_daily":false,"chose_seed":false,"campfire_upgraded":3,"win_rate":0,"timestamp":1553172801,"path_taken":["M","?","?","?","M","E","?","R","T","M","?","M","?","M","R","BOSS","M","M","?","?","$","R","E","M","T","?","?","?","R","M","R","BOSS","M"],"build_version":"2019-01-23","purchased_purges":2,"victory":false,"max_hp_per_floor":[71,71,71,71,71,71,71,71,71,71,64,64,64,64,64,64,64,64,64,64,44,44,44,44,44,44,44,44,44,44,44,44,44,44,44],"card_choices":[{"not_picked":["Redo","Gash"],"picked":"Ball Lightning","floor":1.0},{"not_picked":["Sweeping Beam","Rip and Tear"],"picked":"Rebound","floor":4.0},{"not_picked":["Rebound","Doom and Gloom"],"picked":"Undo","floor":5.0},{"not_picked":["Gash","Beam Cell"],"picked":"Self Repair","floor":6.0},{"not_picked":["Compile Driver","Hologram"],"picked":"Buffer","floor":10.0},{"not_picked":["Hologram","Go for the Eyes","Fusion"],"picked":"SKIP","floor":12.0},{"not_picked":["Sweeping Beam","Redo","Turbo"],"picked":"SKIP","floor":14.0},{"not_picked":["All For One","Buffer"],"picked":"Echo Form","floor":16.0},{"not_picked":["Barrage","Genetic Algorithm"],"picked":"Leap","floor":17.0},{"not_picked":["Steam","Go for the Eyes"],"picked":"Chill","floor":17.0},{"not_picked":["Lockon","Heatsinks"],"picked":"Genetic Algorithm","floor":17.0},{"not_picked":["Sweeping Beam","Turbo"],"picked":"Chill","floor":17.0},{"not_picked":["Stack","Turbo"],"picked":"Chill","floor":17.0},{"not_picked":["Genetic Algorithm","FTL"],"picked":"Cold Snap","floor":18.0},{"not_picked":["Go for the Eyes","Steam+1","Undo"],"picked":"SKIP","floor":19.0},{"not_picked":["Double Energy","Double Tap"],"picked":"Body Slam","floor":24.0},{"not_picked":["Intimidate","Flying Knee","Perfected Strike"],"picked":"SKIP","floor":25.0},{"not_picked":["Sentinel","Dagger Throw"],"picked":"Prepared","floor":30.0},{"not_picked":["Thunderclap","True Grit","Feel No Pain"],"picked":"SKIP","floor":31.0},{"not_picked":["Leap","Combust+1"],"picked":"Blur+1","floor":32.0},{"not_picked":["Fiend Fire","Meteor Strike"],"picked":"Offering","floor":33.0}],"player_experience":760281,"relics_obtained":[{"floor":6.0,"key":"Juzu Bracelet"},{"floor":9.0,"key":"Shuriken"},{"floor":24.0,"key":"Whetstone"},{"floor":26.0,"key":"Dream Catcher"}],"event_choices":[{"damage_healed":0.0,"max_hp_gain":0.0,"max_hp_loss":0.0,"gold_gain":0.0,"cards_transformed":["Strike_B"],"event_name":"Living Wall","player_choice":"Change","floor":2.0,"gold_loss":0.0,"damage_taken":0.0,"cards_obtained":["Buffer"]},{"damage_healed":0.0,"max_hp_gain":0.0,"max_hp_loss":0.0,"gold_gain":0.0,"event_name":"Upgrade Shrine","player_choice":"Upgraded","floor":3.0,"gold_loss":0.0,"damage_taken":0.0,"cards_upgraded":["Buffer"]},{"damage_healed":0.0,"max_hp_gain":0.0,"max_hp_loss":0.0,"gold_gain":275.0,"event_name":"Golden Shrine","player_choice":"Desecrate","floor":7.0,"gold_loss":0.0,"damage_taken":0.0,"cards_obtained":["Regret"]},{"damage_healed":0.0,"max_hp_gain":0.0,"max_hp_loss":7.0,"gold_gain":0.0,"event_name":"Golden Idol","player_choice":"Lose Max HP","floor":11.0,"gold_loss":0.0,"damage_taken":0.0,"relics_obtained":["Golden Idol"]},{"damage_healed":0.0,"max_hp_gain":0.0,"max_hp_loss":0.0,"gold_gain":75.0,"event_name":"World of Goop","player_choice":"Gather Gold","floor":13.0,"gold_loss":0.0,"damage_taken":11.0},{"damage_healed":0.0,"max_hp_gain":0.0,"max_hp_loss":0.0,"gold_gain":275.0,"event_name":"Golden Shrine","player_choice":"Desecrate","floor":20.0,"gold_loss":0.0,"damage_taken":0.0,"cards_obtained":["Regret"]},{"damage_healed":0.0,"max_hp_gain":0.0,"max_hp_loss":20.0,"gold_gain":0.0,"event_name":"Vampires","player_choice":"Became a vampire","floor":21.0,"gold_loss":0.0,"damage_taken":0.0,"cards_obtained":["Bite","Bite","Bite","Bite","Bite"]},{"damage_healed":0.0,"max_hp_gain":0.0,"max_hp_loss":0.0,"gold_gain":0.0,"event_name":"WeMeetAgain","player_choice":"Gave Potion","floor":27.0,"gold_loss":0.0,"damage_taken":0.0,"relics_obtained":["War Paint"]},{"damage_healed":0.0,"max_hp_gain":0.0,"max_hp_loss":0.0,"gold_gain":0.0,"event_name":"The Mausoleum","player_choice":"Opened","floor":29.0,"gold_loss":0.0,"damage_taken":0.0,"relics_obtained":["Pen Nib"],"cards_obtained":["Writhe"]}],"is_beta":false,"boss_relics":[{"not_picked":["Pandora\u0027s Box","Black Star"],"picked":"Orrery"},{"not_picked":["Fusion Hammer","Coffee Dripper"],"picked":"Inserter"}],"items_purged_floors":[22,28],"is_endless":false,"potions_floor_spawned":[6,10,12,16,18,24,25],"killed_by":"3 Shapes","ascension_level":16}