{"gold_per_floor":[112,127,139,159,159,171,217,229,241,266,312,324,336,360,372,487,499,529,71,87,87,87,116,116,136,136,154,154,168,168,179,179,278,278,288,299,312,312,327,327,357,357,357,357],"floor_reached":44,"playtime":3733,"items_purged":[],"score":472,"play_id":"08ccdc39-6b88-414d-b62c-9d14c396158f","local_time":"20190402000026","is_ascension_mode":false,"campfire_choices":[{"data":"Dualcast","floor":6,"key":"SMITH"},{"floor":8,"key":"REST"},{"floor":12,"key":"REST"},{"floor":15,"key":"REST"},{"floor":24,"key":"REST"},{"floor":28,"key":"REST"},{"floor":30,"key":"REST"},{"floor":32,"key":"REST"},{"floor":40,"key":"REST"},{"floor":42,"key":"REST"}],"neow_cost":"NONE","seed_source_timestamp":2212317911417,"circlet_count":0,"master_deck":["Strike_B+1","Strike_B+1","Defend_B+1","Defend_B+1","Defend_B+1","Defend_B+1","Zap","Dualcast+1","Multi-Cast","Cold Snap","Darkness","Streamline+1","Barrage","Coolheaded","Streamline+1","Conserve Battery","Compile Driver+1","Creative AI","Barrage","Loop","Coolheaded","Beam Cell","BootSequence","Gash","Stack","Streamline+1","All For One","Steam","Gash+1","White Noise","Hologram+1","Ball Lightning"],"relics":["Cracked Core","MawBank","Bird Faced Urn","Pear","Bottled Flame","Nuclear Battery","Bronze Scales","Bottled Lightning","Happy Flower","Whetstone","Dodecahedron","Empty Cage","Centennial Puzzle","Ice Cream"],"potions_floor_usage":[29,29,41,41],"damage_taken":[{"damage":0,"enemies":"Small Slimes","floor":1,"turns":3},{"damage":1,"enemies":"Jaw Worm","floor":2,"turns":4},{"damage":5,"enemies":"2 Louse","floor":3,"turns":4},{"damage":0,"enemies":"Large Slime","floor":4,"turns":5},{"damage":51,"enemies":"Gremlin Nob","floor":7,"turns":5},{"damage":0,"enemies":"3 Louse","floor":10,"turns":2},{"damage":23,"enemies":"Lagavulin","floor":11,"turns":5},{"damage":1,"enemies":"Exordium Thugs","floor":14,"turns":5},{"damage":27,"enemies":"The Guardian","floor":16,"turns":12},{"damage":16,"enemies":"2 Thieves","floor":18,"turns":4},{"damage":9,"enemies":"Chosen","floor":20,"turns":4},{"damage":60,"enemies":"Gremlin Leader","floor":23,"turns":9},{"damage":6,"enemies":"Snake Plant","floor":25,"turns":3},{"damage":14,"enemies":"Chosen and Byrds","floor":27,"turns":6},{"damage":17,"enemies":"Centurion and Healer","floor":29,"turns":6},{"damage":15,"enemies":"Snake Plant","floor":31,"turns":4},{"damage":69,"enemies":"Automaton","floor":33,"turns":12},{"damage":32,"enemies":"3 Darklings","floor":35,"turns":5},{"damage":0,"enemies":"Orb Walker","floor":36,"turns":3},{"damage":17,"enemies":"3 Darklings","floor":37,"turns":7},{"damage":45,"enemies":"Transient","floor":39,"turns":5},{"damage":28,"enemies":"Nemesis","floor":41,"turns":7},{"damage":53,"enemies":"Giant Head","floor":44,"turns":8}],"seed_played":"-8334170307388009186","potions_obtained":[{"floor":3,"key":"Regen Potion"},{"floor":4,"key":"GamblersBrew"},{"floor":11,"key":"EssenceOfSteel"},{"floor":29,"key":"Strength Potion"},{"floor":39,"key":"EssenceOfSteel"}],"is_trial":false,"path_per_floor":["M","M","M","M","?","R","E","R","T","M","E","R","?","M","R","B",null,"M","$","M","?","?","E","R","M","T","M","R","M","R","M","R","B",null,"M","M","M","?","M","R","E","R","T","E"],"character_chosen":"DEFECT","items_purchased":["Loop","Bronze Scales","Bottled Lightning"],"campfire_rested":9,"item_purchase_floors":[19,19,19],"current_hp_per_floor":[75,74,69,69,62,62,11,33,43,43,20,45,45,44,69,42,85,69,69,62,62,62,4,29,23,23,11,36,44,69,58,83,30,85,61,63,52,52,13,37,21,45,45,0],"gold":357,"neow_bonus":"ONE_RANDOM_RARE_CARD","is_prod":false,"is_daily":false,"chose_seed":false,"campfire_upgraded":1,"win_rate":0.0,"timestamp":1554177626,"path_taken":["M","M","M","M","?","R","E","R","T","M","E","R","?","M","R","BOSS","M","$","M","?","?","E","R","M","T","M","R","M","R","M","R","BOSS","M","M","M","?","M","R","E","R","T","E"],"build_version":"2019-01-23","purchased_purges":0,"victory":false,"max_hp_per_floor":[75,75,75,75,75,75,75,75,85,85,85,85,85,85,85,85,85,85,85,85,85,85,85,85,85,85,85,85,85,85,85,85,85,85,85,85,85,81,81,81,81,81,81,81],"card_choices":[{"not_picked":["Force Field","Hologram"],"picked":"Cold Snap","floor":1},{"not_picked":["Steam","Melter"],"picked":"Darkness","floor":2},{"not_picked":["Sweeping Beam","Redo"],"picked":"Streamline","floor":3},{"not_picked":["Go for the Eyes","Streamline"],"picked":"Barrage","floor":4},{"not_picked":["Rebound","Multi-Cast"],"picked":"Coolheaded","floor":7},{"not_picked":["Force Field","BootSequence"],"picked":"Streamline","floor":10},{"not_picked":["Hologram","Streamline"],"picked":"Conserve Battery","floor":11},{"not_picked":["Ball Lightning","Reprogram"],"picked":"Compile Driver","floor":14},{"not_picked":["All For One","Multi-Cast"],"picked":"Creative AI","floor":16},{"not_picked":["Static Discharge","Steam"],"picked":"Barrage","floor":18},{"not_picked":["Skim+1","Double Energy"],"picked":"Coolheaded","floor":20},{"not_picked":["Hologram","Tempest"],"picked":"Beam Cell","floor":23},{"not_picked":["Sweeping Beam","Static Discharge"],"picked":"BootSequence","floor":25},{"not_picked":["Hologram","Defragment+1"],"picked":"Gash","floor":27},{"not_picked":["Fission","Capacitor"],"picked":"Stack","floor":29},{"not_picked":["Sweeping Beam","Coolheaded+1"],"picked":"Streamline+1","floor":31},{"not_picked":["Fission","Creative AI"],"picked":"All For One","floor":33},{"not_picked":["Sweeping Beam","Go for the Eyes"],"picked":"Steam","floor":35},{"not_picked":["Loop+1","Steam"],"picked":"Gash+1","floor":36},{"not_picked":["Go for the Eyes","Stack"],"picked":"White Noise","floor":37},{"not_picked":["Streamline","Reprogram"],"picked":"Hologram+1","floor":39},{"not_picked":["Aggregate+1","Conserve Battery"],"picked":"Ball Lightning","floor":41}],"player_experience":24936,"relics_obtained":[{"floor":7,"key":"Bird Faced Urn"},{"floor":9,"key":"Pear"},{"floor":11,"key":"Bottled Flame"},{"floor":23,"key":"Whetstone"},{"floor":26,"key":"Dodecahedron"},{"floor":41,"key":"Centennial Puzzle"},{"floor":43,"key":"Ice Cream"}],"event_choices":[{"damage_healed":0,"gold_gain":0,"player_choice":"Success","damage_taken":7,"relics_obtained":["MawBank"],"max_hp_gain":0,"max_hp_loss":0,"event_name":"Scrap Ooze","floor":5,"gold_loss":0},{"damage_healed":0,"gold_gain":0,"player_choice":"Grow","damage_taken":0,"max_hp_gain":0,"max_hp_loss":0,"event_name":"Living Wall","floor":13,"gold_loss":0,"cards_upgraded":["Streamline"]},{"damage_healed":0,"gold_gain":0,"player_choice":"Opened","damage_taken":0,"relics_obtained":["Happy Flower"],"max_hp_gain":0,"max_hp_loss":0,"event_name":"The Mausoleum","floor":21,"gold_loss":0},{"damage_healed":0,"gold_gain":0,"player_choice":"Simplicity","damage_taken":0,"max_hp_gain":0,"max_hp_loss":0,"event_name":"Back to Basics","floor":22,"gold_loss":0,"cards_upgraded":["Strike_B","Strike_B","Strike_B","Strike_B","Defend_B","Defend_B","Defend_B","Defend_B"]},{"damage_healed":0,"gold_gain":0,"player_choice":"Max HP","damage_taken":0,"max_hp_gain":0,"max_hp_loss":4,"event_name":"Winding Halls","floor":38,"gold_loss":0}],"is_beta":false,"boss_relics":[{"not_picked":["Runic Pyramid","Astrolabe"],"picked":"Nuclear Battery"},{"not_picked":["Runic Dome","Coffee Dripper"],"picked":"Empty Cage"}],"items_purged_floors":[],"is_endless":false,"potions_floor_spawned":[3,4,11,23,25,27,29,39],"killed_by":"Giant Head","ascension_level":0}