{"gold_per_floor":[117,23,23,42,192,192,40,40,119,194,15,44,44,71,71,71],"floor_reached":16,"playtime":414,"items_purged":["Doubt"],"score":183,"play_id":"2a9694f7-7979-41be-954d-a4aad947b23b","local_time":"20190329003042","is_ascension_mode":true,"campfire_choices":[{"data":"Replay:Sssssssssstrike","floor":6.0,"key":"SMITH"},{"data":"ReplayGash","floor":8.0,"key":"SMITH"},{"floor":13.0,"key":"REST"},{"floor":15.0,"key":"REST"}],"neow_cost":"NONE","seed_source_timestamp":703274087895915,"circlet_count":0,"master_deck":["AscendersBane","Strike_B","Strike_B","Strike_B","Strike_B","Defend_B","Defend_B","Defend_B","Defend_B","Zap","Dualcast","Replay:Sssssssssstrike+1","Rainbow","ReplayGash+1","Midas Touch","Gash"],"special_seed":0,"relics":["ChewingGum","Tiny Chest","Happy Flower","Strawberry"],"potions_floor_usage":[],"damage_taken":[{"damage":9.0,"enemies":"2 Louse","floor":1.0,"turns":3.0},{"damage":4.0,"enemies":"Small Slimes","floor":4.0,"turns":3.0},{"damage":14.0,"enemies":"Erikyupuro","floor":12.0,"turns":6.0},{"damage":79,"enemies":"Slime Boss","floor":16,"turns":8}],"seed_played":"431034634412725844","potions_obtained":[{"floor":1.0,"key":"Dexterity Potion"}],"is_trial":false,"path_per_floor":["M","$","?","M","?","R","$","R","T","?","$","E","R","T","R","B"],"character_chosen":"DEFECT","items_purchased":["Replay:Sssssssssstrike","ReplayGash","Midas Touch"],"campfire_rested":2,"item_purchase_floors":[2,7,11],"current_hp_per_floor":[55,55,55,51,51,51,51,51,51,40,40,26,47,54,77,0],"gold":71,"neow_bonus":"BOSS_RELIC","is_prod":false,"is_daily":false,"chose_seed":false,"campfire_upgraded":2,"win_rate":0,"timestamp":1553837442,"path_taken":["M","$","?","M","?","R","$","R","T","?","$","E","R","?","R","BOSS"],"build_version":"2019-01-23","purchased_purges":1,"victory":false,"max_hp_per_floor":[71,71,71,71,71,71,71,71,71,71,71,71,71,78,78,78],"card_choices":[{"not_picked":["Darkness","Barrage","Gash"],"picked":"SKIP","floor":1.0},{"not_picked":["Redo","Turbo"],"picked":"Rainbow","floor":4.0},{"not_picked":["ReplayTheSpireMod:GoodbyeWorld","Coolheaded"],"picked":"Gash","floor":12.0}],"player_experience":864548,"relics_obtained":[{"floor":9.0,"key":"Tiny Chest"},{"floor":12.0,"key":"Happy Flower"},{"floor":14.0,"key":"Strawberry"}],"event_choices":[{"damage_healed":0.0,"max_hp_gain":0.0,"max_hp_loss":0.0,"gold_gain":0.0,"event_name":"Shining Light","player_choice":"Ignored","floor":3.0,"gold_loss":0.0,"damage_taken":0.0},{"damage_healed":0.0,"max_hp_gain":0.0,"max_hp_loss":0.0,"gold_gain":150.0,"event_name":"Liars Game","player_choice":"AGREE","floor":5.0,"gold_loss":0.0,"damage_taken":0.0,"cards_obtained":["Doubt"]},{"damage_healed":0.0,"max_hp_gain":0.0,"max_hp_loss":0.0,"gold_gain":75.0,"event_name":"World of Goop","player_choice":"Gather Gold","floor":10.0,"gold_loss":0.0,"damage_taken":11.0}],"is_beta":false,"boss_relics":[],"items_purged_floors":[7],"is_endless":false,"potions_floor_spawned":[1],"killed_by":"Slime Boss","ascension_level":19}