{"gold_per_floor":[109,109,109,109,34,61,61,61,61,80,101,127,27,42,42,147,197,212,64,64,82,82,82,98,98,123,141,66,79,79,79,79,174,174,186,186],"floor_reached":36,"playtime":5925,"items_purged":["Defend_B","Strike_B"],"score":522,"play_id":"da9fa4e9-9787-49df-a153-d94dc13087d2","local_time":"20190217031642","is_ascension_mode":true,"campfire_choices":[{"data":"Doom and Gloom","floor":7,"key":"SMITH"},{"data":"Sweeping Beam","floor":15,"key":"SMITH"},{"data":"Zap","floor":23,"key":"SMITH"},{"floor":30,"key":"REST"},{"floor":32,"key":"REST"}],"neow_cost":"NONE","seed_source_timestamp":30610133137533,"circlet_count":0,"master_deck":["Strike_B","Strike_B","Defend_B+1","Zap+1","Dualcast","Chill","Doom and Gloom+1","Capacitor","Sweeping Beam+1","Chill","Echo Form","Go for the Eyes","Sweeping Beam","RitualDagger","Reinforced Body","Blizzard","Rainbow","Gash"],"relics":["Cracked Core","Nunchaku","Lantern","Odd Mushroom","Pear","Tiny House","Orichalcum","Omamori","Juzu Bracelet","Cursed Key"],"potions_floor_usage":[27,33,36],"damage_taken":[{"damage":1,"enemies":"2 Louse","floor":1,"turns":2},{"damage":15,"enemies":"3 Sentries","floor":6,"turns":11},{"damage":5,"enemies":"Small Slimes","floor":10,"turns":3},{"damage":3,"enemies":"The Mushroom Lair","floor":11,"turns":3},{"damage":31,"enemies":"Lagavulin","floor":12,"turns":5},{"damage":0,"enemies":"Cultist","floor":14,"turns":2},{"damage":41,"enemies":"Hexaghost","floor":16,"turns":9},{"damage":12,"enemies":"Chosen","floor":18,"turns":5},{"damage":23,"enemies":"Shell Parasite","floor":21,"turns":8},{"damage":5,"enemies":"Snecko","floor":24,"turns":5},{"damage":12,"enemies":"Snake Plant","floor":27,"turns":7},{"damage":0,"enemies":"Cultist and Chosen","floor":29,"turns":5},{"damage":43,"enemies":"Champ","floor":33,"turns":11},{"damage":22,"enemies":"3 Shapes","floor":35,"turns":3},{"damage":87,"enemies":"2 Orb Walkers","floor":36,"turns":4}],"seed_played":"-3769932901967596668","potions_obtained":[{"floor":6,"key":"SteroidPotion"},{"floor":11,"key":"Energy Potion"},{"floor":16,"key":"Block Potion"},{"floor":17,"key":"Explosive Potion"},{"floor":18,"key":"Regen Potion"},{"floor":21,"key":"FocusPotion"},{"floor":35,"key":"Regen Potion"}],"is_trial":false,"path_per_floor":["M","?","$","?","$","E","R","?","T","M","?","E","$","M","R","B",null,"M","$","?","M","?","R","M","?","T","M","?","M","R","?","R","B",null,"M","?"],"character_chosen":"DEFECT","items_purchased":["Orichalcum"],"campfire_rested":2,"item_purchase_floors":[19],"current_hp_per_floor":[74,79,79,72,72,57,57,87,87,82,79,58,58,58,58,17,82,70,70,64,41,41,41,36,36,36,39,39,39,69,69,99,56,91,69,0],"gold":186,"neow_bonus":"TEN_PERCENT_HP_BONUS","is_prod":false,"is_daily":false,"chose_seed":false,"campfire_upgraded":3,"win_rate":0,"timestamp":1550369802,"path_taken":["M","?","$","?","$","E","R","?","T","?","?","E","$","M","R","BOSS","M","$","?","M","?","R","M","?","T","M","?","?","R","?","R","BOSS","M","?"],"build_version":"2019-01-23","purchased_purges":2,"victory":false,"max_hp_per_floor":[82,87,87,87,87,87,87,87,87,87,87,97,97,97,97,97,102,102,102,102,102,102,102,102,102,102,102,102,102,102,102,102,102,102,102,102],"card_choices":[{"not_picked":["Steam","Turbo"],"picked":"Chill","floor":1},{"not_picked":["Stack","Thunder Strike"],"picked":"Doom and Gloom","floor":6},{"not_picked":["Beam Cell","Redo"],"picked":"Capacitor","floor":10},{"not_picked":["Doom and Gloom","Skim"],"picked":"Sweeping Beam","floor":11},{"not_picked":["Blizzard","Turbo"],"picked":"Chill","floor":12},{"not_picked":["Redo","Rebound","Beam Cell"],"picked":"SKIP","floor":14},{"not_picked":["Amplify","Core Surge"],"picked":"Echo Form","floor":16},{"not_picked":["Leap","Hologram"],"picked":"Go for the Eyes","floor":17},{"not_picked":["Rebound","Turbo"],"picked":"Sweeping Beam","floor":18},{"not_picked":["Streamline","Rebound+1","Go for the Eyes"],"picked":"SKIP","floor":21},{"not_picked":["Steam Power","Hello World"],"picked":"Reinforced Body","floor":24},{"not_picked":["Beam Cell","BootSequence","Turbo"],"picked":"SKIP","floor":27},{"not_picked":["Hello World","Turbo"],"picked":"Blizzard","floor":29},{"not_picked":["Echo Form","All For One"],"picked":"Rainbow","floor":33},{"not_picked":["Sweeping Beam","Hologram"],"picked":"Gash","floor":35}],"player_experience":229657,"relics_obtained":[{"floor":6,"key":"Nunchaku"},{"floor":9,"key":"Lantern"},{"floor":11,"key":"Odd Mushroom"},{"floor":12,"key":"Pear"},{"floor":26,"key":"Omamori"}],"event_choices":[{"damage_healed":0,"gold_gain":0,"player_choice":"Donut","damage_taken":0,"max_hp_gain":5,"max_hp_loss":0,"event_name":"Big Fish","floor":2,"gold_loss":0},{"cards_removed":["Strike_B"],"damage_healed":0,"gold_gain":0,"player_choice":"Card Removal","damage_taken":7,"max_hp_gain":0,"max_hp_loss":0,"event_name":"Golden Wing","floor":4,"gold_loss":0},{"damage_healed":30,"gold_gain":0,"player_choice":"Full Heal","damage_taken":0,"max_hp_gain":0,"max_hp_loss":0,"event_name":"Wheel of Change","floor":8,"gold_loss":0},{"damage_healed":0,"gold_gain":0,"player_choice":"Fought Mushrooms","damage_taken":0,"max_hp_gain":0,"max_hp_loss":0,"event_name":"Mushrooms","floor":11,"gold_loss":0},{"damage_healed":0,"gold_gain":0,"player_choice":"Joined the Cult","damage_taken":6,"max_hp_gain":0,"max_hp_loss":0,"event_name":"Nest","floor":20,"gold_loss":0,"cards_obtained":["RitualDagger"]},{"cards_removed":["Defend_B"],"damage_healed":0,"gold_gain":0,"player_choice":"Elegance","damage_taken":0,"max_hp_gain":0,"max_hp_loss":0,"event_name":"Back to Basics","floor":22,"gold_loss":0},{"damage_healed":0,"gold_gain":0,"player_choice":"Ignored","damage_taken":0,"max_hp_gain":0,"max_hp_loss":0,"event_name":"Ghosts","floor":25,"gold_loss":0},{"cards_removed":["Defend_B"],"damage_healed":0,"gold_gain":0,"player_choice":"Gave Gold","damage_taken":0,"max_hp_gain":0,"max_hp_loss":0,"event_name":"Beggar","floor":28,"gold_loss":75},{"damage_healed":0,"gold_gain":0,"player_choice":"Opened","damage_taken":0,"relics_obtained":["Juzu Bracelet"],"max_hp_gain":0,"max_hp_loss":0,"event_name":"The Mausoleum","floor":31,"gold_loss":0},{"damage_healed":0,"gold_gain":0,"player_choice":"Fight","damage_taken":0,"max_hp_gain":0,"max_hp_loss":0,"event_name":"Mysterious Sphere","floor":36,"gold_loss":0}],"is_beta":false,"boss_relics":[{"not_picked":["Pandora\u0027s Box","White Beast Statue"],"picked":"Tiny House"},{"not_picked":["Velvet Choker","Runic Dome"],"picked":"Cursed Key"}],"items_purged_floors":[5,13],"is_endless":false,"potions_floor_spawned":[6,11,16,18,21,24,35],"killed_by":"2 Orb Walkers","ascension_level":7}