{"gold_per_floor":[119,44,44,44,44,44,80,110,134,167,32,32,52,73,73,194,257,280,280,305,381,397,397,437,437,437,437,457,382,382,382],"floor_reached":31,"playtime":966,"items_purged":["Strike_R","Strike_R"],"score":301,"play_id":"d516fe62-0165-410d-a492-2840b39ee5e4","local_time":"20181122061708","is_ascension_mode":false,"campfire_choices":[{"data":"Heavy Blade","floor":6,"key":"SMITH"},{"data":"Flex","floor":12,"key":"SMITH"},{"floor":15,"key":"REST"},{"floor":23,"key":"REST"},{"data":"Feed","floor":25,"key":"SMITH"},{"data":"Flex","floor":27,"key":"SMITH"}],"neow_cost":"NONE","seed_source_timestamp":166287813102036,"circlet_count":0,"master_deck":["Strike_R","Strike_R","Defend_R","Defend_R","Defend_R","Defend_R","Bash+1","Heavy Blade+1","Thunderclap","Iron Wave","Flex+1","Fire Breathing+1","Limit Break","Seeing Red","Rampage","Armaments","Flex+1","Feed+1","Iron Wave+1"],"relics":["Burning Blood","PreservedInsect","Golden Idol","Bottled Lightning","Odd Mushroom","MawBank","Tiny House","Ornamental Fan","Oddly Smooth Stone","Juzu Bracelet","Nilry\u0027s Codex"],"potions_floor_usage":[16,16,18,20,31],"damage_taken":[{"damage":6,"enemies":"Jaw Worm","floor":1,"turns":3},{"damage":26,"enemies":"3 Sentries","floor":7,"turns":7},{"damage":25,"enemies":"The Mushroom Lair","floor":8,"turns":4},{"damage":5,"enemies":"2 Louse","floor":10,"turns":3},{"damage":1,"enemies":"Cultist","floor":13,"turns":3},{"damage":14,"enemies":"Large Slime","floor":14,"turns":7},{"damage":33,"enemies":"Hexaghost","floor":16,"turns":7},{"damage":12,"enemies":"Chosen","floor":18,"turns":5},{"damage":29,"enemies":"3 Byrds","floor":20,"turns":6},{"damage":30,"enemies":"Shelled Parasite and Fungi","floor":22,"turns":8},{"damage":0,"enemies":"Gremlin Leader","floor":24,"turns":4},{"damage":22,"enemies":"Centurion and Healer","floor":28,"turns":4},{"damage":35,"enemies":"Chosen and Byrds","floor":31,"turns":5}],"seed_played":"6419643557091652978","potions_obtained":[{"floor":8,"key":"PowerPotion"},{"floor":10,"key":"Regen Potion"},{"floor":17,"key":"Poison Potion"},{"floor":18,"key":"AttackPotion"},{"floor":24,"key":"EssenceOfSteel"}],"is_trial":false,"path_per_floor":["M","$","?","?","?","R","E","?","T","M","$","R","M","M","R","B",null,"M","?","M","T","M","R","E","R","T","R","M","?","?","M"],"character_chosen":"IRONCLAD","items_purchased":["Flex"],"campfire_rested":2,"item_purchase_floors":[11],"current_hp_per_floor":[80,80,85,79,79,79,59,40,40,41,41,41,46,38,61,49,84,78,78,55,55,31,56,62,62,62,62,46,46,30,0],"gold":382,"neow_bonus":"RANDOM_COMMON_RELIC","is_prod":false,"is_daily":false,"chose_seed":false,"campfire_upgraded":4,"win_rate":0.0,"timestamp":1542863828,"path_taken":["M","$","?","?","?","R","E","?","T","?","?","R","?","M","R","BOSS","M","?","?","?","M","R","E","R","T","R","M","?","?","M"],"build_version":"2018-11-15","purchased_purges":2,"victory":false,"max_hp_per_floor":[80,80,85,79,79,79,79,79,79,79,79,79,79,79,79,79,84,84,84,84,84,84,84,84,84,84,84,84,84,84,88],"card_choices":[{"not_picked":["Wild Strike","Reckless Charge"],"picked":"Heavy Blade","floor":1},{"not_picked":["Impervious","Perfected Strike"],"picked":"Thunderclap","floor":7},{"not_picked":["Armaments","Thunderclap"],"picked":"Iron Wave","floor":8},{"not_picked":["Intimidate","Clash","Hemokinesis"],"picked":"SKIP","floor":10},{"not_picked":["Wild Strike","Heavy Blade"],"picked":"Fire Breathing","floor":13},{"not_picked":["Body Slam","Berserk","Perfected Strike"],"picked":"SKIP","floor":14},{"not_picked":["Exhume","Dark Embrace"],"picked":"Limit Break","floor":16},{"not_picked":["Thunderclap","Iron Wave"],"picked":"Seeing Red","floor":17},{"not_picked":["Battle Trance","Clash+1"],"picked":"Rampage","floor":18},{"not_picked":["Perfected Strike+1","Whirlwind"],"picked":"Armaments","floor":20},{"not_picked":["Iron Wave","Cleave"],"picked":"Flex","floor":22},{"not_picked":["Clash+1","Anger+1"],"picked":"Feed","floor":24},{"not_picked":["Armaments","Anger"],"picked":"Iron Wave+1","floor":28}],"player_experience":162634,"relics_obtained":[{"floor":7,"key":"Bottled Lightning"},{"floor":8,"key":"Odd Mushroom"},{"floor":9,"key":"MawBank"},{"floor":21,"key":"Ornamental Fan"},{"floor":24,"key":"Oddly Smooth Stone"},{"floor":26,"key":"Juzu Bracelet"},{"floor":30,"key":"Nilry\u0027s Codex"}],"event_choices":[{"damage_healed":0,"gold_gain":0,"player_choice":"Donut","damage_taken":0,"max_hp_gain":5,"max_hp_loss":0,"event_name":"Big Fish","floor":3,"gold_loss":0},{"damage_healed":0,"gold_gain":0,"player_choice":"Lose Max HP","damage_taken":0,"relics_obtained":["Golden Idol"],"max_hp_gain":0,"max_hp_loss":6,"event_name":"Golden Idol","floor":4,"gold_loss":0},{"damage_healed":0,"gold_gain":0,"player_choice":"Grow","damage_taken":0,"max_hp_gain":0,"max_hp_loss":0,"event_name":"Living Wall","floor":5,"gold_loss":0,"cards_upgraded":["Bash"]},{"damage_healed":0,"gold_gain":0,"player_choice":"Fought Mushrooms","damage_taken":0,"max_hp_gain":0,"max_hp_loss":0,"event_name":"Mushrooms","floor":8,"gold_loss":0},{"damage_healed":0,"gold_gain":0,"player_choice":"Ignored","damage_taken":0,"max_hp_gain":0,"max_hp_loss":0,"event_name":"NoteForYourself","floor":19,"gold_loss":0},{"cards_removed":["Strike_R"],"damage_healed":0,"gold_gain":0,"player_choice":"Gave Gold","damage_taken":0,"max_hp_gain":0,"max_hp_loss":0,"event_name":"Beggar","floor":29,"gold_loss":75},{"damage_healed":0,"gold_gain":0,"player_choice":"Obtained Book","damage_taken":16,"max_hp_gain":0,"max_hp_loss":0,"event_name":"Cursed Tome","floor":30,"gold_loss":0}],"is_beta":false,"boss_relics":[{"not_picked":["Cursed Key","Empty Cage"],"picked":"Tiny House"}],"items_purged_floors":[2,11],"is_endless":false,"potions_floor_spawned":[8,10,18,24],"killed_by":"Chosen and Byrds","ascension_level":0}