{"gold_per_floor":[114,126,11,11,26,26,41,41,66,80,80,100,130,130,130,234,234,254,353,369,123,123,123,156,169,169,169],"floor_reached":27,"playtime":847,"items_purged":["Pain","Tempest+1"],"score":328,"play_id":"0abb714c-bbc0-4a6d-9711-e0ed8ad0c4ba","local_time":"20181104122117","is_ascension_mode":true,"campfire_choices":[{"data":"Zap","floor":6,"key":"SMITH"},{"data":"Chaos","floor":8,"key":"SMITH"},{"floor":15,"key":"REST"},{"data":"Darkness","floor":23,"key":"SMITH"}],"neow_cost":"CURSE","seed_source_timestamp":208843560487500,"circlet_count":0,"master_deck":["Strike_B","Strike_B","Defend_B","Defend_B","Zap+1","Dualcast","Seek+1","Ball Lightning","Streamline","Skim","Darkness+1","Chaos+1","Darkness","Coolheaded","Rainbow","Beam Cell+1","Lockon+1","Go for the Eyes+1","Darkness","Conserve Battery","Darkness"],"relics":["Cracked Core","Juzu Bracelet","Bag of Preparation","Bronze Scales","Astrolabe","Happy Flower","Omamori","Ornamental Fan","Shovel"],"potions_floor_usage":[13,16,24,24,25],"damage_taken":[{"damage":9,"enemies":"2 Louse","floor":1,"turns":3},{"damage":9,"enemies":"Cultist","floor":2,"turns":3},{"damage":0,"enemies":"Small Slimes","floor":5,"turns":2},{"damage":12,"enemies":"Looter","floor":7,"turns":3},{"damage":7,"enemies":"Red Slaver","floor":10,"turns":3},{"damage":6,"enemies":"Blue Slaver","floor":12,"turns":2},{"damage":2,"enemies":"Gremlin Nob","floor":13,"turns":3},{"damage":23,"enemies":"Slime Boss","floor":16,"turns":9},{"damage":10,"enemies":"Chosen","floor":18,"turns":3},{"damage":10,"enemies":"3 Byrds","floor":20,"turns":3},{"damage":33,"enemies":"Slavers","floor":24,"turns":3},{"damage":13,"enemies":"Snecko","floor":25,"turns":3},{"damage":1,"enemies":"Centurion and Healer","floor":27,"turns":2}],"seed_played":"6043492015064760036","potions_obtained":[{"floor":1,"key":"Poison Potion"},{"floor":5,"key":"Ancient Potion"},{"floor":10,"key":"AttackPotion"},{"floor":16,"key":"Regen Potion"},{"floor":18,"key":"Ancient Potion"},{"floor":20,"key":"AttackPotion"},{"floor":24,"key":"Poison Potion"}],"is_trial":false,"path_per_floor":["M","M","$","?","M","R","M","R","T","M","?","M","E","T","R","B",null,"M","?","M","$","?","R","E","M","T","M"],"character_chosen":"DEFECT","items_purchased":["Skim","Happy Flower"],"campfire_rested":1,"item_purchase_floors":[3,21],"current_hp_per_floor":[59,50,50,50,50,50,38,38,38,31,31,25,23,23,45,22,62,52,52,42,42,42,42,14,1,1,0],"gold":169,"neow_bonus":"THREE_RARE_CARDS","is_prod":false,"is_daily":false,"chose_seed":false,"campfire_upgraded":3,"win_rate":0,"timestamp":1541355677,"path_taken":["M","M","$","?","M","R","M","R","T","M","?","M","E","?","R","BOSS","M","?","M","$","?","R","E","M","T","M"],"build_version":"2018-11-01","purchased_purges":2,"victory":false,"max_hp_per_floor":[75,75,75,75,75,75,75,75,75,75,75,75,75,75,75,75,75,75,75,75,75,75,75,75,75,75,75],"card_choices":[{"not_picked":["Fission","Reboot"],"picked":"Seek","floor":0},{"not_picked":["Defragment","Consume"],"picked":"Ball Lightning","floor":1},{"not_picked":["BootSequence","Go for the Eyes"],"picked":"Streamline","floor":2},{"not_picked":["Go for the Eyes","Lockon"],"picked":"Darkness","floor":5},{"not_picked":["Lockon","Leap"],"picked":"Chaos","floor":7},{"not_picked":["Reinforced Body","Stack"],"picked":"Coolheaded","floor":10},{"not_picked":["Go for the Eyes","Steam Power"],"picked":"Darkness","floor":12},{"not_picked":["Steam","Doom and Gloom"],"picked":"Coolheaded","floor":13},{"not_picked":["Hyperbeam","Seek"],"picked":"Rainbow","floor":16},{"not_picked":["Streamline","Beam Cell"],"picked":"Go for the Eyes+1","floor":18},{"not_picked":["Leap","Redo"],"picked":"Darkness","floor":20},{"not_picked":["Scrape+1","Sunder"],"picked":"Conserve Battery","floor":24},{"not_picked":["Leap","Scrape+1"],"picked":"Darkness","floor":25}],"player_experience":274069,"relics_obtained":[{"floor":9,"key":"Juzu Bracelet"},{"floor":13,"key":"Bag of Preparation"},{"floor":14,"key":"Bronze Scales"},{"floor":24,"key":"Ornamental Fan"},{"floor":26,"key":"Shovel"}],"event_choices":[{"cards_removed":["Strike_B"],"damage_healed":0,"gold_gain":0,"player_choice":"Card Removal","damage_taken":0,"max_hp_gain":0,"max_hp_loss":0,"event_name":"Wheel of Change","floor":4,"gold_loss":0},{"damage_healed":0,"gold_gain":0,"player_choice":"Forge","damage_taken":0,"max_hp_gain":0,"max_hp_loss":0,"event_name":"Accursed Blacksmith","floor":11,"gold_loss":0,"cards_upgraded":["Seek"]},{"damage_healed":0,"gold_gain":99,"player_choice":"Stole From Cult","damage_taken":0,"max_hp_gain":0,"max_hp_loss":0,"event_name":"Nest","floor":19,"gold_loss":0},{"cards_removed":["Coolheaded"],"damage_healed":0,"gold_gain":0,"player_choice":"Gave Card","damage_taken":0,"relics_obtained":["Omamori"],"max_hp_gain":0,"max_hp_loss":0,"event_name":"WeMeetAgain","floor":22,"gold_loss":0}],"is_beta":false,"boss_relics":[{"not_picked":["Runic Pyramid","Ectoplasm"],"picked":"Astrolabe"}],"items_purged_floors":[3,21],"is_endless":false,"potions_floor_spawned":[1,5,10,16,18,20,24],"killed_by":"Centurion and Healer","ascension_level":6}