{"gold_per_floor":[117,127,147,158,8,8,18,35,81,81,93,93,93,112,112,217,217,157,3,22,22,22,22,34,34,88,105,105,105,120,131,131,131],"floor_reached":33,"playtime":3779,"items_purged":[],"score":241,"play_id":"2de7c871-7b1f-44fa-b906-b677fd4d740c","local_time":"20190402232542","is_ascension_mode":false,"campfire_choices":[{"data":"Zap","floor":6,"key":"SMITH"},{"floor":10,"key":"REST"},{"floor":13,"key":"REST"},{"data":"Echo Form","floor":15,"key":"SMITH"},{"floor":23,"key":"REST"},{"floor":25,"key":"REST"},{"floor":28,"key":"REST"},{"floor":32,"key":"REST"}],"neow_cost":"NONE","seed_source_timestamp":86490757227913,"circlet_count":0,"master_deck":["Strike_B","Strike_B","Strike_B","Strike_B","Defend_B","Defend_B","Defend_B","Defend_B+1","Zap+1","Dualcast+1","Reinforced Body","Loop","Steam","Reinforced Body","Echo Form+1","Go for the Eyes","Genetic Algorithm+1","Leap","Coolheaded","Buffer","Cold Snap","Compile Driver","Beam Cell","Chill","Steam","Barrage+1","Lockon","Blizzard","Cold Snap","RitualDagger","Conserve Battery","BootSequence+1"],"relics":["Cracked Core","Blood Vial","Orrery","Happy Flower","Nilry\u0027s Codex","Tiny Chest"],"potions_floor_usage":[],"damage_taken":[{"damage":6,"enemies":"Jaw Worm","floor":1,"turns":3},{"damage":5,"enemies":"Small Slimes","floor":2,"turns":3},{"damage":2,"enemies":"2 Louse","floor":3,"turns":2},{"damage":0,"enemies":"Blue Slaver","floor":4,"turns":4},{"damage":0,"enemies":"Large Slime","floor":7,"turns":6},{"damage":21,"enemies":"Lots of Slimes","floor":8,"turns":4},{"damage":4,"enemies":"Looter","floor":11,"turns":3},{"damage":6,"enemies":"3 Louse","floor":14,"turns":4},{"damage":32,"enemies":"Slime Boss","floor":16,"turns":20},{"damage":25,"enemies":"2 Thieves","floor":18,"turns":4},{"damage":19,"enemies":"Chosen","floor":20,"turns":8},{"damage":13,"enemies":"Snecko","floor":24,"turns":6},{"damage":8,"enemies":"Cultist and Chosen","floor":27,"turns":9},{"damage":19,"enemies":"Centurion and Healer","floor":30,"turns":10},{"damage":19,"enemies":"Snake Plant","floor":31,"turns":8},{"damage":65,"enemies":"Collector","floor":33,"turns":5}],"seed_played":"-6380435109184349977","potions_obtained":[{"floor":1,"key":"FocusPotion"},{"floor":2,"key":"SkillPotion"},{"floor":8,"key":"Poison Potion"}],"is_trial":false,"path_per_floor":["M","M","M","M","$","R","M","M","T","R","M","?","R","M","R","B",null,"M","$","M","?","?","R","M","R","T","M","R","?","M","M","R","B"],"character_chosen":"DEFECT","items_purchased":["Echo Form","Happy Flower"],"campfire_rested":6,"item_purchase_floors":[5,19],"current_hp_per_floor":[69,64,62,62,62,62,62,41,41,63,61,46,68,64,64,34,75,50,50,33,33,17,39,28,50,50,44,66,60,43,26,48,0],"gold":131,"neow_bonus":"UPGRADE_CARD","is_prod":false,"is_daily":false,"chose_seed":false,"campfire_upgraded":2,"win_rate":0.0,"timestamp":1554261942,"path_taken":["M","M","M","M","$","R","M","M","T","R","M","?","R","M","R","BOSS","M","$","M","?","?","R","M","R","T","M","R","?","M","M","R","BOSS"],"build_version":"2019-01-23","purchased_purges":0,"victory":false,"max_hp_per_floor":[75,75,75,75,75,75,75,75,75,75,75,75,75,75,75,75,75,75,75,75,75,75,75,75,75,75,75,75,75,75,75,75,75],"card_choices":[{"not_picked":["Scrape","Ball Lightning"],"picked":"Reinforced Body","floor":1},{"not_picked":["Hologram","Redo"],"picked":"Loop","floor":2},{"not_picked":["Turbo","Streamline"],"picked":"Steam","floor":3},{"not_picked":["Turbo","Redo"],"picked":"Reinforced Body","floor":4},{"not_picked":["Double Energy","Blizzard"],"picked":"Go for the Eyes","floor":7},{"not_picked":["Streamline","Multi-Cast"],"picked":"Genetic Algorithm","floor":8},{"not_picked":["Streamline","Sweeping Beam"],"picked":"Leap","floor":11},{"not_picked":["Stack","Double Energy"],"picked":"Coolheaded","floor":14},{"not_picked":["All For One","Creative AI"],"picked":"Buffer","floor":16},{"not_picked":["Coolheaded","Hologram"],"picked":"Cold Snap","floor":17},{"not_picked":["Rebound","Barrage"],"picked":"Compile Driver","floor":17},{"not_picked":["Thunder Strike","Hologram"],"picked":"Beam Cell","floor":17},{"not_picked":["Undo","Auto Shields"],"picked":"Chill","floor":17},{"not_picked":["Turbo","Redo"],"picked":"Steam","floor":17},{"not_picked":["Stack","Beam Cell"],"picked":"Barrage+1","floor":18},{"not_picked":["Stack","Turbo"],"picked":"Lockon","floor":20},{"not_picked":["Stack","Sweeping Beam"],"picked":"Blizzard","floor":24},{"not_picked":["Gash","Redo"],"picked":"Cold Snap","floor":27},{"not_picked":["Reinforced Body+1","Sweeping Beam"],"picked":"Conserve Battery","floor":30},{"not_picked":["Steam","Auto Shields"],"picked":"BootSequence+1","floor":31}],"player_experience":38952,"relics_obtained":[{"floor":9,"key":"Blood Vial"},{"floor":22,"key":"Nilry\u0027s Codex"},{"floor":26,"key":"Tiny Chest"}],"event_choices":[{"damage_healed":0,"gold_gain":0,"player_choice":"Entered Light","damage_taken":15,"max_hp_gain":0,"max_hp_loss":0,"event_name":"Shining Light","floor":12,"gold_loss":0,"cards_upgraded":["Defend_B","Genetic Algorithm"]},{"damage_healed":0,"gold_gain":0,"player_choice":"Ignored","damage_taken":0,"max_hp_gain":0,"max_hp_loss":0,"event_name":"Beggar","floor":21,"gold_loss":0},{"damage_healed":0,"gold_gain":0,"player_choice":"Obtained Book","damage_taken":16,"max_hp_gain":0,"max_hp_loss":0,"event_name":"Cursed Tome","floor":22,"gold_loss":0},{"damage_healed":0,"gold_gain":0,"player_choice":"Joined the Cult","damage_taken":6,"max_hp_gain":0,"max_hp_loss":0,"event_name":"Nest","floor":29,"gold_loss":0,"cards_obtained":["RitualDagger"]}],"is_beta":false,"boss_relics":[{"not_picked":["Cursed Key","Tiny House"],"picked":"Orrery"}],"items_purged_floors":[],"is_endless":false,"potions_floor_spawned":[1,2,8,11,14,20,30],"killed_by":"Collector","ascension_level":0}