{"gold_per_floor":[119,119,139,153,153,153,171,202,229,243,274,307,332,363,375,517,529,566,602,614,541,576,588,600,612,676,728,760,772,804,176,176,176],"floor_reached":33,"playtime":1188,"items_purged":["Pain"],"score":337,"play_id":"0e81675a-756e-417b-bba3-6292a22353c1","local_time":"20190302120841","is_ascension_mode":true,"campfire_choices":[{"data":"Spot Weakness","floor":6.0,"key":"SMITH"},{"floor":15.0,"key":"REST"},{"floor":23.0,"key":"REST"},{"floor":25.0,"key":"DIG"},{"data":"Armaments","floor":29,"key":"SMITH"},{"floor":32,"key":"REST"}],"neow_cost":"NONE","seed_source_timestamp":302229079926,"circlet_count":0,"master_deck":["Strike_R","Strike_R","Strike_R","Strike_R+1","Strike_R","Defend_R","Defend_R","Defend_R","Defend_R","Bash+1","Pommel Strike","Injury","Spot Weakness+1","Perfected Strike","Wild Strike","Whirlwind","Limit Break","Headbutt","Flex","Whirlwind","Doubt","Perfected Strike+1","Flex+1","Flame Barrier","Headbutt","Armaments+1","Brutality","Violence","Rage"],"special_seed":0,"relics":["Burning Blood","NeowsBlessing","Golden Idol","Bag of Marbles","Strawberry","MawBank","Calling Bell","Bronze Scales","Meat on the Bone","Calipers","Shovel","Blue Candle","Regal Pillow","Anchor","Strange Spoon","Art of War"],"potions_floor_usage":[33,33],"damage_taken":[{"damage":0.0,"enemies":"Jaw Worm","floor":1.0,"turns":1.0},{"damage":0.0,"enemies":"Small Slimes","floor":3.0,"turns":1.0},{"damage":0.0,"enemies":"2 Louse","floor":4.0,"turns":1.0},{"damage":7.0,"enemies":"2 Fungi Beasts","floor":7.0,"turns":4.0},{"damage":30.0,"enemies":"Lagavulin","floor":8.0,"turns":5.0},{"damage":0.0,"enemies":"Exordium Wildlife","floor":10.0,"turns":2.0},{"damage":25.0,"enemies":"3 Sentries","floor":11.0,"turns":5.0},{"damage":0.0,"enemies":"3 Louse","floor":12.0,"turns":1.0},{"damage":0.0,"enemies":"Gremlin Gang","floor":13.0,"turns":1.0},{"damage":8.0,"enemies":"Blue Slaver","floor":14.0,"turns":2.0},{"damage":41.0,"enemies":"Slime Boss","floor":16.0,"turns":9.0},{"damage":28.0,"enemies":"2 Thieves","floor":18.0,"turns":4.0},{"damage":40.0,"enemies":"Shell Parasite","floor":19.0,"turns":4.0},{"damage":1.0,"enemies":"Snecko","floor":22.0,"turns":3.0},{"damage":39.0,"enemies":"Slavers","floor":27.0,"turns":4.0},{"damage":41,"enemies":"Shelled Parasite and Fungi","floor":28,"turns":4},{"damage":18,"enemies":"Snake Plant","floor":30,"turns":4},{"damage":70,"enemies":"Collector","floor":33,"turns":8}],"seed_played":"-2301107480828159393","potions_obtained":[{"floor":4.0,"key":"SteroidPotion"},{"floor":7.0,"key":"LiquidBronze"},{"floor":8.0,"key":"LiquidBronze"},{"floor":10.0,"key":"Swift Potion"},{"floor":16.0,"key":"Block Potion"},{"floor":19.0,"key":"Block Potion"},{"floor":28,"key":"FearPotion"},{"floor":30,"key":"Swift Potion"}],"is_trial":false,"path_per_floor":["M","?","M","M","?","R","M","E","T","M","E","M","M","M","R","B",null,"M","M","?","?","M","R","?","R","T","E","M","R","M","$","R","B"],"character_chosen":"IRONCLAD","items_purchased":["Strange Spoon","Violence","Art of War","Rage"],"campfire_rested":3,"item_purchase_floors":[31,31,31,31],"current_hp_per_floor":[80,80,80,80,64,64,63,39,46,52,33,39,45,43,69,34,87,65,43,43,43,60,86,86,86,86,53,30,30,30,30,71,1],"gold":176,"neow_bonus":"THREE_ENEMY_KILL","is_prod":false,"is_daily":false,"chose_seed":false,"campfire_upgraded":2,"win_rate":0,"timestamp":1551550121,"path_taken":["M","?","M","M","?","R","M","E","T","?","E","M","M","M","R","BOSS","M","M","?","?","M","R","?","R","T","E","M","R","M","$","R","BOSS"],"build_version":"2019-01-23","purchased_purges":1,"victory":false,"max_hp_per_floor":[80,80,80,80,80,80,80,80,87,87,87,87,87,87,87,87,87,87,87,87,87,87,87,87,87,87,87,87,87,87,87,87,87],"card_choices":[{"not_picked":["Sword Boomerang","Warcry"],"picked":"Pommel Strike","floor":1.0},{"not_picked":["Ghostly Armor","Infernal Blade"],"picked":"Spot Weakness","floor":3.0},{"not_picked":["Flex","Clash"],"picked":"Perfected Strike","floor":4.0},{"not_picked":["True Grit","Sever Soul"],"picked":"Wild Strike","floor":7.0},{"not_picked":["Fire Breathing","True Grit"],"picked":"Whirlwind","floor":8.0},{"not_picked":["Havoc","Warcry"],"picked":"Limit Break","floor":10.0},{"not_picked":["Whirlwind","Sever Soul"],"picked":"Headbutt","floor":11.0},{"not_picked":["Entrench","Body Slam","Sever Soul"],"picked":"SKIP","floor":12.0},{"not_picked":["Cleave","Clash"],"picked":"Flex","floor":13.0},{"not_picked":["Havoc","Anger"],"picked":"Whirlwind","floor":14.0},{"not_picked":["Anger","Feel No Pain"],"picked":"Perfected Strike+1","floor":18.0},{"not_picked":["True Grit+1","Headbutt"],"picked":"Flex+1","floor":19.0},{"not_picked":["True Grit","Clothesline"],"picked":"Flame Barrier","floor":22.0},{"not_picked":["Intimidate","Sword Boomerang"],"picked":"Headbutt","floor":27.0},{"not_picked":["Flex","Havoc"],"picked":"Armaments","floor":28},{"not_picked":["Iron Wave","Body Slam"],"picked":"Brutality","floor":30}],"player_experience":591949,"relics_obtained":[{"floor":8.0,"key":"Bag of Marbles"},{"floor":9.0,"key":"Strawberry"},{"floor":11.0,"key":"MawBank"},{"floor":17.0,"key":"Bronze Scales"},{"floor":17.0,"key":"Meat on the Bone"},{"floor":17.0,"key":"Calipers"},{"floor":25.0,"key":"Blue Candle"},{"floor":26.0,"key":"Regal Pillow"},{"floor":27.0,"key":"Anchor"}],"event_choices":[{"damage_healed":0.0,"max_hp_gain":0.0,"max_hp_loss":0.0,"gold_gain":0.0,"event_name":"Golden Idol","player_choice":"Take Wound","floor":2.0,"gold_loss":0.0,"damage_taken":0.0,"relics_obtained":["Golden Idol"],"cards_obtained":["Injury"]},{"damage_healed":0.0,"max_hp_gain":0.0,"max_hp_loss":0.0,"gold_gain":0.0,"event_name":"Shining Light","player_choice":"Entered Light","floor":5.0,"gold_loss":0.0,"damage_taken":16.0,"cards_upgraded":["Bash","Strike_R"]},{"cards_removed":["Pain"],"damage_healed":0.0,"max_hp_gain":0.0,"max_hp_loss":0.0,"gold_gain":0.0,"event_name":"Back to Basics","player_choice":"Elegance","floor":20.0,"gold_loss":0.0,"damage_taken":0.0},{"damage_healed":0.0,"max_hp_gain":0.0,"max_hp_loss":0.0,"gold_gain":0.0,"event_name":"Addict","player_choice":"Obtained Relic","floor":21.0,"gold_loss":85.0,"damage_taken":0.0,"relics_obtained":["Shovel"]},{"damage_healed":0.0,"max_hp_gain":0.0,"max_hp_loss":0.0,"gold_gain":0.0,"event_name":"Vampires","player_choice":"Ignored","floor":24.0,"gold_loss":0.0,"damage_taken":0.0}],"is_beta":false,"boss_relics":[{"not_picked":["Lizard Tail","Black Blood"],"picked":"Calling Bell"}],"items_purged_floors":[31],"is_endless":false,"potions_floor_spawned":[4,7,8,10,12,16,19,28,30],"killed_by":"Collector","ascension_level":4}