{"gold_per_floor":[114,64,82,99,118,118,135,135,161,161,161,171,218,218,218,321,321,339,354,3,3],"floor_reached":21,"playtime":760,"items_purged":[],"score":171,"play_id":"b7926426-bf38-434b-9044-0dd3450ffc85","local_time":"20181124224905","is_ascension_mode":false,"campfire_choices":[{"data":"Uppercut","floor":6,"key":"SMITH"},{"data":"Spot Weakness","floor":8,"key":"SMITH"},{"data":"Transmutation","floor":11,"key":"SMITH"},{"data":"Anger","floor":15,"key":"SMITH"}],"neow_cost":"PERCENT_DAMAGE","seed_source_timestamp":686022286562836,"circlet_count":0,"master_deck":["Strike_R","Strike_R","Strike_R","Strike_R","Defend_R","Defend_R","Defend_R","Defend_R","Bandage Up","Anger+1","Twin Strike","Uppercut+1","Spot Weakness+1","Anger","Transmutation+1","Pommel Strike","Limit Break","Cleave","Flex","Limit Break"],"relics":["Black Blood","Pen Nib","Ancient Tea Set","Chemical X"],"potions_floor_usage":[21],"damage_taken":[{"damage":0,"enemies":"Small Slimes","floor":1,"turns":4},{"damage":7,"enemies":"Jaw Worm","floor":3,"turns":5},{"damage":3,"enemies":"2 Louse","floor":4,"turns":3},{"damage":7,"enemies":"Blue Slaver","floor":5,"turns":4},{"damage":9,"enemies":"Large Slime","floor":7,"turns":3},{"damage":4,"enemies":"2 Fungi Beasts","floor":12,"turns":3},{"damage":29,"enemies":"Slime Boss","floor":16,"turns":7},{"damage":17,"enemies":"Shell Parasite","floor":18,"turns":4},{"damage":58,"enemies":"3 Byrds","floor":19,"turns":6},{"damage":40,"enemies":"Cultist and Chosen","floor":21,"turns":4}],"seed_played":"-6380157910998601204","potions_obtained":[{"floor":1,"key":"Weak Potion"},{"floor":4,"key":"SteroidPotion"},{"floor":16,"key":"Energy Potion"}],"is_trial":false,"path_per_floor":["M","?","M","M","M","R","M","R","T","?","R","M","T","?","R","B",null,"M","M","$","M"],"character_chosen":"IRONCLAD","items_purchased":["Chemical X","Limit Break"],"campfire_rested":0,"item_purchase_floors":[20,20],"current_hp_per_floor":[66,66,69,76,79,79,76,76,76,76,76,80,80,73,73,50,80,77,33,33,0],"gold":3,"neow_bonus":"RANDOM_COLORLESS_2","is_prod":false,"is_daily":false,"chose_seed":false,"campfire_upgraded":4,"win_rate":0.0,"timestamp":1543121345,"path_taken":["M","?","M","M","M","R","M","R","T","?","R","M","?","?","R","BOSS","M","M","$","M"],"build_version":"2018-11-15","purchased_purges":0,"victory":false,"max_hp_per_floor":[80,80,80,80,80,80,80,80,80,80,80,80,80,80,80,80,80,80,80,80,80],"card_choices":[{"not_picked":["Carnage","Disarm"],"picked":"Anger","floor":1},{"not_picked":["Shrug It Off","Infernal Blade"],"picked":"Twin Strike","floor":3},{"not_picked":["Shrug It Off","Heavy Blade"],"picked":"Uppercut","floor":4},{"not_picked":["Headbutt","Infernal Blade"],"picked":"Spot Weakness","floor":5},{"not_picked":["Clothesline","Havoc"],"picked":"Anger","floor":7},{"not_picked":["Clothesline","Ghostly Armor"],"picked":"Pommel Strike","floor":12},{"not_picked":["Reaper","Demon Form"],"picked":"Limit Break","floor":16},{"not_picked":["Clash","Iron Wave"],"picked":"Cleave","floor":18},{"not_picked":["Perfected Strike","Warcry"],"picked":"Flex","floor":19}],"player_experience":35087,"relics_obtained":[{"floor":9,"key":"Pen Nib"},{"floor":13,"key":"Ancient Tea Set"}],"event_choices":[{"cards_removed":["Bash"],"damage_healed":0,"gold_gain":0,"player_choice":"Card Removal","damage_taken":0,"max_hp_gain":0,"max_hp_loss":0,"event_name":"The Cleric","floor":2,"gold_loss":50},{"damage_healed":0,"gold_gain":0,"cards_transformed":["PanicButton"],"player_choice":"Change","damage_taken":0,"max_hp_gain":0,"max_hp_loss":0,"event_name":"Living Wall","floor":10,"gold_loss":0,"cards_obtained":["Transmutation"]},{"cards_removed":["Strike_R"],"damage_healed":0,"gold_gain":0,"player_choice":"Card Removal","damage_taken":7,"max_hp_gain":0,"max_hp_loss":0,"event_name":"Golden Wing","floor":14,"gold_loss":0}],"is_beta":false,"boss_relics":[{"not_picked":["White Beast Statue","Calling Bell"],"picked":"Black Blood"}],"items_purged_floors":[],"is_endless":false,"potions_floor_spawned":[1,4,16],"killed_by":"Cultist and Chosen","ascension_level":0}