{"gold_per_floor":[110,110,210,228,240,267,277,227,227,227,227,197,49,76,76,171,171,111,26,26,26,46,46,46,46],"floor_reached":25,"playtime":668,"items_purged":[],"score":232,"play_id":"cc291a0f-bed2-4148-8e97-63cb91902fb6","local_time":"20181122101539","is_ascension_mode":false,"campfire_choices":[{"data":"Anger","floor":11,"key":"SMITH"},{"floor":15,"key":"REST"},{"data":"Seeing Red","floor":23,"key":"SMITH"}],"neow_cost":"NONE","seed_source_timestamp":180896007857995,"circlet_count":0,"master_deck":["Strike_R","Strike_R","Strike_R","Strike_R","Defend_R","Defend_R","Defend_R","Defend_R","Bash+1","Anger+1","Flex","Thunderclap","Clothesline+1","Seeing Red+1","Demon Form"],"relics":["Black Blood","Letter Opener","Paper Frog","Singing Bowl","Whetstone","Bronze Scales","Bird Faced Urn"],"potions_floor_usage":[6,14,16,16,16,16,16,18,22],"damage_taken":[{"damage":10,"enemies":"Small Slimes","floor":1,"turns":4},{"damage":0,"enemies":"2 Louse","floor":4,"turns":3},{"damage":0,"enemies":"Cultist","floor":5,"turns":4},{"damage":36,"enemies":"Lagavulin","floor":6,"turns":5},{"damage":5,"enemies":"Looter","floor":7,"turns":3},{"damage":28,"enemies":"3 Sentries","floor":14,"turns":6},{"damage":28,"enemies":"Slime Boss","floor":16,"turns":12},{"damage":20,"enemies":"2 Thieves","floor":18,"turns":4},{"damage":12,"enemies":"Chosen","floor":22,"turns":5},{"damage":78,"enemies":"Slavers","floor":25,"turns":4}],"seed_played":"-860144340594098811","potions_obtained":[{"floor":1,"key":"Fire Potion"},{"floor":7,"key":"EntropicBrew"},{"floor":12,"key":"Regen Potion"},{"floor":12,"key":"EssenceOfSteel"},{"floor":14,"key":"LiquidBronze"},{"floor":16,"key":"BloodPotion"}],"is_trial":false,"path_per_floor":["M","?","?","M","M","E","M","?","T","?","R","?","$","E","R","B",null,"M","?","?","$","M","R","$","E"],"character_chosen":"IRONCLAD","items_purchased":["Whetstone"],"campfire_rested":1,"item_purchase_floors":[13],"current_hp_per_floor":[84,89,89,93,93,63,64,64,64,61,61,61,61,53,80,58,93,83,83,65,65,76,76,76,0],"gold":46,"neow_bonus":"TEN_PERCENT_HP_BONUS","is_prod":false,"is_daily":false,"chose_seed":false,"campfire_upgraded":2,"win_rate":0.0,"timestamp":1542878139,"path_taken":["M","?","?","M","?","E","M","?","T","?","R","?","$","E","R","BOSS","M","?","?","?","M","R","$","E"],"build_version":"2018-11-15","purchased_purges":0,"victory":false,"max_hp_per_floor":[88,93,93,93,93,93,93,93,93,93,93,93,93,93,93,93,93,93,93,98,98,100,100,100,100],"card_choices":[{"not_picked":["Warcry","Dual Wield"],"picked":"Anger","floor":1},{"not_picked":["Shrug It Off","True Grit"],"picked":"Flex","floor":4},{"not_picked":["Havoc","Infernal Blade"],"picked":"Thunderclap","floor":5},{"not_picked":["True Grit","Dark Embrace","Warcry"],"picked":"SKIP","floor":6},{"not_picked":["Armaments","Wild Strike"],"picked":"Clothesline","floor":7},{"not_picked":["Cleave","Offering"],"picked":"Seeing Red","floor":14},{"not_picked":["Bludgeon","Reaper"],"picked":"Demon Form","floor":16},{"not_picked":["Anger","Armaments","Warcry"],"picked":"SKIP","floor":18},{"not_picked":["Intimidate","Clothesline","Sentinel"],"picked":"Singing Bowl","floor":22}],"player_experience":164396,"relics_obtained":[{"floor":6,"key":"Letter Opener"},{"floor":9,"key":"Paper Frog"},{"floor":14,"key":"Bronze Scales"}],"event_choices":[{"damage_healed":0,"gold_gain":0,"player_choice":"Donut","damage_taken":0,"max_hp_gain":5,"max_hp_loss":0,"event_name":"Big Fish","floor":2,"gold_loss":0},{"damage_healed":0,"gold_gain":100,"player_choice":"Gold","damage_taken":0,"max_hp_gain":0,"max_hp_loss":0,"event_name":"Wheel of Change","floor":3,"gold_loss":0},{"cards_removed":["Strike_R"],"damage_healed":0,"gold_gain":0,"player_choice":"Card Removal","damage_taken":0,"max_hp_gain":0,"max_hp_loss":0,"event_name":"The Cleric","floor":8,"gold_loss":50},{"damage_healed":0,"gold_gain":0,"player_choice":"Success","damage_taken":3,"relics_obtained":["Singing Bowl"],"max_hp_gain":0,"max_hp_loss":0,"event_name":"Scrap Ooze","floor":10,"gold_loss":0},{"damage_healed":0,"gold_gain":0,"player_choice":"Bought 2 Potions","damage_taken":0,"max_hp_gain":0,"max_hp_loss":0,"event_name":"The Woman in Blue","floor":12,"gold_loss":0},{"damage_healed":0,"gold_gain":0,"player_choice":"Obtained Relic","damage_taken":0,"relics_obtained":["Bird Faced Urn"],"max_hp_gain":0,"max_hp_loss":0,"event_name":"Addict","floor":19,"gold_loss":85},{"damage_healed":0,"gold_gain":0,"player_choice":"Shed Blood","damage_taken":23,"max_hp_gain":5,"max_hp_loss":0,"event_name":"Forgotten Altar","floor":20,"gold_loss":0}],"is_beta":false,"boss_relics":[{"not_picked":["Eternal Feather","Coffee Dripper"],"picked":"Black Blood"}],"items_purged_floors":[],"is_endless":false,"potions_floor_spawned":[1,7,14,16],"killed_by":"Slavers","ascension_level":0}