{"gold_per_floor":[115,115,115,129,129,154,166,200,200,200,53,73,85,103,103,208,208,222,222],"floor_reached":19,"playtime":567,"items_purged":[],"score":245,"play_id":"9e5ad3f4-b83b-4221-b6ae-e78de8f8fc51","local_time":"20190407194526","is_ascension_mode":true,"campfire_choices":[{"data":"Bludgeon","floor":15.0,"key":"SMITH"}],"neow_cost":"NONE","seed_source_timestamp":260395543194386,"circlet_count":0,"master_deck":["Strike_R","Strike_R","Strike_R","Strike_R","Defend_R","Defend_R","Defend_R","Defend_R","Bash","Dual Wield","Headbutt","Bludgeon+1","Pommel Strike","Flame Barrier","Flame Barrier","Clash","Perfected Strike","Brutality"],"special_seed":0,"relics":["Burning Blood","NeowsBlessing","Mercury Hourglass","Pear","Meat on the Bone","Juzu Bracelet","Runic Cube"],"potions_floor_usage":[16,19],"damage_taken":[{"damage":0.0,"enemies":"Small Slimes","floor":1.0,"turns":1.0},{"damage":0.0,"enemies":"2 Louse","floor":4.0,"turns":1.0},{"damage":0.0,"enemies":"3 Sentries","floor":6.0,"turns":2.0},{"damage":0.0,"enemies":"Cultist","floor":7.0,"turns":2.0},{"damage":30.0,"enemies":"Lagavulin","floor":8.0,"turns":5.0},{"damage":4.0,"enemies":"2 Fungi Beasts","floor":12.0,"turns":3.0},{"damage":0.0,"enemies":"Exordium Thugs","floor":13.0,"turns":2.0},{"damage":8.0,"enemies":"Blue Slaver","floor":14.0,"turns":2.0},{"damage":58,"enemies":"Hexaghost","floor":16,"turns":6},{"damage":11,"enemies":"Spheric Guardian","floor":18,"turns":3},{"damage":17,"enemies":"Shell Parasite","floor":19,"turns":5}],"seed_played":"-3654856523130157619","potions_obtained":[{"floor":1.0,"key":"Fire Potion"},{"floor":7.0,"key":"Explosive Potion"},{"floor":12.0,"key":"Explosive Potion"},{"floor":14.0,"key":"Poison Potion"},{"floor":16,"key":"PowerPotion"},{"floor":18,"key":"FearPotion"}],"is_trial":false,"path_per_floor":["M","?","$","M","?","E","M","E","T","?","$","M","M","M","R","B",null,"M","M"],"character_chosen":"IRONCLAD","items_purchased":["Juzu Bracelet"],"campfire_rested":0,"item_purchase_floors":[11],"current_hp_per_floor":[80,80,80,80,80,80,80,66,66,66,66,68,74,72,72,32,90,85,68],"gold":222,"neow_bonus":"THREE_ENEMY_KILL","is_prod":false,"is_daily":false,"chose_seed":false,"campfire_upgraded":1,"win_rate":0,"timestamp":1554684326,"path_taken":["M","?","$","M","?","E","?","E","T","?","$","M","M","M","R","BOSS","M","M"],"build_version":"2019-01-23","purchased_purges":0,"victory":false,"max_hp_per_floor":[80,80,80,80,80,80,80,90,90,90,90,90,90,90,90,90,90,90,90],"card_choices":[{"not_picked":["Perfected Strike","Dropkick"],"picked":"Dual Wield","floor":1.0},{"not_picked":["Sword Boomerang","Shrug It Off"],"picked":"Headbutt","floor":4.0},{"not_picked":["Burning Pact","Clothesline","Fiend Fire"],"picked":"SKIP","floor":6.0},{"not_picked":["Intimidate","Sword Boomerang"],"picked":"Pommel Strike","floor":7.0},{"not_picked":["Body Slam","Cleave"],"picked":"Flame Barrier","floor":8.0},{"not_picked":["Cleave","Burning Pact"],"picked":"Flame Barrier","floor":12.0},{"not_picked":["Fire Breathing","Flex"],"picked":"Clash","floor":13.0},{"not_picked":["Headbutt","Havoc"],"picked":"Perfected Strike","floor":14.0},{"not_picked":["Fiend Fire","Berserk"],"picked":"Brutality","floor":16},{"not_picked":["Havoc","Combust","Sword Boomerang"],"picked":"SKIP","floor":18}],"player_experience":899674,"relics_obtained":[{"floor":6.0,"key":"Mercury Hourglass"},{"floor":8.0,"key":"Pear"},{"floor":9.0,"key":"Meat on the Bone"}],"event_choices":[{"damage_healed":0.0,"max_hp_gain":0.0,"max_hp_loss":0.0,"gold_gain":0.0,"event_name":"The Cleric","player_choice":"Leave","floor":2.0,"gold_loss":0.0,"damage_taken":0.0},{"damage_healed":0.0,"max_hp_gain":0.0,"max_hp_loss":0.0,"gold_gain":0.0,"cards_transformed":["Strike_R"],"event_name":"Transmorgrifier","player_choice":"Transformed","floor":5.0,"gold_loss":0.0,"damage_taken":0.0,"cards_obtained":["Bludgeon"]},{"damage_healed":0.0,"max_hp_gain":0.0,"max_hp_loss":0.0,"gold_gain":0.0,"event_name":"Shining Light","player_choice":"Ignored","floor":10.0,"gold_loss":0.0,"damage_taken":0.0}],"is_beta":false,"boss_relics":[{"not_picked":["Mark of Pain","Calling Bell"],"picked":"Runic Cube"}],"items_purged_floors":[],"is_endless":false,"potions_floor_spawned":[1,7,12,14,16,18],"killed_by":"Shell Parasite","ascension_level":4}