{"gold_per_floor":[114,133,61,61,76,108,122,122,172,184,196,196,224,237,237,340,340,357,368,388,353,371,221,251,251,304,338,338,338,338,349,349,451,451,470,524,524,538,562,593,593,612,612,640,680,148,182,198,198,198],"floor_reached":51,"playtime":7867,"items_purged":[],"score":889,"play_id":"e65b3a3b-9e96-4198-ae99-159c40579080","local_time":"20190404211613","is_ascension_mode":false,"campfire_choices":[{"floor":8.0,"key":"REST"},{"floor":15.0,"key":"REST"},{"floor":25.0,"key":"REST"},{"floor":30.0,"key":"REST"},{"data":"Footwork","floor":32.0,"key":"SMITH"},{"floor":41,"key":"DIG"},{"floor":49,"key":"REST"}],"neow_cost":"NONE","seed_source_timestamp":0,"circlet_count":0,"master_deck":["Survivor","Neutralize","Cloak And Dagger","Noxious Fumes","Footwork+1","Noxious Fumes","Backflip","Adrenaline","Flying Knee","Leg Sweep","Bane","Dagger Spray","Endless Agony","Finisher","PiercingWail","Crippling Poison","Leg Sweep","Dodge and Roll+1","Infinite Blades+1","Footwork","Adrenaline","Catalyst","After Image","Dodge and Roll+1","Cloak And Dagger+1","Noxious Fumes+1","Backflip+1","Mayhem+1","After Image+1"],"special_seed":0,"relics":["Ring of the Snake","Mummified Hand","Bag of Preparation","Regal Pillow","Pandora\u0027s Box","Oddly Smooth Stone","Gambling Chip","Snake Skull","Omamori","Blood Vial","MutagenicStrength","Runic Pyramid","Shovel","Smiling Mask","Darkstone Periapt","Frozen Egg 2","MawBank","Paper Crane","Art of War","ClockworkSouvenir","Dream Catcher"],"potions_floor_usage":[33,40,48],"damage_taken":[{"damage":2.0,"enemies":"2 Louse","floor":1.0,"turns":3.0},{"damage":0.0,"enemies":"Small Slimes","floor":2.0,"turns":4.0},{"damage":4.0,"enemies":"Jaw Worm","floor":5.0,"turns":5.0},{"damage":22.0,"enemies":"3 Sentries","floor":6.0,"turns":10.0},{"damage":0.0,"enemies":"2 Fungi Beasts","floor":7.0,"turns":5.0},{"damage":7.0,"enemies":"Exordium Wildlife","floor":10.0,"turns":6.0},{"damage":0.0,"enemies":"Blue Slaver","floor":11.0,"turns":6.0},{"damage":12.0,"enemies":"Lagavulin","floor":13.0,"turns":10.0},{"damage":0.0,"enemies":"Looter","floor":14.0,"turns":4.0},{"damage":20.0,"enemies":"The Guardian","floor":16.0,"turns":12.0},{"damage":10.0,"enemies":"2 Thieves","floor":18.0,"turns":3.0},{"damage":1.0,"enemies":"Spheric Guardian","floor":19.0,"turns":5.0},{"damage":11.0,"enemies":"Shelled Parasite and Fungi","floor":20.0,"turns":7.0},{"damage":23.0,"enemies":"Chosen and Byrds","floor":22.0,"turns":7.0},{"damage":7.0,"enemies":"Gremlin Leader","floor":24.0,"turns":5.0},{"damage":11.0,"enemies":"Slavers","floor":27.0,"turns":5.0},{"damage":3.0,"enemies":"Snake Plant","floor":31.0,"turns":5.0},{"damage":0,"enemies":"Champ","floor":33,"turns":11},{"damage":13,"enemies":"3 Shapes","floor":35,"turns":4},{"damage":6,"enemies":"2 Orb Walkers","floor":36,"turns":5},{"damage":0,"enemies":"Orb Walker","floor":38,"turns":4},{"damage":0,"enemies":"Giant Head","floor":40,"turns":8},{"damage":2,"enemies":"3 Darklings","floor":42,"turns":3},{"damage":0,"enemies":"Sphere and 2 Shapes","floor":44,"turns":4},{"damage":0,"enemies":"Nemesis","floor":45,"turns":7},{"damage":15,"enemies":"Reptomancer","floor":47,"turns":4},{"damage":4,"enemies":"Transient","floor":48,"turns":5},{"damage":0,"enemies":"Donu and Deca","floor":50,"turns":8}],"seed_played":"-7501657634250926992","potions_obtained":[{"floor":2.0,"key":"EssenceOfSteel"},{"floor":5.0,"key":"Swift Potion"},{"floor":10.0,"key":"Explosive Potion"},{"floor":22.0,"key":"Regen Potion"},{"floor":27.0,"key":"AttackPotion"},{"floor":40,"key":"EssenceOfSteel"},{"floor":47,"key":"SkillPotion"},{"floor":48,"key":"AttackPotion"}],"is_trial":false,"path_per_floor":["M","M","$","?","M","E","M","R","T","M","M","?","E","M","R","B",null,"M","M","M","$","M","$","E","R","T","E","?","?","R","M","R","B",null,"M","?","?","M","T","E","R","M","T","M","E","$","E","M","R","B",null],"character_chosen":"THE_SILENT","items_purchased":["Noxious Fumes","Footwork","Oddly Smooth Stone","Art of War","Mayhem+1","ClockworkSouvenir"],"campfire_rested":5,"item_purchase_floors":[3,21,23,46,46,46],"current_hp_per_floor":[75,75,75,75,71,49,49,72,72,65,65,65,53,53,77,57,77,67,66,55,55,32,32,25,63,63,52,52,52,77,74,74,76,77,64,60,60,62,62,64,64,64,64,66,68,68,55,53,77,77],"gold":198,"neow_bonus":"TEN_PERCENT_HP_BONUS","is_prod":false,"is_daily":false,"chose_seed":false,"campfire_upgraded":1,"win_rate":0.0,"timestamp":1554405373,"path_taken":["M","M","$","?","M","E","M","R","T","M","M","?","E","M","R","BOSS","M","M","M","$","M","$","E","R","T","E","?","?","R","M","R","BOSS","M","?","?","M","?","E","R","M","T","M","E","?","E","M","R","BOSS"],"build_version":"2019-01-23","purchased_purges":0,"victory":true,"max_hp_per_floor":[77,77,77,77,77,77,77,77,77,77,77,77,77,77,77,77,77,77,77,77,77,77,77,77,77,77,77,77,77,77,77,77,77,77,77,77,77,77,77,77,77,77,77,77,77,77,77,77,77,77],"card_choices":[{"not_picked":["Underhanded Strike","Distraction"],"picked":"Cloak And Dagger","floor":1.0},{"not_picked":["Accuracy","Slice","Backstab"],"picked":"SKIP","floor":2.0},{"not_picked":["Bane","Deadly Poison","Predator"],"picked":"SKIP","floor":5.0},{"not_picked":["Sucker Punch","Terror"],"picked":"Footwork","floor":6.0},{"not_picked":["Poisoned Stab","Underhanded Strike","Dagger Spray"],"picked":"SKIP","floor":7.0},{"not_picked":["Sucker Punch","PiercingWail","Underhanded Strike"],"picked":"SKIP","floor":10.0},{"not_picked":["Quick Slash","Caltrops","Cloak And Dagger"],"picked":"SKIP","floor":11.0},{"not_picked":["Die Die Die","Acrobatics"],"picked":"Noxious Fumes","floor":13.0},{"not_picked":["Dash","Reflex"],"picked":"Backflip","floor":14.0},{"not_picked":["Doppelganger","Die Die Die"],"picked":"Adrenaline","floor":16.0},{"not_picked":["Sucker Punch","Dagger Throw+1","PiercingWail"],"picked":"SKIP","floor":18.0},{"not_picked":["Accuracy","Deadly Poison"],"picked":"Dodge and Roll+1","floor":19.0},{"not_picked":["Cloak And Dagger","Finisher+1"],"picked":"Infinite Blades+1","floor":20.0},{"not_picked":["Blade Dance","Quick Slash","Dagger Throw"],"picked":"SKIP","floor":22.0},{"not_picked":["Distraction+1","Prepared"],"picked":"Adrenaline","floor":24.0},{"not_picked":["All Out Attack","PiercingWail+1","Riddle With Holes"],"picked":"SKIP","floor":27.0},{"not_picked":["Bane","Reflex"],"picked":"Catalyst","floor":31.0},{"not_picked":["Phantasmal Killer","Venomology"],"picked":"After Image","floor":33},{"not_picked":["Quick Slash","Tactician"],"picked":"Dodge and Roll+1","floor":35},{"not_picked":["Prepared","Blade Dance"],"picked":"Cloak And Dagger+1","floor":36},{"not_picked":["Skewer+1","Outmaneuver"],"picked":"Noxious Fumes+1","floor":38},{"not_picked":["Expertise+1","Dash","Leg Sweep+1"],"picked":"SKIP","floor":40},{"not_picked":["Dagger Spray+1","All Out Attack"],"picked":"Backflip+1","floor":42},{"not_picked":["Catalyst+1","Poisoned Stab","Backflip"],"picked":"SKIP","floor":44},{"not_picked":["Deadly Poison+1","Burst","Finisher+1"],"picked":"SKIP","floor":45},{"not_picked":["Slice","Cloak And Dagger","Outmaneuver+1"],"picked":"SKIP","floor":47},{"not_picked":["Slice","Caltrops+1","Dodge and Roll"],"picked":"SKIP","floor":48},{"not_picked":["Acrobatics+1","Dodge and Roll+1"],"picked":"After Image+1","floor":49}],"player_experience":131418,"relics_obtained":[{"floor":6.0,"key":"Mummified Hand"},{"floor":9.0,"key":"Bag of Preparation"},{"floor":13.0,"key":"Regal Pillow"},{"floor":24.0,"key":"Gambling Chip"},{"floor":26.0,"key":"Snake Skull"},{"floor":27.0,"key":"Omamori"},{"floor":36,"key":"Shovel"},{"floor":39,"key":"Smiling Mask"},{"floor":40,"key":"Darkstone Periapt"},{"floor":41,"key":"Frozen Egg 2"},{"floor":43,"key":"MawBank"},{"floor":45,"key":"Paper Crane"},{"floor":47,"key":"Dream Catcher"}],"event_choices":[{"damage_healed":0.0,"max_hp_gain":0.0,"max_hp_loss":0.0,"gold_gain":0.0,"event_name":"Golden Idol","player_choice":"Ignored","floor":4.0,"gold_loss":0.0,"damage_taken":0.0},{"cards_removed":["Defend_G"],"damage_healed":0.0,"max_hp_gain":0.0,"max_hp_loss":0.0,"gold_gain":0.0,"event_name":"Living Wall","player_choice":"Forget","floor":12.0,"gold_loss":0.0,"damage_taken":0.0},{"damage_healed":0.0,"max_hp_gain":0.0,"max_hp_loss":0.0,"gold_gain":0.0,"event_name":"The Mausoleum","player_choice":"Opened","floor":28.0,"gold_loss":0.0,"damage_taken":0.0,"relics_obtained":["Blood Vial"]},{"damage_healed":0.0,"max_hp_gain":0.0,"max_hp_loss":0.0,"gold_gain":0.0,"event_name":"Drug Dealer","player_choice":"Inject Mutagens","floor":29.0,"gold_loss":0.0,"damage_taken":0.0,"relics_obtained":["MutagenicStrength"]},{"damage_healed":0,"gold_gain":0,"player_choice":"Fight","damage_taken":0,"max_hp_gain":0,"max_hp_loss":0,"event_name":"Mysterious Sphere","floor":36,"gold_loss":0},{"damage_healed":0,"gold_gain":0,"player_choice":"Ignored","damage_taken":0,"max_hp_gain":0,"max_hp_loss":0,"event_name":"Tomb of Lord Red Mask","floor":37,"gold_loss":0}],"is_beta":false,"boss_relics":[{"not_picked":["Eternal Feather","Black Star"],"picked":"Pandora\u0027s Box"},{"not_picked":["Ring of the Serpent","Coffee Dripper"],"picked":"Runic Pyramid"}],"items_purged_floors":[],"is_endless":false,"potions_floor_spawned":[2,5,10,14,19,22,27,40,47,48],"ascension_level":0}