{"gold_per_floor":[115,135,135,10,10,10,40,40,108,108,108,118,128,144,144,243,243,257,257,269,281,292,292,322,336,336,336,353,125,125,144,144,249,299,314,330,349,152,152,152,184,184],"floor_reached":42,"playtime":1510,"items_purged":["Storm"],"score":575,"play_id":"1907866a-4293-4fcd-a4a0-5dd0233ba10f","local_time":"20190412191800","is_ascension_mode":true,"campfire_choices":[{"data":"Capacitor","floor":6,"key":"SMITH"},{"floor":11,"key":"REST"},{"floor":15,"key":"REST"},{"floor":23,"key":"REST"},{"floor":27,"key":"REST"},{"floor":30,"key":"REST"},{"data":"Defragment","floor":32,"key":"SMITH"},{"floor":40,"key":"REST"}],"neow_cost":"NONE","seed_source_timestamp":85613752634984,"circlet_count":0,"master_deck":["Zap+1","Dualcast","Cold Snap","Capacitor+1","Conserve Battery","Biased Cognition","Rebound","Coolheaded","Hologram","Biased Cognition","Cold Snap","Buffer","Sweeping Beam","Buffer","Cold Snap","Hyperbeam","Self Repair+1","Cold Snap","Defragment+1","Capacitor","Redo+1","Steam","FTL","Storm+1","Loop","Core Surge+1","Hologram","Rebound+1","FTL+1","Steam","Writhe","Multi-Cast","Auto Shields+1"],"relics":["Cracked Core","Pen Nib","Ancient Tea Set","Matryoshka","Pandora\u0027s Box","Symbiotic Virus","Bronze Scales","Molten Egg 2","DataDisk","Tiny House","Dream Catcher","Singing Bowl"],"potions_floor_usage":[],"damage_taken":[{"damage":0,"enemies":"Cultist","floor":1,"turns":4},{"damage":0,"enemies":"Jaw Worm","floor":2,"turns":3},{"damage":25,"enemies":"3 Sentries","floor":7,"turns":10},{"damage":0,"enemies":"2 Louse","floor":12,"turns":2},{"damage":25,"enemies":"Gremlin Gang","floor":13,"turns":4},{"damage":22,"enemies":"Exordium Wildlife","floor":14,"turns":3},{"damage":0,"enemies":"Slime Boss","floor":16,"turns":7},{"damage":41,"enemies":"3 Byrds","floor":18,"turns":4},{"damage":11,"enemies":"Spheric Guardian","floor":20,"turns":3},{"damage":19,"enemies":"Snake Plant","floor":21,"turns":6},{"damage":50,"enemies":"Shelled Parasite and Fungi","floor":22,"turns":4},{"damage":20,"enemies":"Book of Stabbing","floor":24,"turns":6},{"damage":0,"enemies":"Snecko","floor":25,"turns":6},{"damage":17,"enemies":"Centurion and Healer","floor":28,"turns":3},{"damage":0,"enemies":"Chosen and Byrds","floor":31,"turns":4},{"damage":32,"enemies":"Collector","floor":33,"turns":5},{"damage":13,"enemies":"Orb Walker","floor":35,"turns":3},{"damage":29,"enemies":"3 Darklings","floor":36,"turns":3},{"damage":31,"enemies":"Writhing Mass","floor":37,"turns":4},{"damage":59,"enemies":"Reptomancer","floor":41,"turns":5},{"damage":12,"enemies":"Transient","floor":42,"turns":5}],"seed_played":"-64375836525544246","potions_obtained":[{"floor":1,"key":"SkillPotion"},{"floor":12,"key":"Swift Potion"},{"floor":13,"key":"Strength Potion"},{"floor":34,"key":"SmokeBomb"}],"is_trial":false,"path_per_floor":["M","M","?","$","?","R","E","$","T","?","R","M","M","M","R","B",null,"M","?","M","M","M","R","E","M","T","R","M","$","R","M","R","B",null,"M","M","M","$","?","R","E","M"],"character_chosen":"DEFECT","items_purchased":["Conserve Battery","Storm","DataDisk","Steam","Dream Catcher"],"campfire_rested":6,"item_purchase_floors":[4,4,29,38,38],"current_hp_per_floor":[75,75,75,75,60,60,35,35,35,35,57,57,32,10,32,32,75,41,75,71,59,16,38,25,32,32,54,44,44,66,73,73,48,80,67,38,17,17,37,61,12,0],"gold":184,"neow_bonus":"RANDOM_COMMON_RELIC","is_prod":false,"is_daily":false,"chose_seed":false,"campfire_upgraded":2,"win_rate":0,"timestamp":1555114680,"path_taken":["M","?","?","$","?","R","E","?","T","?","R","M","M","?","R","BOSS","M","?","M","M","?","R","E","M","T","R","M","$","R","M","R","BOSS","M","?","M","$","?","R","E","M"],"build_version":"2019-01-23","purchased_purges":1,"victory":false,"max_hp_per_floor":[75,75,75,75,75,75,75,75,75,75,75,75,75,75,75,75,75,75,75,75,75,75,75,75,75,75,75,75,75,75,75,75,75,80,80,80,80,80,80,80,80,80],"card_choices":[{"not_picked":["Leap","Loop"],"picked":"Cold Snap","floor":1},{"not_picked":["Leap","Heatsinks"],"picked":"Capacitor","floor":2},{"not_picked":["Chaos","Undo"],"picked":"Biased Cognition","floor":7},{"not_picked":["Compile Driver","Double Energy"],"picked":"Rebound","floor":12},{"not_picked":["FTL","Leap"],"picked":"Coolheaded","floor":13},{"not_picked":["Aggregate","Force Field"],"picked":"Hologram","floor":14},{"not_picked":["Machine Learning","Creative AI"],"picked":"Biased Cognition","floor":16},{"not_picked":["Hologram","Consume+1"],"picked":"Cold Snap","floor":18},{"not_picked":["Steam","Turbo"],"picked":"Defragment","floor":20},{"not_picked":["Gash","Heatsinks+1"],"picked":"Capacitor","floor":21},{"not_picked":["Steam","Reboot"],"picked":"Redo+1","floor":22},{"not_picked":["Stack","Hologram"],"picked":"Steam","floor":24},{"not_picked":["Turbo+1","Hello World"],"picked":"FTL","floor":25},{"not_picked":["Stack","Leap"],"picked":"Storm+1","floor":28},{"not_picked":["Skim","Stack"],"picked":"Loop","floor":31},{"not_picked":["Seek","Echo Form"],"picked":"Core Surge+1","floor":33},{"not_picked":["Steam","Gash+1"],"picked":"Hologram","floor":34},{"not_picked":["Scrape+1","Turbo+1","Aggregate"],"picked":"SKIP","floor":35},{"not_picked":["Stack","Redo"],"picked":"Rebound+1","floor":36},{"not_picked":["Compile Driver+1","Force Field"],"picked":"FTL+1","floor":37},{"not_picked":["Heatsinks+1","Turbo+1"],"picked":"Multi-Cast","floor":40},{"not_picked":["Buffer","Loop"],"picked":"Auto Shields+1","floor":41}],"player_experience":160921,"relics_obtained":[{"floor":7,"key":"Ancient Tea Set"},{"floor":9,"key":"Matryoshka"},{"floor":24,"key":"Symbiotic Virus"},{"floor":26,"key":"Bronze Scales"},{"floor":26,"key":"Molten Egg 2"},{"floor":41,"key":"Singing Bowl"}],"event_choices":[{"damage_healed":0,"gold_gain":0,"player_choice":"Grow","damage_taken":0,"max_hp_gain":0,"max_hp_loss":0,"event_name":"Living Wall","floor":3,"gold_loss":0,"cards_upgraded":["Zap"]},{"damage_healed":0,"gold_gain":0,"player_choice":"Entered Light","damage_taken":15,"max_hp_gain":0,"max_hp_loss":0,"event_name":"Shining Light","floor":5,"gold_loss":0,"cards_upgraded":["Defend_B","Strike_B"]},{"damage_healed":0,"gold_gain":0,"player_choice":"Bought 0 Potions","damage_taken":0,"max_hp_gain":0,"max_hp_loss":0,"event_name":"The Woman in Blue","floor":10,"gold_loss":0},{"cards_removed":["Doom and Gloom"],"damage_healed":34,"gold_gain":0,"player_choice":"Offered Uncommon","damage_taken":0,"max_hp_gain":0,"max_hp_loss":0,"event_name":"Bonfire Elementals","floor":19,"gold_loss":0},{"damage_healed":20,"gold_gain":0,"player_choice":"Writhe","damage_taken":0,"max_hp_gain":0,"max_hp_loss":0,"event_name":"Winding Halls","floor":39,"gold_loss":0,"cards_obtained":["Writhe"]}],"is_beta":false,"boss_relics":[{"not_picked":["Empty Cage","Fusion Hammer"],"picked":"Pandora\u0027s Box"},{"not_picked":["Coffee Dripper","White Beast Statue"],"picked":"Tiny House"}],"items_purged_floors":[29],"is_endless":false,"potions_floor_spawned":[1,12,13,14,18,25,28,33,37],"killed_by":"Transient","ascension_level":2}