{"gold_per_floor":[109,123,135,145,156,156,189,189,189,189,224,224,250,4,4,101,101,112,112,124,124,135,135,162,162,189,189,189,60,60,75,75,75],"floor_reached":33,"playtime":3322,"items_purged":["Decay"],"score":368,"play_id":"af72ef1c-6627-4025-b5b7-117383a09c1a","local_time":"20190407152556","is_ascension_mode":true,"campfire_choices":[{"data":"Zap","floor":6,"key":"SMITH"},{"data":"Hologram","floor":10,"key":"SMITH"},{"floor":12,"key":"REST"},{"floor":15,"key":"REST"},{"floor":23,"key":"REST"},{"data":"Static Discharge","floor":28,"key":"SMITH"},{"data":"Consume","floor":30,"key":"SMITH"},{"floor":32,"key":"REST"}],"neow_cost":"PERCENT_DAMAGE","seed_source_timestamp":195279236106538,"circlet_count":0,"master_deck":["Strike_B","Defend_B","Defend_B","Defend_B","Defend_B","Zap+1","Dualcast","Undo","Steam Power","Consume+1","Leap","Steam Power","Core Surge","Hologram+1","Steam","Static Discharge+1","Thunder Strike","Turbo","Fusion","Heatsinks","Cold Snap","Capacitor","All For One","Glacier","Force Field+1"],"relics":["Cracked Core","Gremlin Horn","Incense Burner","The Courier","Turnip","Cables","Orrery","Blue Candle","Anchor"],"potions_floor_usage":[7,11,16,18,19,21,24,24,24,24,24,33],"damage_taken":[{"damage":0,"enemies":"Jaw Worm","floor":1,"turns":3},{"damage":0,"enemies":"Cultist","floor":2,"turns":4},{"damage":0,"enemies":"2 Louse","floor":3,"turns":3},{"damage":5,"enemies":"Large Slime","floor":4,"turns":7},{"damage":29,"enemies":"Gremlin Gang","floor":5,"turns":8},{"damage":8,"enemies":"Lagavulin","floor":7,"turns":7},{"damage":13,"enemies":"Gremlin Nob","floor":11,"turns":5},{"damage":5,"enemies":"Lagavulin","floor":13,"turns":7},{"damage":19,"enemies":"Hexaghost","floor":16,"turns":8},{"damage":15,"enemies":"3 Byrds","floor":18,"turns":9},{"damage":15,"enemies":"Spheric Guardian","floor":20,"turns":6},{"damage":8,"enemies":"Colosseum Slavers","floor":21,"turns":5},{"damage":6,"enemies":"Snecko","floor":22,"turns":8},{"damage":36,"enemies":"Book of Stabbing","floor":24,"turns":5},{"damage":1,"enemies":"Snake Plant","floor":31,"turns":5},{"damage":80,"enemies":"Champ","floor":33,"turns":13}],"seed_played":"-9129952344897970111","potions_obtained":[{"floor":1,"key":"FearPotion"},{"floor":5,"key":"Regen Potion"},{"floor":7,"key":"Block Potion"},{"floor":11,"key":"Swift Potion"},{"floor":18,"key":"Weak Potion"},{"floor":19,"key":"Fruit Juice"},{"floor":19,"key":"EntropicBrew"},{"floor":22,"key":"Energy Potion"}],"is_trial":false,"path_per_floor":["M","M","M","M","M","R","E","?","T","R","E","R","E","$","R","B",null,"M","?","M","?","M","R","E","?","T","?","R","$","R","M","R","B"],"character_chosen":"DEFECT","items_purchased":["Cables","PowerPotion","Glacier","SteroidPotion"],"campfire_rested":4,"item_purchase_floors":[14,14,29,29],"current_hp_per_floor":[50,50,50,45,16,16,23,23,23,23,10,32,27,27,49,30,64,49,54,39,31,25,49,27,27,27,27,27,27,27,26,50,0],"gold":75,"neow_bonus":"TRANSFORM_TWO_CARDS","is_prod":false,"is_daily":false,"chose_seed":false,"campfire_upgraded":4,"win_rate":0,"timestamp":1554675956,"path_taken":["M","M","M","M","M","R","E","?","T","R","E","R","E","?","R","BOSS","M","?","?","?","M","R","E","?","T","?","R","$","R","M","R","BOSS"],"build_version":"2019-01-23","purchased_purges":1,"victory":false,"max_hp_per_floor":[75,75,75,75,75,75,75,75,75,75,75,75,75,75,75,75,75,75,80,80,80,80,80,80,80,80,80,80,80,80,80,80,80],"card_choices":[{"not_picked":["Coolheaded","Tempest"],"picked":"Consume","floor":1},{"not_picked":["Scrape","Storm"],"picked":"Leap","floor":2},{"not_picked":["Leap","Sweeping Beam"],"picked":"Steam Power","floor":3},{"not_picked":["Barrage","Gash","Doom and Gloom"],"picked":"SKIP","floor":4},{"not_picked":["Ball Lightning","Coolheaded"],"picked":"Core Surge","floor":5},{"not_picked":["Turbo","Steam"],"picked":"Hologram","floor":7},{"not_picked":["Hello World","Barrage"],"picked":"Steam","floor":11},{"not_picked":["Barrage","Coolheaded"],"picked":"Static Discharge","floor":13},{"not_picked":["Buffer","Reboot"],"picked":"Thunder Strike","floor":16},{"not_picked":["Compile Driver","Chill"],"picked":"Turbo","floor":17},{"not_picked":["Rebound","Barrage"],"picked":"Fusion","floor":17},{"not_picked":["Compile Driver","Sunder"],"picked":"Heatsinks","floor":17},{"not_picked":["Barrage","Compile Driver"],"picked":"Cold Snap","floor":17},{"not_picked":["Streamline","Lockon","Rip and Tear"],"picked":"SKIP","floor":18},{"not_picked":["Force Field","Conserve Battery+1"],"picked":"Capacitor","floor":20},{"not_picked":["Compile Driver","Genetic Algorithm"],"picked":"All For One","floor":22},{"not_picked":["Gash","Sweeping Beam","Cold Snap"],"picked":"SKIP","floor":24},{"not_picked":["Cold Snap","Reprogram"],"picked":"Force Field+1","floor":31}],"player_experience":273778,"relics_obtained":[{"floor":7,"key":"Gremlin Horn"},{"floor":9,"key":"Incense Burner"},{"floor":11,"key":"The Courier"},{"floor":13,"key":"Turnip"},{"floor":24,"key":"Blue Candle"},{"floor":26,"key":"Anchor"}],"event_choices":[{"cards_removed":["Strike_B"],"damage_healed":0,"gold_gain":0,"player_choice":"Purged","damage_taken":0,"max_hp_gain":0,"max_hp_loss":0,"event_name":"Purifier","floor":8,"gold_loss":0},{"damage_healed":0,"gold_gain":0,"player_choice":"Got Potions","damage_taken":0,"max_hp_gain":0,"max_hp_loss":0,"event_name":"Lab","floor":19,"gold_loss":0},{"damage_healed":0,"gold_gain":0,"player_choice":"Fight","damage_taken":0,"max_hp_gain":0,"max_hp_loss":0,"event_name":"Colosseum","floor":21,"gold_loss":0},{"damage_healed":0,"gold_gain":0,"player_choice":"Fled From Nobs","damage_taken":0,"max_hp_gain":0,"max_hp_loss":0,"event_name":"Colosseum","floor":21,"gold_loss":0},{"damage_healed":0,"gold_gain":0,"player_choice":"Smashed Altar","damage_taken":0,"max_hp_gain":0,"max_hp_loss":0,"event_name":"Forgotten Altar","floor":25,"gold_loss":0,"cards_obtained":["Decay"]},{"damage_healed":0,"gold_gain":0,"player_choice":"Ignored","damage_taken":0,"max_hp_gain":0,"max_hp_loss":0,"event_name":"Vampires","floor":27,"gold_loss":0}],"is_beta":false,"boss_relics":[{"not_picked":["Lizard Tail","Busted Crown"],"picked":"Orrery"}],"items_purged_floors":[29],"is_endless":false,"potions_floor_spawned":[1,5,7,11,18,21,22],"killed_by":"Champ","ascension_level":6}