{"gold_per_floor":[20,120,136,155,155,155,182,192,192,205,205,15,15,15,15,119,119,135,12,22,41,0,0,13,26,26,26,26,26,39,39,39,39],"floor_reached":33,"playtime":1994,"items_purged":["Regret"],"score":247,"play_id":"70a51501-48e9-40c0-aa3f-472ae72b8a33","local_time":"20190314205132","is_ascension_mode":false,"campfire_choices":[{"data":"Streamline","floor":6,"key":"SMITH"},{"data":"Defend_B","floor":11,"key":"SMITH"},{"data":"Zap","floor":13,"key":"SMITH"},{"data":"Defend_B","floor":15,"key":"SMITH"},{"data":"Echo Form","floor":23,"key":"SMITH"},{"floor":27,"key":"REST"},{"floor":32,"key":"REST"}],"neow_cost":"NO_GOLD","seed_source_timestamp":6777699118817,"circlet_count":0,"master_deck":["Strike_B","Strike_B","Defend_B","Defend_B","Defend_B+1","Defend_B+1","Zap+1","Dualcast","Meteor Strike","Conserve Battery","Streamline+1","Ball Lightning","Rebound","Gash","Gash","Thunder Strike","All For One","Beam Cell","Echo Form+1","Lockon+1","Self Repair","Beam Cell+1","FTL","Defragment","Multi-Cast","Defragment"],"relics":["Cracked Core","Meat on the Bone","Vajra","Ornamental Fan","Lizard Tail","Bottled Flame"],"potions_floor_usage":[7,7,16,24,24,33],"damage_taken":[{"damage":1,"enemies":"Cultist","floor":1,"turns":3},{"damage":0,"enemies":"2 Louse","floor":3,"turns":3},{"damage":0,"enemies":"Small Slimes","floor":4,"turns":3},{"damage":28,"enemies":"Gremlin Nob","floor":7,"turns":4},{"damage":14,"enemies":"Blue Slaver","floor":8,"turns":2},{"damage":4,"enemies":"3 Louse","floor":10,"turns":2},{"damage":22,"enemies":"Hexaghost","floor":16,"turns":9},{"damage":2,"enemies":"Spheric Guardian","floor":18,"turns":3},{"damage":0,"enemies":"Chosen","floor":20,"turns":3},{"damage":12,"enemies":"Centurion and Healer","floor":21,"turns":5},{"damage":21,"enemies":"3 Cultists","floor":24,"turns":5},{"damage":23,"enemies":"Chosen and Byrds","floor":25,"turns":4},{"damage":12,"enemies":"Colosseum Slavers","floor":29,"turns":3},{"damage":18,"enemies":"Centurion and Healer","floor":30,"turns":4},{"damage":130,"enemies":"Automaton","floor":33,"turns":10}],"seed_played":"-7903215574197629970","potions_obtained":[{"floor":3,"key":"Strength Potion"},{"floor":4,"key":"Explosive Potion"},{"floor":7,"key":"FearPotion"},{"floor":20,"key":"Block Potion"},{"floor":25,"key":"FocusPotion"}],"is_trial":false,"path_per_floor":["M","?","M","M","?","R","E","M","T","M","R","$","R","$","R","B",null,"M","$","M","M","?","R","M","M","T","R","?","?","M","$","R","B"],"character_chosen":"DEFECT","items_purchased":["Gash","Thunder Strike","Echo Form","Energy Potion"],"campfire_rested":2,"item_purchase_floors":[12,12,19,19],"current_hp_per_floor":[74,74,74,74,74,74,46,44,44,40,40,40,40,40,40,30,75,73,73,73,61,61,61,47,36,36,58,58,46,47,47,69,0],"gold":39,"neow_bonus":"THREE_RARE_CARDS","is_prod":false,"is_daily":false,"chose_seed":false,"campfire_upgraded":5,"win_rate":0,"timestamp":1552621892,"path_taken":["M","?","?","M","?","R","E","M","T","M","R","$","R","$","R","BOSS","M","$","M","M","?","R","M","M","T","R","?","?","M","?","R","BOSS"],"build_version":"2019-01-23","purchased_purges":1,"victory":false,"max_hp_per_floor":[75,75,75,75,75,75,75,75,75,75,75,75,75,75,75,75,75,75,75,75,75,75,75,75,75,75,75,75,75,75,75,75,75],"card_choices":[{"not_picked":["Multi-Cast","Reboot"],"picked":"Meteor Strike","floor":0},{"not_picked":["Force Field","Aggregate"],"picked":"Conserve Battery","floor":1},{"not_picked":["Tempest","Beam Cell"],"picked":"Streamline","floor":3},{"not_picked":["Beam Cell","Steam"],"picked":"Ball Lightning","floor":4},{"not_picked":["Streamline","Barrage"],"picked":"Rebound","floor":7},{"not_picked":["Cold Snap","BootSequence"],"picked":"Gash","floor":8},{"not_picked":["Compile Driver","Steam","Beam Cell"],"picked":"SKIP","floor":10},{"not_picked":["Seek","Reboot"],"picked":"All For One","floor":16},{"not_picked":["Steam","BootSequence+1"],"picked":"Beam Cell","floor":18},{"not_picked":["Compile Driver+1","Melter"],"picked":"Lockon+1","floor":20},{"not_picked":["Darkness","Leap"],"picked":"Self Repair","floor":21},{"not_picked":["Chaos","Turbo"],"picked":"Beam Cell+1","floor":24},{"not_picked":["Conserve Battery","Skim"],"picked":"FTL","floor":25},{"not_picked":["Stack","Rip and Tear"],"picked":"Defragment","floor":30}],"player_experience":177189,"relics_obtained":[{"floor":7,"key":"Vajra"},{"floor":9,"key":"Ornamental Fan"},{"floor":26,"key":"Bottled Flame"}],"event_choices":[{"damage_healed":0,"gold_gain":100,"player_choice":"Pray","damage_taken":0,"max_hp_gain":0,"max_hp_loss":0,"event_name":"Golden Shrine","floor":2,"gold_loss":0},{"damage_healed":0,"gold_gain":0,"player_choice":"Box","damage_taken":0,"relics_obtained":["Meat on the Bone"],"max_hp_gain":0,"max_hp_loss":0,"event_name":"Big Fish","floor":5,"gold_loss":0,"cards_obtained":["Regret"]},{"damage_healed":0,"gold_gain":0,"player_choice":"Paid Fearfully","damage_taken":0,"max_hp_gain":0,"max_hp_loss":0,"event_name":"Masked Bandits","floor":22,"gold_loss":41},{"damage_healed":0,"gold_gain":0,"cards_transformed":["Strike_B","Strike_B"],"player_choice":"Became Test Subject","damage_taken":0,"max_hp_gain":0,"max_hp_loss":0,"event_name":"Drug Dealer","floor":28,"gold_loss":0,"cards_obtained":["Defragment","Multi-Cast"]},{"damage_healed":0,"gold_gain":0,"player_choice":"Fight","damage_taken":0,"max_hp_gain":0,"max_hp_loss":0,"event_name":"Colosseum","floor":29,"gold_loss":0},{"damage_healed":0,"gold_gain":0,"player_choice":"Fled From Nobs","damage_taken":0,"max_hp_gain":0,"max_hp_loss":0,"event_name":"Colosseum","floor":29,"gold_loss":0}],"is_beta":false,"boss_relics":[{"not_picked":["Inserter","Coffee Dripper"],"picked":"Lizard Tail"}],"items_purged_floors":[12],"is_endless":false,"potions_floor_spawned":[3,4,7,20,25,29],"killed_by":"Automaton","ascension_level":0}