{"path_per_floor":["M","?","M","M","$","E","?","R","T","?","E","M","T","E","R","B",null,"M","M","M","$","?"],"character_chosen":"THE_SILENT","items_purchased":["Well Laid Plans","Heel Hook","Infinite Blades"],"gold_per_floor":[16,91,106,122,11,46,46,46,46,46,86,99,123,157,157,278,278,292,305,321,63,313],"floor_reached":23,"campfire_rested":0,"playtime":1758,"current_hp_per_floor":[70,59,58,58,58,58,41,41,41,46,36,36,36,36,36,18,61,57,37,24,24,24],"items_purged":["Strike_G","Strike_G"],"gold":313,"score":324,"play_id":"11aefba3-7fe4-48de-a62c-01167b1ba47d","local_time":"20180319002222","is_prod":false,"is_daily":false,"is_ascension_mode":true,"campfire_upgraded":2,"timestamp":1521444142,"path_taken":["M","?","?","M","$","E","?","R","T","?","E","M","?","E","R","BOSS","M","M","M","$","?","E"],"build_version":"2018-03-16","purchased_purges":3,"victory":false,"master_deck":["Defend_G","Defend_G","Defend_G","Defend_G","Defend_G","Strike_G","Strike_G","Strike_G","Survivor","Neutralize","After Image+1","Cloak And Dagger+1","Dodge and Roll","Well Laid Plans","Acrobatics","Blur","Sucker Punch","Outmaneuver","Phantasmal Killer","Dodge and Roll","Heel Hook","Slice+1","Heel Hook","Infinite Blades","Regret"],"max_hp_per_floor":[70,70,70,70,70,70,70,70,70,75,75,75,75,75,75,75,75,75,75,75,75,75],"relics":["Ring of the Snake","Torii","Dream Catcher","Golden Idol","Thread and Needle","Matryoshka","Singing Bowl","Bronze Scales","Peace Pipe","Cursed Key"],"card_choices":[{"not_picked":["Backstab","Bouncing Flask"],"picked":"After Image"},{"not_picked":["Backflip","Flying Knee"],"picked":"Cloak And Dagger"},{"not_picked":["Deadly Poison","Leg Sweep"],"picked":"Dodge and Roll"},{"not_picked":["Unload","Poisoned Stab"],"picked":"Acrobatics"},{"not_picked":["Dagger Throw","Accuracy"],"picked":"Blur"},{"not_picked":["Dagger Spray","Catalyst"],"picked":"Sucker Punch"},{"not_picked":["Concentrate","PiercingWail"],"picked":"Outmaneuver"},{"not_picked":["Doppelganger","Wraith Form"],"picked":"Phantasmal Killer"},{"not_picked":["Deadly Poison","Acrobatics"],"picked":"Dodge and Roll"},{"not_picked":["Quick Slash","Flying Knee"],"picked":"Heel Hook"},{"not_picked":["Dagger Throw","Flechettes"],"picked":"Slice"}],"player_experience":165661,"potions_floor_usage":[11,16,23],"damage_taken":[{"damage":0,"enemies":"Jaw Worm","floor":1,"turns":3},{"damage":1,"enemies":"Small Slimes","floor":3,"turns":4},{"damage":0,"enemies":"Cultist","floor":4,"turns":5},{"damage":0,"enemies":"3 Sentries","floor":6,"turns":20},{"damage":10,"enemies":"Gremlin Nob","floor":11,"turns":5},{"damage":0,"enemies":"Exordium Wildlife","floor":12,"turns":6},{"damage":0,"enemies":"3 Sentries","floor":14,"turns":11},{"damage":18,"enemies":"Hexaghost","floor":16,"turns":17},{"damage":4,"enemies":"3 Byrds","floor":18,"turns":5},{"damage":20,"enemies":"Chosen","floor":19,"turns":10},{"damage":13,"enemies":"Snecko","floor":20,"turns":10},{"damage":36,"enemies":"Gremlin Leader","floor":23,"turns":10}],"event_choices":[{"event_name":"World of Goop","player_choice":"Gather Gold","floor":2,"damage_taken":0},{"event_name":"Golden Idol","player_choice":"Take Damage","floor":7,"damage_taken":0},{"event_name":"Big Fish","player_choice":"Donut","floor":10,"damage_taken":0},{"event_name":"Golden Shrine","player_choice":"Desecrate","floor":22,"damage_taken":0}],"boss_relics":[{"not_picked":["Question Card","White Beast Statue"],"picked":"Cursed Key"}],"potions_floor_spawned":[1,3,4,16,20],"seed_played":"7246513836959424764","killed_by":"Gremlin Leader","ascension_level":5,"is_trial":false}