{"gold_per_floor":[115,115,139,155,173,173,197,197,197,197,215,215,228,54,54,54],"floor_reached":16,"playtime":729,"items_purged":[],"score":94,"play_id":"470e968b-a3aa-40d4-a5b2-1dd5a2fd4c8c","local_time":"20181124211251","is_ascension_mode":false,"campfire_choices":[{"data":"Perfected Strike","floor":6,"key":"SMITH"},{"floor":8,"key":"REST"},{"data":"Armaments","floor":12,"key":"SMITH"},{"floor":15,"key":"REST"}],"neow_cost":"NONE","seed_source_timestamp":680279164330493,"circlet_count":0,"master_deck":["Strike_R","Strike_R","Strike_R","Strike_R","Strike_R","Defend_R","Defend_R","Defend_R","Defend_R","Bash","Impervious","Perfected Strike","Armaments+1","Flex","Perfected Strike+1","Heavy Blade","Thunderclap","Panache"],"relics":["Burning Blood","Golden Idol","Champion Belt","Dodecahedron"],"potions_floor_usage":[16],"damage_taken":[{"damage":7,"enemies":"2 Louse","floor":1,"turns":3},{"damage":10,"enemies":"Jaw Worm","floor":3,"turns":4},{"damage":0,"enemies":"Small Slimes","floor":4,"turns":3},{"damage":24,"enemies":"Exordium Wildlife","floor":5,"turns":7},{"damage":41,"enemies":"Gremlin Gang","floor":7,"turns":5},{"damage":12,"enemies":"Blue Slaver","floor":11,"turns":2},{"damage":6,"enemies":"Exordium Wildlife","floor":13,"turns":3},{"damage":57,"enemies":"Hexaghost","floor":16,"turns":10}],"seed_played":"1429084348037193111","potions_obtained":[{"floor":5,"key":"Explosive Potion"}],"is_trial":false,"path_per_floor":["M","?","M","M","M","R","M","R","T","?","M","R","M","$","R","B"],"character_chosen":"IRONCLAD","items_purchased":["Panache"],"campfire_rested":2,"item_purchase_floors":[14],"current_hp_per_floor":[79,74,70,74,56,56,21,43,43,40,34,34,34,34,56,0],"gold":54,"neow_bonus":"ONE_RANDOM_RARE_CARD","is_prod":false,"is_daily":false,"chose_seed":false,"campfire_upgraded":2,"win_rate":0.0,"timestamp":1543115571,"path_taken":["M","?","M","M","M","R","M","R","T","?","M","R","M","$","R","BOSS"],"build_version":"2018-11-15","purchased_purges":0,"victory":false,"max_hp_per_floor":[80,74,74,74,74,74,74,74,74,74,74,74,74,74,74,74],"card_choices":[{"not_picked":["Headbutt","Hemokinesis"],"picked":"Perfected Strike","floor":1},{"not_picked":["Headbutt","Pommel Strike"],"picked":"Armaments","floor":3},{"not_picked":["Heavy Blade","Feel No Pain"],"picked":"Flex","floor":4},{"not_picked":["Sever Soul","Combust"],"picked":"Perfected Strike","floor":5},{"not_picked":["Disarm","Offering","True Grit"],"picked":"SKIP","floor":7},{"not_picked":["Perfected Strike","Seeing Red"],"picked":"Heavy Blade","floor":11},{"not_picked":["Anger","Clothesline"],"picked":"Thunderclap","floor":13}],"player_experience":33363,"relics_obtained":[{"floor":9,"key":"Champion Belt"}],"event_choices":[{"damage_healed":0,"gold_gain":0,"player_choice":"Lose Max HP","damage_taken":0,"relics_obtained":["Golden Idol"],"max_hp_gain":0,"max_hp_loss":6,"event_name":"Golden Idol","floor":2,"gold_loss":0},{"damage_healed":0,"gold_gain":0,"player_choice":"Success","damage_taken":3,"relics_obtained":["Dodecahedron"],"max_hp_gain":0,"max_hp_loss":0,"event_name":"Scrap Ooze","floor":10,"gold_loss":0}],"is_beta":false,"boss_relics":[],"items_purged_floors":[],"is_endless":false,"potions_floor_spawned":[5],"killed_by":"Hexaghost","ascension_level":0}