{"gold_per_floor":[109,120,120,130,55,88,88,62,62,73,73,88,107,13,13,111,111,66,66,1,1,1,1,1,1,1,1,1,1,1,1,1,1,1,1,1,1,1,1,1,1,1,1,1,1,1,1,1,1,1,1,1,1,1,1],"floor_reached":55,"playtime":9260,"items_purged":["Pain"],"score":1060,"play_id":"6978d081-03b5-4d87-bfb9-12c4f4d52b71","local_time":"20190313223955","is_ascension_mode":true,"campfire_choices":[{"floor":7,"key":"REST"},{"floor":11,"key":"REST"},{"floor":15,"key":"REST"},{"floor":23,"key":"RECALL"},{"floor":25,"key":"REST"},{"data":"Terror","floor":27,"key":"SMITH"},{"data":"Ghostly","floor":30,"key":"SMITH"},{"data":"Adrenaline","floor":32,"key":"SMITH"},{"data":"Ghostly","floor":41,"key":"SMITH"},{"data":"Ghostly","floor":45,"key":"SMITH"},{"floor":49,"key":"REST"},{"data":"Ghostly","floor":52,"key":"SMITH"}],"neow_cost":"NONE","seed_source_timestamp":20800406172720,"circlet_count":0,"master_deck":["Defend_G+1","Defend_G+1","Defend_G+1","Defend_G+1","Defend_G+1","Strike_G+1","Strike_G+1","Strike_G+1","Strike_G+1","Strike_G+1","Survivor","Neutralize","Quick Slash","Leg Sweep","Leg Sweep","Blur","Backstab","Backflip","Predator","Unload","Unload","Terror+1","Flechettes","Well Laid Plans+1","Ghostly+1","Ghostly+1","Ghostly+1","Ghostly+1","Ghostly","Outmaneuver+1","Deflect+1","Adrenaline+1","Adrenaline","Footwork+1","Flying Knee+1","Blur","After Image+1","Backflip+1","Burst+1"],"relics":["Ring of the Snake","WarpedTongs","Orichalcum","Bag of Preparation","The Courier","Ectoplasm","Du-Vu Doll","Frozen Egg 2","Letter Opener","Oddly Smooth Stone","Snake Skull","Velvet Choker","Potion Belt","Dream Catcher","Thread and Needle","Toxic Egg 2"],"potions_floor_usage":[12,12,12,16,16,16,19,40,42,50,50,50,50],"damage_taken":[{"damage":3,"enemies":"Small Slimes","floor":1,"turns":4},{"damage":4,"enemies":"Cultist","floor":2,"turns":6},{"damage":2,"enemies":"2 Louse","floor":4,"turns":3},{"damage":61,"enemies":"Lagavulin","floor":6,"turns":20},{"damage":3,"enemies":"Exordium Thugs","floor":8,"turns":5},{"damage":0,"enemies":"Looter","floor":10,"turns":5},{"damage":1,"enemies":"Large Slime","floor":12,"turns":5},{"damage":0,"enemies":"Blue Slaver","floor":13,"turns":3},{"damage":15,"enemies":"The Guardian","floor":16,"turns":18},{"damage":6,"enemies":"2 Thieves","floor":18,"turns":4},{"damage":12,"enemies":"Colosseum Slavers","floor":19,"turns":6},{"damage":34,"enemies":"Colosseum Nobs","floor":19,"turns":6},{"damage":0,"enemies":"Slavers","floor":24,"turns":7},{"damage":0,"enemies":"Shell Parasite","floor":28,"turns":3},{"damage":0,"enemies":"Gremlin Leader","floor":29,"turns":6},{"damage":0,"enemies":"Slavers","floor":31,"turns":6},{"damage":0,"enemies":"Automaton","floor":33,"turns":14},{"damage":11,"enemies":"3 Shapes","floor":35,"turns":4},{"damage":0,"enemies":"Orb Walker","floor":36,"turns":4},{"damage":0,"enemies":"Spire Growth","floor":38,"turns":5},{"damage":0,"enemies":"Jaw Worm Horde","floor":39,"turns":5},{"damage":0,"enemies":"Reptomancer","floor":40,"turns":7},{"damage":2,"enemies":"Giant Head","floor":42,"turns":11},{"damage":0,"enemies":"Transient","floor":44,"turns":5},{"damage":0,"enemies":"3 Darklings","floor":46,"turns":6},{"damage":1,"enemies":"Sphere and 2 Shapes","floor":47,"turns":6},{"damage":0,"enemies":"Awakened One","floor":50,"turns":18},{"damage":0,"enemies":"Shield and Spear","floor":54,"turns":11},{"damage":38,"enemies":"The Heart","floor":55,"turns":17}],"seed_played":"-4823053624321683987","potions_obtained":[{"floor":1,"key":"Explosive Potion"},{"floor":6,"key":"EntropicBrew"},{"floor":8,"key":"Ancient Potion"},{"floor":10,"key":"Explosive Potion"},{"floor":13,"key":"Dexterity Potion"},{"floor":16,"key":"PowerPotion"},{"floor":24,"key":"Regen Potion"},{"floor":28,"key":"Weak Potion"},{"floor":31,"key":"Block Potion"},{"floor":38,"key":"Fire Potion"},{"floor":42,"key":"Energy Potion"},{"floor":44,"key":"AttackPotion"},{"floor":47,"key":"SkillPotion"}],"is_trial":false,"path_per_floor":["?","M","?","?","?","?","?","T"],"character_chosen":"THE_SILENT","items_purchased":["Well Laid Plans+1"],"campfire_rested":5,"item_purchase_floors":[20],"current_hp_per_floor":[74,70,70,68,68,7,30,27,27,27,50,49,49,49,72,57,77,71,25,25,25,25,25,25,36,36,36,36,36,36,36,36,36,38,27,27,27,27,27,27,27,25,25,25,25,25,24,24,34,36,36,36,36,36,0],"gold":1,"neow_bonus":"TEN_PERCENT_HP_BONUS","is_prod":false,"is_daily":false,"chose_seed":false,"campfire_upgraded":6,"win_rate":0,"timestamp":1552513195,"path_taken":["M","M","?","M","$","E","R","M","T","?","R","M","M","?","R","BOSS","M","?","$","?","?","R","E","R","T","R","M","E","R","E","R","BOSS","M","M","?","M","M","E","R","E","T","M","R","M","M","?","R","BOSS","R","$","E","BOSS"],"build_version":"2019-01-23","purchased_purges":1,"victory":false,"max_hp_per_floor":[77,77,77,77,77,77,77,77,77,77,77,77,77,77,77,77,77,77,77,77,38,38,38,38,38,38,38,38,38,38,38,38,38,38,38,38,36,36,36,36,36,36,36,36,36,36,36,36,36,36,36,36,36,36,36],"card_choices":[{"not_picked":["Deflect","Slice"],"picked":"Quick Slash","floor":1},{"not_picked":["Outmaneuver","PiercingWail"],"picked":"Leg Sweep","floor":2},{"not_picked":["Well Laid Plans","Deflect"],"picked":"Leg Sweep","floor":4},{"not_picked":["Underhanded Strike","Deadly Poison"],"picked":"Blur","floor":6},{"not_picked":["Bane","Underhanded Strike"],"picked":"Backstab","floor":8},{"not_picked":["Deadly Poison","Dagger Throw"],"picked":"Backflip","floor":10},{"not_picked":["Backflip","Underhanded Strike"],"picked":"Predator","floor":12},{"not_picked":["Backflip","Poisoned Stab"],"picked":"Unload","floor":13},{"not_picked":["Doppelganger","Night Terror"],"picked":"Unload","floor":16},{"not_picked":["Infinite Blades+1","Dodge and Roll"],"picked":"Terror","floor":18},{"not_picked":["Cloak And Dagger+1","Reflex+1"],"picked":"Flechettes","floor":19},{"not_picked":["Deflect","Deadly Poison"],"picked":"Outmaneuver+1","floor":24},{"not_picked":["PiercingWail+1","Deadly Poison","Acrobatics+1"],"picked":"SKIP","floor":28},{"not_picked":["Sucker Punch","Dagger Spray+1"],"picked":"Deflect+1","floor":29},{"not_picked":["Bane","Endless Agony"],"picked":"Adrenaline","floor":31},{"not_picked":["Corpse Explosion","Envenom+1"],"picked":"Adrenaline","floor":33},{"not_picked":["Poisoned Stab","Deadly Poison","Blade Dance"],"picked":"SKIP","floor":35},{"not_picked":["Acrobatics","Deflect"],"picked":"Footwork+1","floor":36},{"not_picked":["Backflip","Prepared","Deflect"],"picked":"SKIP","floor":38},{"not_picked":["Poisoned Stab+1","Corpse Explosion","Bane"],"picked":"SKIP","floor":39},{"not_picked":["Dagger Spray+1","Dagger Throw"],"picked":"Flying Knee+1","floor":40},{"not_picked":["Noxious Fumes+1","Flying Knee","Underhanded Strike+1"],"picked":"SKIP","floor":42},{"not_picked":["Crippling Poison","Bane+1","PiercingWail"],"picked":"SKIP","floor":44},{"not_picked":["Riddle With Holes","Heel Hook+1"],"picked":"Blur","floor":46},{"not_picked":["Backflip","Sucker Punch"],"picked":"After Image+1","floor":47},{"not_picked":["Dagger Throw","Blade Dance+1"],"picked":"Backflip+1","floor":49},{"not_picked":["Dagger Spray+1","Catalyst+1"],"picked":"Burst+1","floor":54}],"player_experience":74876,"relics_obtained":[{"floor":6,"key":"Orichalcum"},{"floor":9,"key":"Bag of Preparation"},{"floor":19,"key":"Du-Vu Doll"},{"floor":19,"key":"Frozen Egg 2"},{"floor":24,"key":"Letter Opener"},{"floor":29,"key":"Oddly Smooth Stone"},{"floor":31,"key":"Snake Skull"},{"floor":40,"key":"Potion Belt"},{"floor":42,"key":"Dream Catcher"},{"floor":43,"key":"Thread and Needle"},{"floor":48,"key":"Toxic Egg 2"}],"event_choices":[{"damage_healed":0,"gold_gain":0,"player_choice":"Rummage","damage_taken":0,"relics_obtained":["WarpedTongs"],"max_hp_gain":0,"max_hp_loss":0,"event_name":"Accursed Blacksmith","floor":3,"gold_loss":0,"cards_obtained":["Pain"]},{"damage_healed":0,"gold_gain":0,"player_choice":"Paid Gold","damage_taken":0,"relics_obtained":["The Courier"],"max_hp_gain":0,"max_hp_loss":0,"event_name":"WeMeetAgain","floor":14,"gold_loss":94},{"damage_healed":0,"gold_gain":0,"player_choice":"Fight","damage_taken":0,"max_hp_gain":0,"max_hp_loss":0,"event_name":"Colosseum","floor":19,"gold_loss":0},{"damage_healed":0,"gold_gain":0,"player_choice":"Fought Nobs","damage_taken":0,"max_hp_gain":0,"max_hp_loss":0,"event_name":"Colosseum","floor":19,"gold_loss":0},{"damage_healed":0,"gold_gain":0,"player_choice":"Became a Ghost","damage_taken":0,"max_hp_gain":0,"max_hp_loss":39,"event_name":"Ghosts","floor":21,"gold_loss":0,"cards_obtained":["Ghostly","Ghostly","Ghostly","Ghostly","Ghostly"]},{"damage_healed":0,"gold_gain":0,"player_choice":"Simplicity","damage_taken":0,"max_hp_gain":0,"max_hp_loss":0,"event_name":"Back to Basics","floor":22,"gold_loss":0,"cards_upgraded":["Defend_G","Defend_G","Defend_G","Defend_G","Defend_G","Strike_G","Strike_G","Strike_G","Strike_G","Strike_G"]},{"damage_healed":0,"gold_gain":0,"player_choice":"Max HP","damage_taken":0,"max_hp_gain":0,"max_hp_loss":2,"event_name":"Winding Halls","floor":37,"gold_loss":0}],"is_beta":false,"boss_relics":[{"not_picked":["Lizard Tail","Astrolabe"],"picked":"Ectoplasm"},{"not_picked":["Runic Dome","Eternal Feather"],"picked":"Velvet Choker"}],"items_purged_floors":[5],"is_endless":false,"potions_floor_spawned":[1,6,8,10,13,16,24,28,31,38,42,44,47],"killed_by":"The Heart","ascension_level":1}