{"gold_per_floor":[211,227,227,244,262,262,282,293,293,310,324,324,2,18,18,18],"floor_reached":16,"playtime":659,"items_purged":["Strike_G"],"score":98,"play_id":"d31669a4-8a3a-4c4d-846e-a9b17da5e133","local_time":"20190410150316","is_ascension_mode":false,"campfire_choices":[{"data":"Neutralize","floor":6,"key":"SMITH"},{"data":"All Out Attack","floor":12,"key":"SMITH"},{"floor":15,"key":"REST"}],"neow_cost":"NONE","seed_source_timestamp":1301045784174530,"circlet_count":0,"master_deck":["Defend_G","Defend_G","Defend_G","Defend_G","Defend_G","Strike_G","Strike_G","Strike_G","Strike_G","Survivor","Neutralize+1","Poisoned Stab","All Out Attack+1","Regret","Deadly Poison","Deflect","Backflip","Quick Slash","Dodge and Roll","PiercingWail","Dagger Spray"],"relics":["Ring of the Snake","Art of War","The Specimen","Bottled Flame"],"potions_floor_usage":[11,16,16,16],"damage_taken":[{"damage":7,"enemies":"Jaw Worm","floor":1,"turns":6},{"damage":0,"enemies":"2 Louse","floor":2,"turns":3},{"damage":4,"enemies":"Small Slimes","floor":4,"turns":3},{"damage":0,"enemies":"3 Louse","floor":5,"turns":2},{"damage":6,"enemies":"Gremlin Gang","floor":7,"turns":4},{"damage":0,"enemies":"Looter","floor":8,"turns":3},{"damage":18,"enemies":"Exordium Thugs","floor":10,"turns":6},{"damage":9,"enemies":"Gremlin Gang","floor":11,"turns":3},{"damage":8,"enemies":"Blue Slaver","floor":14,"turns":5},{"damage":41,"enemies":"The Guardian","floor":16,"turns":8}],"seed_played":"3934761505748138078","potions_obtained":[{"floor":2,"key":"Explosive Potion"},{"floor":11,"key":"Fire Potion"},{"floor":14,"key":"EntropicBrew"}],"is_trial":false,"path_per_floor":["M","M","?","M","M","R","M","M","T","M","M","R","$","M","R","B"],"character_chosen":"THE_SILENT","items_purchased":["Bottled Flame"],"campfire_rested":1,"item_purchase_floors":[13],"current_hp_per_floor":[63,63,63,59,59,59,53,53,53,35,26,26,26,18,39,0],"gold":18,"neow_bonus":"HUNDRED_GOLD","is_prod":false,"is_daily":false,"chose_seed":false,"campfire_upgraded":2,"win_rate":0,"timestamp":1554930196,"path_taken":["M","M","?","M","M","R","M","M","T","M","M","R","$","M","R","BOSS"],"build_version":"2019-01-23","purchased_purges":1,"victory":false,"max_hp_per_floor":[70,70,70,70,70,70,70,70,70,70,70,70,70,70,70,70],"card_choices":[{"not_picked":["Distraction","Slice"],"picked":"Poisoned Stab","floor":1},{"not_picked":["Blade Dance","Accuracy"],"picked":"All Out Attack","floor":2},{"not_picked":["Riddle With Holes","Bane"],"picked":"Deadly Poison","floor":4},{"not_picked":["Deadly Poison","Outmaneuver"],"picked":"Deflect","floor":5},{"not_picked":["Endless Agony","Poisoned Stab"],"picked":"Backflip","floor":7},{"not_picked":["Flechettes","Masterful Stab"],"picked":"Quick Slash","floor":8},{"not_picked":["Acrobatics","Grand Finale"],"picked":"Dodge and Roll","floor":10},{"not_picked":["Skewer","Quick Slash"],"picked":"PiercingWail","floor":11},{"not_picked":["Underhanded Strike","Dagger Throw"],"picked":"Dagger Spray","floor":14}],"player_experience":218895,"relics_obtained":[{"floor":9,"key":"The Specimen"}],"event_choices":[{"damage_healed":0,"gold_gain":0,"player_choice":"Box","damage_taken":0,"relics_obtained":["Art of War"],"max_hp_gain":0,"max_hp_loss":0,"event_name":"Big Fish","floor":3,"gold_loss":0,"cards_obtained":["Regret"]}],"is_beta":false,"boss_relics":[],"items_purged_floors":[13],"is_endless":false,"potions_floor_spawned":[2,11,14],"killed_by":"The Guardian","ascension_level":0}