{"gold_per_floor":[110,110,210,222,222,222,253,253,253,269,279,294,309,309,309,414,414,431,431,206,206,219,252,271,289,289,322,333,333,333,381,381,484,484,494,494,246,246,246,274,274,302,329,329,108,126,126,126],"floor_reached":48,"playtime":2118,"items_purged":["Strike_R","Strike_R","Strike_R"],"score":576,"play_id":"5f5331f5-8c6f-416f-85a6-1a2ed2d5728d","local_time":"20190409145944","is_ascension_mode":false,"campfire_choices":[{"data":"Cleave","floor":6.0,"key":"SMITH"},{"data":"Pommel Strike","floor":8.0,"key":"SMITH"},{"data":"Armaments","floor":15.0,"key":"SMITH"},{"data":"Shrug It Off","floor":29.0,"key":"SMITH"},{"floor":32.0,"key":"REST"},{"floor":41.0,"key":"REST"}],"neow_cost":"NONE","seed_source_timestamp":0,"circlet_count":0,"master_deck":["Strike_R","Defend_R","Defend_R","Defend_R","Defend_R","Bash","Cleave+1","Pommel Strike+1","Inflame","Shrug It Off+1","Clothesline","Armaments+1","Double Tap","Thunderclap","Demon Form","Headbutt","Iron Wave","Whirlwind","Warcry+1","Madness+1","Madness+1","Heavy Blade","Shrug It Off+1","Finesse+1","Seeing Red+1","Heavy Blade+1","Deep Breath+1","Dual Wield+1","Flex+1"],"special_seed":0,"relics":["Burning Blood","NeowsBlessing","Shuriken","Bronze Scales","Velvet Choker","Bag of Preparation","Nloth\u0027s Gift","Orichalcum","PreservedInsect","Anchor","Toxic Egg 2","Lantern","Blue Candle","Ancient Tea Set","Smiling Mask","Turnip"],"potions_floor_usage":[48],"damage_taken":[{"damage":0.0,"enemies":"Jaw Worm","floor":1.0,"turns":1.0},{"damage":0.0,"enemies":"Small Slimes","floor":4.0,"turns":1.0},{"damage":0.0,"enemies":"3 Sentries","floor":7.0,"turns":1.0},{"damage":1.0,"enemies":"Cultist","floor":10.0,"turns":3.0},{"damage":9.0,"enemies":"2 Fungi Beasts","floor":11.0,"turns":3.0},{"damage":6.0,"enemies":"3 Louse","floor":12.0,"turns":1.0},{"damage":8.0,"enemies":"Blue Slaver","floor":13.0,"turns":3.0},{"damage":41.0,"enemies":"The Guardian","floor":16.0,"turns":10.0},{"damage":7.0,"enemies":"Chosen","floor":18.0,"turns":4.0},{"damage":8.0,"enemies":"3 Byrds","floor":22.0,"turns":3.0},{"damage":28.0,"enemies":"Book of Stabbing","floor":23.0,"turns":5.0},{"damage":6.0,"enemies":"Snecko","floor":24.0,"turns":4.0},{"damage":25.0,"enemies":"Shelled Parasite and Fungi","floor":25.0,"turns":4.0},{"damage":16.0,"enemies":"Slavers","floor":27.0,"turns":4.0},{"damage":2.0,"enemies":"3 Cultists","floor":28.0,"turns":3.0},{"damage":45.0,"enemies":"Automaton","floor":33.0,"turns":7.0},{"damage":11.0,"enemies":"3 Shapes","floor":35.0,"turns":5.0},{"damage":41.0,"enemies":"Giant Head","floor":40.0,"turns":7.0},{"damage":34.0,"enemies":"Reptomancer","floor":42.0,"turns":5.0},{"damage":20.0,"enemies":"3 Darklings","floor":46.0,"turns":6.0},{"damage":26,"enemies":"Spire Growth","floor":48,"turns":2}],"seed_played":"-6021568568260664980","potions_obtained":[{"floor":1.0,"key":"Dexterity Potion"},{"floor":4.0,"key":"EssenceOfSteel"},{"floor":11.0,"key":"SpeedPotion"},{"floor":33.0,"key":"AttackPotion"},{"floor":35.0,"key":"Dexterity Potion"},{"floor":46.0,"key":"LiquidBronze"}],"is_trial":false,"path_per_floor":["M","?","?","M","?","R","E","R","T","M","M","M","M","?","R","B",null,"M","?","$","?","M","E","M","M","T","E","M","R","T","T","R","B",null,"M","?","$","?","?","E","R","E","T","T","$","M","?","M"],"character_chosen":"IRONCLAD","items_purchased":["Bag of Preparation","Heavy Blade","Regen Potion","Shrug It Off+1","Deep Breath+1","Dual Wield+1"],"campfire_rested":2,"item_purchase_floors":[20,37,37,37,45,45],"current_hp_per_floor":[80,80,80,80,73,73,79,79,79,80,77,77,75,80,80,45,85,84,84,84,84,82,60,60,41,41,31,35,35,35,35,60,21,85,80,69,69,69,69,39,64,36,36,36,36,22,22,0],"gold":126,"neow_bonus":"THREE_ENEMY_KILL","is_prod":false,"is_daily":false,"chose_seed":false,"campfire_upgraded":4,"win_rate":0,"timestamp":1554843584,"path_taken":["M","?","?","?","?","R","E","R","T","M","M","M","M","?","R","BOSS","M","?","$","?","?","E","M","M","T","E","M","R","?","?","R","BOSS","M","?","$","?","?","E","R","E","T","?","$","M","?","M"],"build_version":"2019-01-23","purchased_purges":3,"victory":false,"max_hp_per_floor":[80,80,80,80,80,80,80,80,80,80,80,80,80,85,85,85,85,85,85,85,85,85,85,85,85,85,85,85,85,85,85,85,85,85,85,85,85,85,85,85,85,85,85,85,85,85,85,85],"card_choices":[{"not_picked":["True Grit","Perfected Strike"],"picked":"Blood for Blood","floor":1.0},{"not_picked":["Sword Boomerang","Havoc"],"picked":"Cleave","floor":4.0},{"not_picked":["Havoc","Twin Strike"],"picked":"Pommel Strike","floor":7.0},{"not_picked":["Wild Strike","Intimidate"],"picked":"Inflame","floor":10.0},{"not_picked":["Impervious","Power Through"],"picked":"Shrug It Off","floor":11.0},{"not_picked":["Pommel Strike","Intimidate"],"picked":"Clothesline","floor":12.0},{"not_picked":["Clothesline","Heavy Blade"],"picked":"Armaments","floor":13.0},{"not_picked":["Immolate","Fiend Fire"],"picked":"Double Tap","floor":16.0},{"not_picked":["Pommel Strike","Clash"],"picked":"Thunderclap","floor":18.0},{"not_picked":["Body Slam","Perfected Strike","Feel No Pain+1"],"picked":"SKIP","floor":22.0},{"not_picked":["True Grit","Clash"],"picked":"Demon Form","floor":23.0},{"not_picked":["Clothesline","Havoc+1"],"picked":"Headbutt","floor":24.0},{"not_picked":["Wild Strike","Cleave","Hemokinesis"],"picked":"SKIP","floor":25.0},{"not_picked":["Offering","Bloodletting"],"picked":"Iron Wave","floor":27.0},{"not_picked":["Burning Pact","Pummel+1"],"picked":"Whirlwind","floor":28.0},{"not_picked":["Havoc+1","Thunderclap"],"picked":"Warcry+1","floor":35.0},{"not_picked":["Mind Blast","Bandage Up+1"],"picked":"Finesse+1","floor":39.0},{"not_picked":["Brutality","Thunderclap+1"],"picked":"Seeing Red+1","floor":40.0},{"not_picked":["Iron Wave","Dark Embrace"],"picked":"Heavy Blade+1","floor":42.0},{"not_picked":["Dropkick","Perfected Strike+1","Havoc+1"],"picked":"SKIP","floor":46.0}],"player_experience":206018,"relics_obtained":[{"floor":7.0,"key":"Bronze Scales"},{"floor":23.0,"key":"Orichalcum"},{"floor":26.0,"key":"PreservedInsect"},{"floor":27.0,"key":"Anchor"},{"floor":30.0,"key":"Toxic Egg 2"},{"floor":31.0,"key":"Lantern"},{"floor":40.0,"key":"Blue Candle"},{"floor":42.0,"key":"Ancient Tea Set"},{"floor":43.0,"key":"Smiling Mask"},{"floor":44.0,"key":"Turnip"}],"event_choices":[{"damage_healed":0.0,"max_hp_gain":0.0,"max_hp_loss":0.0,"gold_gain":0.0,"event_name":"Liars Game","player_choice":"Ignored","floor":2.0,"gold_loss":0.0,"damage_taken":0.0},{"damage_healed":0.0,"max_hp_gain":0.0,"max_hp_loss":0.0,"gold_gain":100.0,"event_name":"Golden Shrine","player_choice":"Pray","floor":3.0,"gold_loss":0.0,"damage_taken":0.0},{"damage_healed":0.0,"max_hp_gain":0.0,"max_hp_loss":0.0,"gold_gain":0.0,"event_name":"Scrap Ooze","player_choice":"Success","floor":5.0,"gold_loss":0.0,"damage_taken":7.0,"relics_obtained":["Shuriken"]},{"damage_healed":0.0,"max_hp_gain":5.0,"max_hp_loss":0.0,"gold_gain":0.0,"event_name":"Big Fish","player_choice":"Donut","floor":14.0,"gold_loss":0.0,"damage_taken":0.0},{"damage_healed":0.0,"max_hp_gain":0.0,"max_hp_loss":0.0,"gold_gain":0.0,"event_name":"The Mausoleum","player_choice":"Opened","floor":19.0,"gold_loss":0.0,"damage_taken":0.0,"relics_obtained":["Dodecahedron"]},{"damage_healed":0.0,"max_hp_gain":0.0,"max_hp_loss":0.0,"gold_gain":0.0,"event_name":"N\u0027loth","player_choice":"Traded Relic","floor":21.0,"relics_lost":["Dodecahedron"],"gold_loss":0.0,"damage_taken":0.0,"relics_obtained":["Nloth\u0027s Gift"]},{"damage_healed":0.0,"max_hp_gain":0.0,"max_hp_loss":0.0,"gold_gain":0.0,"event_name":"Winding Halls","player_choice":"Embrace Madness","floor":36.0,"gold_loss":0.0,"damage_taken":11.0,"cards_obtained":["Madness","Madness"]},{"cards_removed":["Blood for Blood"],"damage_healed":0.0,"max_hp_gain":0.0,"max_hp_loss":0.0,"gold_gain":0.0,"event_name":"Falling","player_choice":"Removed Attack","floor":38.0,"gold_loss":0.0,"damage_taken":0.0},{"damage_healed":0.0,"max_hp_gain":0.0,"max_hp_loss":0.0,"gold_gain":0.0,"event_name":"SensoryStone","player_choice":"Memory 1","floor":39.0,"gold_loss":0.0,"damage_taken":0.0},{"damage_healed":0.0,"max_hp_gain":0.0,"max_hp_loss":0.0,"gold_gain":0.0,"cards_transformed":["Strike_R"],"event_name":"Transmorgrifier","player_choice":"Transformed","floor":47.0,"gold_loss":0.0,"damage_taken":0.0,"cards_obtained":["Flex"]}],"is_beta":false,"boss_relics":[{"not_picked":["Runic Pyramid","Snecko Eye"],"picked":"Velvet Choker"},{"not_picked":["Fusion Hammer","Runic Dome","Coffee Dripper"]}],"items_purged_floors":[20,37,45],"is_endless":false,"potions_floor_spawned":[1,4,11,18,24,33,35,46],"killed_by":"Spire Growth","ascension_level":0}