{"gold_per_floor":[114,1,17,27,47,376,376,404,404,429,444,444,409,419,419,419],"floor_reached":16,"playtime":1184,"items_purged":["Strike_G"],"score":189,"play_id":"36a50c28-c3e0-446b-a7f5-c207fe05dd4b","local_time":"20190406200942","is_ascension_mode":true,"campfire_choices":[{"floor":12,"key":"REST"},{"data":"Bouncing Flask","floor":15,"key":"SMITH"}],"neow_cost":"NONE","seed_source_timestamp":25023540688100,"circlet_count":0,"master_deck":["AscendersBane","Defend_G","Defend_G","Defend_G","Defend_G","Defend_G","Strike_G","Strike_G","Strike_G","Strike_G","Survivor","Neutralize","Finisher","Masterful Stab","Bouncing Flask+1","Quick Slash","Poisoned Stab","Adrenaline","Bane","After Image","Distraction+1","Noxious Fumes"],"relics":["Ring of the Snake","Old Coin","Peace Pipe","Toxic Egg 2","Ornamental Fan"],"potions_floor_usage":[10,11,16],"damage_taken":[{"damage":6,"enemies":"2 Louse","floor":1,"turns":6},{"damage":0,"enemies":"Cultist","floor":3,"turns":3},{"damage":0,"enemies":"Small Slimes","floor":4,"turns":3},{"damage":9,"enemies":"Red Slaver","floor":5,"turns":7},{"damage":17,"enemies":"Lagavulin","floor":6,"turns":5},{"damage":18,"enemies":"Gremlin Nob","floor":8,"turns":4},{"damage":31,"enemies":"3 Sentries","floor":10,"turns":10},{"damage":9,"enemies":"Exordium Thugs","floor":11,"turns":4},{"damage":6,"enemies":"3 Louse","floor":14,"turns":4},{"damage":42,"enemies":"The Guardian","floor":16,"turns":9}],"seed_played":"6713027182047245277","potions_obtained":[{"floor":8,"key":"EssenceOfSteel"},{"floor":10,"key":"Explosive Potion"},{"floor":14,"key":"SteroidPotion"}],"is_trial":false,"path_per_floor":["M","$","M","M","M","E","?","E","T","E","M","R","?","M","R","B"],"character_chosen":"THE_SILENT","items_purchased":["Masterful Stab"],"campfire_rested":1,"item_purchase_floors":[2],"current_hp_per_floor":[64,64,64,64,55,38,63,45,45,14,5,28,47,41,41,0],"gold":419,"neow_bonus":"TEN_PERCENT_HP_BONUS","is_prod":false,"is_daily":false,"chose_seed":false,"campfire_upgraded":1,"win_rate":0,"timestamp":1554606582,"path_taken":["M","$","M","M","M","E","?","E","T","E","M","R","?","M","R","BOSS"],"build_version":"2019-01-23","purchased_purges":1,"victory":false,"max_hp_per_floor":[77,77,77,77,77,77,77,77,77,77,77,77,77,77,77,77],"card_choices":[{"not_picked":["PiercingWail","Slice"],"picked":"Finisher","floor":1},{"not_picked":["Dodge and Roll","Deflect"],"picked":"Bouncing Flask","floor":3},{"not_picked":["Slice","Blade Dance"],"picked":"Quick Slash","floor":4},{"not_picked":["Crippling Poison","Deadly Poison"],"picked":"Poisoned Stab","floor":5},{"not_picked":["Blade Dance","Leg Sweep"],"picked":"Adrenaline","floor":6},{"not_picked":["Blade Dance","Eviscerate"],"picked":"Bane","floor":8},{"not_picked":["Slice","Underhanded Strike"],"picked":"After Image","floor":10},{"not_picked":["Backstab","Deadly Poison+1"],"picked":"Distraction+1","floor":11},{"not_picked":["Slice","Dash"],"picked":"Noxious Fumes","floor":14}],"player_experience":737357,"relics_obtained":[{"floor":6,"key":"Old Coin"},{"floor":8,"key":"Peace Pipe"},{"floor":9,"key":"Toxic Egg 2"},{"floor":10,"key":"Ornamental Fan"}],"event_choices":[{"damage_healed":25,"gold_gain":0,"player_choice":"Banana","damage_taken":0,"max_hp_gain":0,"max_hp_loss":0,"event_name":"Big Fish","floor":7,"gold_loss":0},{"damage_healed":19,"gold_gain":0,"player_choice":"Healed","damage_taken":0,"max_hp_gain":0,"max_hp_loss":0,"event_name":"The Cleric","floor":13,"gold_loss":35}],"is_beta":false,"boss_relics":[],"items_purged_floors":[2],"is_endless":false,"potions_floor_spawned":[8,10,14],"killed_by":"The Guardian","ascension_level":11}