{"gold_per_floor":[112,112,37,37,55,55,69,79,79,79,112,127,127,127],"floor_reached":14,"playtime":291,"items_purged":["Regret"],"score":108,"play_id":"e5a43795-95ab-4462-aff5-4a80257cb57a","local_time":"20190302114711","is_ascension_mode":true,"campfire_choices":[{"data":"Heavy Blade","floor":6.0,"key":"SMITH"},{"data":"Inflame","floor":10.0,"key":"SMITH"}],"neow_cost":"NONE","seed_source_timestamp":0,"circlet_count":0,"master_deck":["Strike_R","Strike_R","Strike_R","Strike_R","Strike_R","Defend_R","Defend_R","Defend_R","Defend_R","Bash","Armaments","Bash","Body Slam","Swift Strike","Inflame+1","Heavy Blade+1","Corruption","True Grit","Flex","Iron Wave"],"special_seed":0,"relics":["Burning Blood","NeowsBlessing","Dodecahedron","Pen Nib","Juzu Bracelet","Toxic Egg 2"],"potions_floor_usage":[],"damage_taken":[{"damage":0.0,"enemies":"Small Slimes","floor":1.0,"turns":1.0},{"damage":0.0,"enemies":"Jaw Worm","floor":5.0,"turns":1.0},{"damage":0.0,"enemies":"Cultist","floor":7.0,"turns":1.0},{"damage":31.0,"enemies":"Exordium Thugs","floor":8.0,"turns":3.0},{"damage":22.0,"enemies":"Lagavulin","floor":11.0,"turns":6.0},{"damage":5.0,"enemies":"Gremlin Gang","floor":12.0,"turns":5.0},{"damage":0,"enemies":"3 Sentries","floor":14,"turns":1}],"seed_played":"-272760701327110179","potions_obtained":[{"floor":1.0,"key":"Ancient Potion"},{"floor":11.0,"key":"Fruit Juice"}],"is_trial":false,"path_per_floor":["M","?","$","?","M","R","M","M","T","R","E","M","T","E"],"character_chosen":"IRONCLAD","items_purchased":[],"campfire_rested":0,"item_purchase_floors":[],"current_hp_per_floor":[80,80,80,80,80,80,80,55,55,55,44,45,45,45],"gold":127,"neow_bonus":"THREE_ENEMY_KILL","is_prod":false,"is_daily":false,"chose_seed":false,"campfire_upgraded":2,"win_rate":0,"timestamp":1551548831,"path_taken":["M","?","$","?","M","R","M","?","T","R","E","M","?","E"],"build_version":"2019-01-23","purchased_purges":1,"victory":false,"max_hp_per_floor":[80,80,80,80,80,80,80,80,80,80,85,85,85,85],"card_choices":[{"not_picked":["Inflame","Heavy Blade"],"picked":"Armaments","floor":1.0},{"not_picked":["Metallicize","Warcry"],"picked":"Heavy Blade","floor":5.0},{"not_picked":["Wild Strike","Body Slam"],"picked":"Corruption","floor":7.0},{"not_picked":["Warcry","Clash"],"picked":"True Grit","floor":8.0},{"not_picked":["Exhume","Wild Strike"],"picked":"Flex","floor":11.0},{"not_picked":["Headbutt","Twin Strike"],"picked":"Iron Wave","floor":12.0}],"player_experience":591658,"relics_obtained":[{"floor":9.0,"key":"Pen Nib"},{"floor":11.0,"key":"Juzu Bracelet"},{"floor":13.0,"key":"Toxic Egg 2"}],"event_choices":[{"damage_healed":0.0,"max_hp_gain":0.0,"max_hp_loss":0.0,"gold_gain":0.0,"event_name":"Big Fish","player_choice":"Box","floor":2.0,"gold_loss":0.0,"damage_taken":0.0,"relics_obtained":["Dodecahedron"],"cards_obtained":["Regret"]},{"damage_healed":0.0,"max_hp_gain":0.0,"max_hp_loss":0.0,"gold_gain":0.0,"event_name":"Match and Keep!","player_choice":"4 cards matched","floor":4.0,"gold_loss":0.0,"damage_taken":0.0,"cards_obtained":["Bash","Body Slam","Swift Strike","Inflame"]}],"is_beta":false,"boss_relics":[],"items_purged_floors":[3],"is_endless":false,"potions_floor_spawned":[1,11],"killed_by":"3 Sentries","ascension_level":4}