{"gold_per_floor":[116,13,13,13,23,54,54,66,119,119,134,134,146,158,158,256,256,269,269,285,305,318,318,329,329,355,390,407,460,480,500,500,500],"floor_reached":33,"playtime":1555,"items_purged":[],"score":303,"play_id":"76945eb0-7779-4757-aa53-55cbecd618a1","local_time":"20180703030050","is_ascension_mode":false,"campfire_choices":[{"data":"Defragment","floor":10,"key":"SMITH"},{"floor":15,"key":"REST"},{"data":"Echo Form","floor":23,"key":"SMITH"},{"floor":25,"key":"REST"},{"floor":32,"key":"REST"}],"neow_cost":"","seed_source_timestamp":93610420334486,"circlet_count":0,"master_deck":["Defend_B","Defend_B","Defend_B","Defend_B","Zap","Dualcast","Sunder","Defragment+1","Go for the Eyes","Barrage","Sweeping Beam","Parasite","White Noise","Defragment+1","Chaos","Hologram","Sweeping Beam","Electrodynamics","Coolheaded","Bite","Bite","Bite","Bite","Bite","Consume+1","Echo Form+1","Compile Driver+1","Rip and Tear","Steam+1","Injury","Auto Shields","Go for the Eyes+1","Normality","Hologram","Streamline+1","Stack"],"relics":["Cracked Core","Dream Catcher","Whetstone","Bronze Scales","Cursed Key","Juzu Bracelet","Red Mask","Lantern"],"potions_floor_usage":[13,16,16,22,24,27,33],"damage_taken":[{"damage":1,"enemies":"2 Louse","floor":1,"turns":2},{"damage":0,"enemies":"Small Slimes","floor":5,"turns":3},{"damage":14,"enemies":"3 Sentries","floor":6,"turns":4},{"damage":0,"enemies":"Cultist","floor":8,"turns":2},{"damage":7,"enemies":"Exordium Thugs","floor":11,"turns":3},{"damage":24,"enemies":"Exordium Wildlife","floor":13,"turns":3},{"damage":0,"enemies":"Looter","floor":14,"turns":2},{"damage":33,"enemies":"The Guardian","floor":16,"turns":8},{"damage":30,"enemies":"2 Thieves","floor":18,"turns":3},{"damage":6,"enemies":"Shell Parasite","floor":20,"turns":4},{"damage":10,"enemies":"Chosen and Byrds","floor":21,"turns":6},{"damage":10,"enemies":"Snake Plant","floor":22,"turns":5},{"damage":33,"enemies":"Cultist and Chosen","floor":24,"turns":5},{"damage":14,"floor":27,"turns":6},{"damage":22,"enemies":"3 Cultists","floor":28,"turns":5},{"damage":8,"enemies":"Snake Plant","floor":30,"turns":4},{"damage":3,"enemies":"Snecko","floor":31,"turns":4},{"damage":48,"enemies":"Collector","floor":33,"turns":12}],"seed_played":"6878050055147390585","potions_obtained":[{"floor":1,"key":"Poison Potion"},{"floor":6,"key":"AttackPotion"},{"floor":11,"key":"EssenceOfSteel"},{"floor":18,"key":"Swift Potion"},{"floor":21,"key":"AttackPotion"},{"floor":24,"key":"Swift Potion"},{"floor":30,"key":"LiquidBronze"}],"is_trial":false,"path_per_floor":["M","$","?","?","M","E","?","M","T","R","M","?","M","M","R","B",null,"M","?","M","M","M","R","M","R","T","?","M","T","M","M","R"],"character_chosen":"DEFECT","items_purchased":["Defragment","Go for the Eyes"],"campfire_rested":3,"item_purchase_floors":[2,2],"current_hp_per_floor":[74,74,79,67,67,53,73,73,73,73,66,66,42,42,66,33,80,50,50,48,48,46,46,15,31,31,25,11,11,9,14,30,0],"gold":500,"neow_bonus":"","is_prod":false,"is_daily":false,"chose_seed":false,"campfire_upgraded":2,"win_rate":0.0,"timestamp":1530608450,"path_taken":["M","$","?","?","M","E","?","M","T","R","M","?","M","?","R","BOSS","M","?","M","M","M","R","M","R","T","?","M","?","M","M","R","BOSS"],"build_version":"2018-06-28","purchased_purges":0,"victory":false,"max_hp_per_floor":[75,75,80,80,80,80,80,80,80,80,80,80,80,80,80,80,80,80,56,56,56,56,56,56,56,56,56,56,56,56,56,56,56],"card_choices":[{"not_picked":["Conserve Battery","Gash"],"picked":"Sunder","floor":1},{"not_picked":["Gash","Stack"],"picked":"Barrage","floor":5},{"not_picked":["Seek","Steam Power"],"picked":"Sweeping Beam","floor":6},{"not_picked":["Static Discharge","Beam Cell"],"picked":"White Noise","floor":8},{"not_picked":["Blizzard","Redo"],"picked":"Defragment","floor":11},{"not_picked":["Consume","Barrage"],"picked":"Chaos","floor":13},{"not_picked":["Rebound","Go for the Eyes"],"picked":"Hologram","floor":14},{"not_picked":["Go for the Eyes","Gash"],"picked":"Sweeping Beam","floor":15},{"not_picked":["Multi-Cast","Rainbow"],"picked":"Electrodynamics","floor":16},{"not_picked":["Turbo","Scrape"],"picked":"Coolheaded","floor":18},{"not_picked":["Barrage","Streamline"],"picked":"Consume+1","floor":20},{"not_picked":["Beam Cell+1","Redo"],"picked":"Echo Form","floor":21},{"not_picked":["Go for the Eyes","Beam Cell"],"picked":"Compile Driver+1","floor":22},{"not_picked":["Scrape","Beam Cell"],"picked":"Rip and Tear","floor":24},{"not_picked":["Leap","Compile Driver"],"picked":"Steam+1","floor":25},{"not_picked":["Gash","Storm"],"picked":"Auto Shields","floor":27},{"not_picked":["Gash+1","Streamline"],"picked":"Go for the Eyes+1","floor":28},{"not_picked":["Streamline","Doom and Gloom"],"picked":"Hologram","floor":30},{"not_picked":["Darkness","Loop"],"picked":"Streamline+1","floor":31},{"not_picked":["Machine Learning","Go for the Eyes"],"picked":"Stack","floor":32}],"player_experience":51925,"relics_obtained":[{"floor":6,"key":"Whetstone"},{"floor":9,"key":"Bronze Scales"},{"floor":26,"key":"Juzu Bracelet"},{"floor":27,"key":"Red Mask"},{"floor":29,"key":"Lantern"}],"event_choices":[{"event_name":"Big Fish","player_choice":"Donut","floor":3,"damage_taken":0},{"event_name":"Scrap Ooze","player_choice":"success","floor":4,"damage_taken":12},{"event_name":"Mushrooms","player_choice":"Healed and dodged fight","floor":7,"damage_taken":0},{"event_name":"Accursed Blacksmith","player_choice":"Forge","floor":12,"damage_taken":0},{"event_name":"Vampires","player_choice":"Became a vampire","floor":19,"damage_taken":0},{"event_name":"Masked Bandits","player_choice":"Fought over 355 gold","floor":27,"damage_taken":0}],"boss_relics":[{"not_picked":["Ectoplasm","Coffee Dripper"],"picked":"Cursed Key"}],"items_purged_floors":[],"is_endless":false,"potions_floor_spawned":[1,6,11,18,21,24,30],"killed_by":"Collector","ascension_level":0}