{"path_per_floor":["M","M","M","$","?","E","M","R","T","E","?","M","?","E","R","B",null,"M","M"],"character_chosen":"THE_SILENT","items_purchased":["Well Laid Plans"],"gold_per_floor":[112,122,139,23,23,48,23,23,23,49,49,59,59,90,90,194,194,214,230],"floor_reached":20,"campfire_rested":0,"playtime":1113,"current_hp_per_floor":[70,70,69,69,69,58,44,44,44,60,60,66,66,62,62,56,70,57,43],"items_purged":["Strike_G"],"gold":230,"score":213,"play_id":"48ac4513-942c-40cd-a0f5-123d10ed2c85","local_time":"20180228013519","is_prod":false,"is_daily":false,"is_ascension_mode":true,"campfire_upgraded":2,"timestamp":1519810519,"path_taken":["M","M","?","$","?","E","M","R","T","E","?","M","?","E","R","BOSS","M","?","?"],"build_version":"2018-02-27-BETA1","purchased_purges":1,"victory":false,"master_deck":["Defend_G","Defend_G","Defend_G","Defend_G","Defend_G","Strike_G","Strike_G","Survivor","Neutralize","Cloak And Dagger+1","Slice","Infinite Blades","Well Laid Plans","Dagger Spray","Caltrops","Adrenaline","Outmaneuver+1","Endless Agony","Phantasmal Killer","Accuracy","Caltrops"],"max_hp_per_floor":[70,70,70,70,70,70,70,70,70,70,70,70,70,70,70,70,70,70,70],"relics":["White Beast Statue","Torii","Bird Faced Urn","Unceasing Top","Dodecahedron","Question Card"],"card_choices":[{"not_picked":["Dagger Throw","Riddle With Holes"],"picked":"Cloak And Dagger"},{"not_picked":["Poisoned Stab","Phantasmal Killer"],"picked":"Slice"},{"not_picked":["Slice","Riddle With Holes"],"picked":"Infinite Blades"},{"not_picked":["Concentrate","All Out Attack"],"picked":"Dagger Spray"},{"not_picked":["Backflip","Slice"],"picked":"Caltrops"},{"not_picked":["Sucker Punch","Underhanded Strike"],"picked":"Adrenaline"},{"not_picked":["Crippling Poison","Quick Slash"],"picked":"Outmaneuver"},{"not_picked":["Dagger Spray","Flechettes"],"picked":"Endless Agony"},{"not_picked":["Tactician","Unload"],"picked":"Phantasmal Killer"},{"not_picked":["Backflip","Dagger Throw","Well Laid Plans"],"picked":"Accuracy"},{"not_picked":["Underhanded Strike","Backflip","Dagger Spray"],"picked":"Caltrops"}],"player_experience":127175,"potions_floor_usage":[6,6,7,10,14,16,18,19,19,20,20],"damage_taken":[{"damage":0.0,"enemies":"Cultist","floor":1.0,"turns":4.0},{"damage":0.0,"enemies":"2 Louse","floor":2.0,"turns":4.0},{"damage":1.0,"enemies":"Small Slimes","floor":3.0,"turns":3.0},{"damage":11,"enemies":"Gremlin Nob","floor":6,"turns":5},{"damage":14,"enemies":"Exordium Thugs","floor":7,"turns":7},{"damage":2,"enemies":"3 Sentries","floor":10,"turns":6},{"damage":0,"enemies":"2 Fungi Beasts","floor":12,"turns":3},{"damage":8,"enemies":"Lagavulin","floor":14,"turns":6},{"damage":12,"enemies":"Hexaghost","floor":16,"turns":11},{"damage":13,"enemies":"3 Byrds","floor":18,"turns":3},{"damage":22,"enemies":"Chosen","floor":19,"turns":5},{"damage":57,"enemies":"Masked Bandits","floor":20,"turns":3}],"event_choices":[{"event_name":"Living Wall","player_choice":"Forget","floor":5,"damage_taken":0},{"event_name":"Bonfire Elementals","player_choice":"BASIC","floor":11,"damage_taken":0},{"event_name":"Liars Game","player_choice":"disagreed","floor":13,"damage_taken":0},{"event_name":"Masked Bandits","player_choice":"Fought over 230 gold","floor":20,"damage_taken":0}],"boss_relics":[{"not_picked":["The Specimen","Pandora\u0027s Box"],"picked":"Question Card"}],"potions_floor_spawned":[1,2,3,6,7,10,12,14,16,18,19],"seed_played":"7485579192037158080","killed_by":"Masked Bandits","ascension_level":2,"is_trial":false}