{"gold_per_floor":[213,225,238,218,143,143,143,143,167,184,196,211,211,228,228,228],"floor_reached":16,"playtime":730,"items_purged":["Strike_B"],"score":96,"play_id":"591773e9-ad02-4d9a-b92d-1c90ad64342e","local_time":"20180903025827","is_ascension_mode":false,"campfire_choices":[{"data":"Zap","floor":6,"key":"SMITH"},{"floor":13,"key":"REST"},{"data":"Capacitor","floor":15,"key":"SMITH"}],"neow_cost":"NONE","seed_source_timestamp":1632801429723093,"circlet_count":0,"master_deck":["Strike_B","Strike_B","Strike_B","Defend_B","Defend_B","Defend_B","Defend_B","Zap+1","Dualcast","Capacitor+1"],"relics":["Cracked Core","Lantern"],"potions_floor_usage":[16,16,16],"damage_taken":[{"damage":1,"enemies":"Cultist","floor":1,"turns":3},{"damage":2,"enemies":"2 Louse","floor":2,"turns":3},{"damage":14,"enemies":"Jaw Worm","floor":3,"turns":4},{"damage":10,"enemies":"Exordium Thugs","floor":4,"turns":4},{"damage":2,"enemies":"Blue Slaver","floor":10,"turns":4},{"damage":10,"enemies":"Large Slime","floor":11,"turns":7},{"damage":24,"enemies":"Exordium Wildlife","floor":12,"turns":6},{"damage":5,"enemies":"Looter","floor":14,"turns":3},{"damage":54,"enemies":"Hexaghost","floor":16,"turns":9}],"seed_played":"-2169021195150818710","potions_obtained":[{"floor":1,"key":"Ancient Potion"},{"floor":3,"key":"LiquidBronze"},{"floor":4,"key":"SteroidPotion"},{"floor":14,"key":"PowerPotion"}],"is_trial":false,"path_per_floor":["M","M","M","M","$","R","?","$","T","M","M","M","R","M","R"],"character_chosen":"DEFECT","items_purchased":[],"campfire_rested":1,"item_purchase_floors":[],"current_hp_per_floor":[74,72,58,48,48,48,73,73,73,71,61,37,59,54,54,0],"gold":228,"neow_bonus":"HUNDRED_GOLD","is_prod":false,"is_daily":false,"chose_seed":false,"campfire_upgraded":2,"win_rate":0.0,"timestamp":1535968707,"path_taken":["M","M","M","?","$","R","?","$","T","M","M","M","R","M","R","BOSS"],"build_version":"2018-08-30","purchased_purges":1,"victory":false,"max_hp_per_floor":[75,75,75,75,75,75,75,75,75,75,75,75,75,75,75,75],"card_choices":[{"not_picked":["Turbo","Redo","Heatsinks"],"picked":"SKIP","floor":1},{"not_picked":["Beam Cell","Conserve Battery","Skim"],"picked":"SKIP","floor":2},{"not_picked":["Go for the Eyes","Force Field","Steam Power"],"picked":"SKIP","floor":3},{"not_picked":["Redo","Coolheaded","Streamline"],"picked":"SKIP","floor":4},{"not_picked":["Doom and Gloom","Rebound","Fission"],"picked":"SKIP","floor":10},{"not_picked":["Leap","Beam Cell"],"picked":"Capacitor","floor":11},{"not_picked":["Coolheaded","Rebound","Creative AI"],"picked":"SKIP","floor":12},{"not_picked":["Sweeping Beam","Go for the Eyes","Leap"],"picked":"SKIP","floor":14}],"player_experience":94959,"relics_obtained":[{"floor":9,"key":"Lantern"}],"event_choices":[{"event_name":"Big Fish","player_choice":"Banana","floor":7,"damage_taken":0}],"is_beta":false,"boss_relics":[],"items_purged_floors":[5],"is_endless":false,"potions_floor_spawned":[1,3,4,14],"killed_by":"Hexaghost","ascension_level":0}