{"gold_per_floor":[110,185,199,199,213,277,277,305,332,332,343,357,357,369,369,474,474,474,485,216,216,226,251,251,261,313,14,14,14,14],"floor_reached":30,"playtime":1046,"items_purged":["Strike_B","Reprogram+1"],"score":363,"play_id":"d9371091-7991-44cc-a580-51fb4d17b5ba","local_time":"20181122122005","is_ascension_mode":true,"campfire_choices":[{"floor":7,"key":"REST"},{"floor":10,"key":"REST"},{"floor":13,"key":"REST"},{"floor":15,"key":"RECALL"},{"floor":24,"key":"REST"}],"neow_cost":"NONE","seed_source_timestamp":187984203448655,"circlet_count":0,"master_deck":["Defend_B","Defend_B","Defend_B","Defend_B","Zap","Dualcast","Coolheaded","Leap","Gash","Gash","Cold Snap","Ball Lightning","Conserve Battery","All For One","Multi-Cast+1","Core Surge+1","Defragment+1","Gash","Blizzard","Self Repair"],"relics":["Cracked Core","Tiny Chest","Bag of Preparation","Astrolabe","Runic Capacitor","Matryoshka","Vajra","Sundial","Blood Vial","Lee\u0027s Waffle"],"potions_floor_usage":[6,8,8,8,16,18,23,30],"damage_taken":[{"damage":0,"enemies":"Small Slimes","floor":1,"turns":2},{"damage":5,"enemies":"Jaw Worm","floor":3,"turns":3},{"damage":1,"enemies":"Cultist","floor":5,"turns":3},{"damage":29,"enemies":"3 Sentries","floor":6,"turns":7},{"damage":36,"enemies":"Lagavulin","floor":8,"turns":7},{"damage":12,"enemies":"Gremlin Gang","floor":11,"turns":4},{"damage":0,"enemies":"Red Slaver","floor":12,"turns":4},{"damage":1,"enemies":"Looter","floor":14,"turns":2},{"damage":29,"enemies":"The Guardian","floor":16,"turns":13},{"damage":0,"enemies":"2 Thieves","floor":18,"turns":1},{"damage":19,"enemies":"Shell Parasite","floor":19,"turns":7},{"damage":17,"enemies":"Centurion and Healer","floor":22,"turns":9},{"damage":22,"enemies":"Book of Stabbing","floor":23,"turns":7},{"damage":17,"enemies":"Sentry and Sphere","floor":25,"turns":6},{"damage":75,"enemies":"Slavers","floor":30,"turns":3}],"seed_played":"9109202252892288577","potions_obtained":[{"floor":3,"key":"GamblersBrew"},{"floor":4,"key":"SmokeBomb"},{"floor":4,"key":"Fire Potion"},{"floor":4,"key":"EntropicBrew"},{"floor":12,"key":"SpeedPotion"},{"floor":14,"key":"EssenceOfSteel"},{"floor":16,"key":"GamblersBrew"},{"floor":25,"key":"Energy Potion"}],"is_trial":false,"path_per_floor":["M","?","M","?","M","E","R","E","T","R","M","M","R","M","R","B",null,"M","M","$","T","M","E","R","M","T","$","?","$","E"],"character_chosen":"DEFECT","items_purchased":["Runic Capacitor","Lee\u0027s Waffle"],"campfire_rested":4,"item_purchase_floors":[20,27],"current_hp_per_floor":[75,64,59,59,58,29,53,17,17,41,29,29,53,52,52,23,67,67,48,48,48,31,9,33,16,16,89,72,72,0],"gold":14,"neow_bonus":"TEN_PERCENT_HP_BONUS","is_prod":false,"is_daily":false,"chose_seed":false,"campfire_upgraded":0,"win_rate":0,"timestamp":1542885605,"path_taken":["M","?","M","?","?","E","R","E","T","R","M","M","R","M","R","BOSS","M","?","$","?","?","E","R","M","T","$","?","$","E"],"build_version":"2018-11-15","purchased_purges":2,"victory":false,"max_hp_per_floor":[82,82,82,82,82,82,82,82,82,82,82,82,82,82,82,82,82,82,82,82,82,82,82,82,82,82,89,94,94,94],"card_choices":[{"not_picked":["Stack","White Noise"],"picked":"Coolheaded","floor":1},{"not_picked":["Coolheaded","Reprogram"],"picked":"Leap","floor":3},{"not_picked":["Ball Lightning","Redo"],"picked":"Gash","floor":5},{"not_picked":["Conserve Battery","Hello World"],"picked":"Gash","floor":6},{"not_picked":["Hello World","Sweeping Beam"],"picked":"Cold Snap","floor":8},{"not_picked":["Stack","Turbo","Undo"],"picked":"SKIP","floor":11},{"not_picked":["Leap","Compile Driver"],"picked":"Ball Lightning","floor":12},{"not_picked":["Leap","Ball Lightning"],"picked":"Conserve Battery","floor":14},{"not_picked":["Rainbow","Thunder Strike"],"picked":"All For One","floor":16},{"not_picked":["Leap","Cold Snap"],"picked":"Defragment+1","floor":19},{"not_picked":["Cold Snap","BootSequence"],"picked":"Gash","floor":22},{"not_picked":["Rainbow","Conserve Battery"],"picked":"Blizzard","floor":23},{"not_picked":["Hologram","Go for the Eyes"],"picked":"Self Repair","floor":25}],"player_experience":170585,"relics_obtained":[{"floor":6,"key":"Tiny Chest"},{"floor":8,"key":"Bag of Preparation"},{"floor":21,"key":"Matryoshka"},{"floor":23,"key":"Vajra"},{"floor":26,"key":"Sundial"},{"floor":26,"key":"Blood Vial"}],"event_choices":[{"damage_healed":0,"gold_gain":75,"player_choice":"Gather Gold","damage_taken":11,"max_hp_gain":0,"max_hp_loss":0,"event_name":"World of Goop","floor":2,"gold_loss":0},{"damage_healed":0,"gold_gain":0,"player_choice":"Got Potions","damage_taken":0,"max_hp_gain":0,"max_hp_loss":0,"event_name":"Lab","floor":4,"gold_loss":0},{"damage_healed":0,"gold_gain":0,"player_choice":"Shed Blood","damage_taken":22,"max_hp_gain":5,"max_hp_loss":0,"event_name":"Forgotten Altar","floor":28,"gold_loss":0}],"is_beta":false,"boss_relics":[{"not_picked":["Empty Cage","Philosopher\u0027s Stone"],"picked":"Astrolabe"}],"items_purged_floors":[20,27],"is_endless":false,"potions_floor_spawned":[3,5,12,14,16,18,25],"killed_by":"Slavers","ascension_level":6}