{"path_per_floor":["M","?","$","M","M","R","E","$","T","R","E","?","?","E","R","B",null,"M","M","?","?","$","R","?","E","T","$","R","M","M","?","R","B",null,"M","?","$","?","M","R","E","R","T","?","M","?","?","M","R"],"character_chosen":"DEFECT","items_purchased":["Defragment","DataDisk","FTL","Swift Strike"],"gold_per_floor":[111,186,74,93,105,105,132,32,82,82,116,116,86,121,121,225,225,238,258,258,258,39,39,39,70,118,13,13,24,39,39,39,140,140,154,0,0,349,360,360,390,390,390,390,404,404,404,420,420,420],"floor_reached":50,"campfire_rested":5,"playtime":1657,"item_purchase_floors":[3,22,22,27],"current_hp_per_floor":[65,54,54,53,53,53,55,55,55,75,60,48,48,39,61,42,67,69,38,38,38,38,60,53,36,36,36,73,75,70,70,70,32,64,59,59,59,56,58,58,47,47,47,47,50,41,41,49,75,0],"items_purged":["Strike_B","Strike_B"],"gold":420,"score":678,"play_id":"d3f81b25-20d9-4ebb-a109-24bd6489f966","local_time":"20180528052841","is_prod":false,"is_daily":false,"chose_seed":false,"is_ascension_mode":true,"campfire_upgraded":4,"win_rate":0,"timestamp":1527478121,"campfire_choices":[{"data":"Zap","floor":6,"key":"SMITH"},{"floor":10,"key":"REST"},{"floor":15,"key":"REST"},{"floor":23,"key":"REST"},{"floor":28,"key":"REST"},{"data":"Dualcast","floor":32,"key":"SMITH"},{"data":"Loop","floor":40,"key":"SMITH"},{"data":"White Noise","floor":42,"key":"SMITH"},{"floor":49,"key":"REST"}],"path_taken":["M","?","$","M","M","R","E","?","T","R","E","?","?","E","R","BOSS","M","M","?","?","$","R","?","E","T","?","R","M","M","?","R","BOSS","M","?","$","?","M","R","E","R","T","?","M","?","?","M","R","BOSS"],"build_version":"2018-05-25","seed_source_timestamp":5815996638547,"purchased_purges":2,"victory":false,"master_deck":["Defend_B","Defend_B","Defend_B+1","Defend_B","Zap+1","Dualcast+1","Conserve Battery","Cold Snap","Defragment+1","Chill+1","Doom and Gloom","Multi-Cast","Loop+1","All For One","Leap+1","FTL","BootSequence","Swift Strike","Beam Cell+1","White Noise+1","Core Surge","Force Field+1","Gash","Self Repair+1","Beam Cell","Madness","Go for the Eyes+1","Madness"],"max_hp_per_floor":[75,75,75,75,75,75,75,75,75,75,75,75,75,75,75,75,75,75,75,75,75,75,75,75,75,75,75,75,75,75,75,75,75,75,75,75,75,75,75,75,75,75,75,75,75,75,75,75,75,75],"relics":["Cracked Core","War Paint","Blood Vial","Cables","Ornamental Fan","Anchor","White Beast Statue","DataDisk","Regal Pillow","Juzu Bracelet","Lizard Tail","Red Mask","Old Coin","Bag of Marbles","Ginger"],"card_choices":[{"not_picked":["Leap","Lockon"],"picked":"Cold Snap","floor":1},{"not_picked":["Stack","Sweeping Beam"],"picked":"Chill","floor":4},{"not_picked":["White Noise","Turbo"],"picked":"Doom and Gloom","floor":5},{"not_picked":["Rebound","Darkness","Lockon"],"picked":"SKIP","floor":7},{"not_picked":["Leap","Skim"],"picked":"Multi-Cast","floor":11},{"not_picked":["Beam Cell","Steam"],"picked":"Loop","floor":14},{"not_picked":["Creative AI","Meteor Strike"],"picked":"All For One","floor":16},{"not_picked":["Rebound","Sweeping Beam"],"picked":"Leap+1","floor":18},{"not_picked":["Stack+1","Skim","Chaos"],"picked":"SKIP","floor":19},{"not_picked":["Fusion","Sweeping Beam"],"picked":"BootSequence","floor":25},{"not_picked":["Barrage","Genetic Algorithm"],"picked":"Beam Cell+1","floor":29},{"not_picked":["Streamline","Ball Lightning"],"picked":"White Noise","floor":30},{"not_picked":["Machine Learning","Amplify"],"picked":"Core Surge","floor":33},{"not_picked":["Steam","Streamline+1"],"picked":"Force Field+1","floor":35},{"not_picked":["Recycle+1","Sweeping Beam+1"],"picked":"Gash","floor":38},{"not_picked":["Turbo+1","Sweeping Beam"],"picked":"Self Repair+1","floor":39},{"not_picked":["Hello World+1","Hyperbeam"],"picked":"Beam Cell","floor":41},{"not_picked":["Panacea","Thinking Ahead"],"picked":"Madness","floor":44},{"not_picked":["Fusion","Compile Driver"],"picked":"Go for the Eyes+1","floor":45},{"not_picked":["Compile Driver","Barrage","Leap"],"picked":"SKIP","floor":48}],"player_experience":99271,"potions_floor_usage":[7,14,16,16,16,16,18,19,25,33,33,41,41,48,50,50],"damage_taken":[{"damage":3,"enemies":"2 Louse","floor":1,"turns":3},{"damage":1,"enemies":"Small Slimes","floor":4,"turns":4},{"damage":0,"enemies":"Jaw Worm","floor":5,"turns":3},{"damage":12,"enemies":"Lagavulin","floor":7,"turns":5},{"damage":15,"enemies":"Gremlin Nob","floor":11,"turns":4},{"damage":11,"enemies":"Lagavulin","floor":14,"turns":3},{"damage":21,"enemies":"Hexaghost","floor":16,"turns":8},{"damage":0,"enemies":"Shell Parasite","floor":18,"turns":4},{"damage":33,"enemies":"Chosen","floor":19,"turns":7},{"damage":19,"enemies":"Gremlin Leader","floor":25,"turns":5},{"damage":0,"enemies":"3 Cultists","floor":29,"turns":6},{"damage":5,"enemies":"Slaver and Parasite","floor":30,"turns":7},{"damage":40,"enemies":"Collector","floor":33,"turns":8},{"damage":7,"enemies":"Orb Walker","floor":35,"turns":5},{"damage":5,"enemies":"Mysterious Sphere","floor":38,"turns":3},{"damage":0,"enemies":"3 Shapes","floor":39,"turns":7},{"damage":85,"enemies":"Giant Head","floor":41,"turns":10},{"damage":9,"enemies":"Sphere and 2 Shapes","floor":45,"turns":5},{"damage":4,"enemies":"Spire Growth","floor":48,"turns":6},{"damage":89,"enemies":"Donu and Deca","floor":50,"turns":9}],"relics_obtained":[{"floor":7,"key":"War Paint"},{"floor":9,"key":"Blood Vial"},{"floor":11,"key":"Cables"},{"floor":14,"key":"Anchor"},{"floor":25,"key":"Regal Pillow"},{"floor":26,"key":"Juzu Bracelet"},{"floor":38,"key":"Old Coin"},{"floor":41,"key":"Bag of Marbles"},{"floor":43,"key":"Ginger"}],"event_choices":[{"event_name":"World of Goop","player_choice":"Gather Gold","floor":2,"damage_taken":0},{"event_name":"Scrap Ooze","player_choice":"success","floor":12,"damage_taken":12},{"event_name":"The Woman in Blue","player_choice":"Bought 2 Potions","floor":13,"damage_taken":0},{"event_name":"Upgrade Shrine","player_choice":"Upgraded","floor":20,"damage_taken":0},{"event_name":"Back to Basics","player_choice":"Elegance","floor":21,"damage_taken":0},{"event_name":"Wheel of Change","player_choice":"Damage","floor":24,"damage_taken":0},{"event_name":"Drug Dealer","player_choice":"Ignored","floor":31,"damage_taken":0},{"event_name":"Tomb of Lord Red Mask","player_choice":"Paid","floor":36,"damage_taken":0},{"event_name":"Mysterious Sphere","player_choice":"Fight","floor":38,"damage_taken":0},{"event_name":"SensoryStone","player_choice":"Memory 1","floor":44,"damage_taken":0},{"event_name":"Winding Halls","player_choice":"Embrace Madness","floor":46,"damage_taken":0}],"boss_relics":[{"not_picked":["Orrery","Cursed Key"],"picked":"White Beast Statue"},{"not_picked":["Black Star","Calling Bell"],"picked":"Lizard Tail"}],"items_purged_floors":[3,8],"potions_floor_spawned":[4,5,16,18,19,25,29,30,33,35,38,39,41,45,48],"seed_played":"8774679708848641564","killed_by":"Donu and Deca","ascension_level":6,"potions_obtained":[{"floor":4,"key":"Energy Potion"},{"floor":5,"key":"Regen Potion"},{"floor":13,"key":"SneckoOil"},{"floor":13,"key":"EntropicBrew"},{"floor":16,"key":"Strength Potion"},{"floor":18,"key":"SneckoOil"},{"floor":19,"key":"Ancient Potion"},{"floor":25,"key":"Weak Potion"},{"floor":29,"key":"PowerPotion"},{"floor":30,"key":"FearPotion"},{"floor":33,"key":"EssenceOfSteel"},{"floor":35,"key":"LiquidBronze"},{"floor":39,"key":"Dexterity Potion"},{"floor":41,"key":"Weak Potion"},{"floor":45,"key":"Weak Potion"},{"floor":48,"key":"SteroidPotion"}],"is_trial":false}