{"gold_per_floor":[111,129,139,151,168,202,202,214,285,164,175,187,187,207,207,305,305,319,69,69,89,89,116,131,156,156,156],"floor_reached":27,"playtime":2239,"items_purged":["Strike_B","Strike_B"],"score":284,"play_id":"d92b7e20-7d05-46a9-8f5d-0a158c111cd4","local_time":"20190322234621","is_ascension_mode":false,"campfire_choices":[{"data":"Sunder","floor":7,"key":"SMITH"},{"floor":15,"key":"REST"}],"neow_cost":"TEN_PERCENT_HP_LOSS","seed_source_timestamp":442901044775432,"circlet_count":0,"master_deck":["Strike_B","Defend_B","Defend_B","Defend_B","Zap","Dualcast","BootSequence","Amplify","Coolheaded","Ball Lightning","Conserve Battery","Blizzard","Sunder+1","Redo","Leap","Glacier","Redo","Flash of Steel","Creative AI","Redo+1","Capacitor","Melter","Glacier+1","Hello World","Chill+1"],"relics":["Cracked Core","Ancient Tea Set","Letter Opener","Nuclear Battery","Pantograph","WingedGreaves","Oddly Smooth Stone"],"potions_floor_usage":[16,18,23,23,25],"damage_taken":[{"damage":1,"enemies":"Cultist","floor":1,"turns":4},{"damage":0,"enemies":"2 Louse","floor":2,"turns":2},{"damage":0,"enemies":"Jaw Worm","floor":3,"turns":3},{"damage":3,"enemies":"3 Louse","floor":4,"turns":3},{"damage":10,"enemies":"Exordium Thugs","floor":5,"turns":6},{"damage":17,"enemies":"Lagavulin","floor":6,"turns":7},{"damage":7,"enemies":"2 Fungi Beasts","floor":8,"turns":3},{"damage":1,"enemies":"Red Slaver","floor":11,"turns":3},{"damage":1,"enemies":"Lots of Slimes","floor":12,"turns":2},{"damage":7,"enemies":"Blue Slaver","floor":14,"turns":3},{"damage":18,"enemies":"The Guardian","floor":16,"turns":13},{"damage":11,"enemies":"3 Byrds","floor":18,"turns":4},{"damage":5,"enemies":"Spheric Guardian","floor":21,"turns":3},{"damage":0,"enemies":"Slavers","floor":23,"turns":3},{"damage":2,"enemies":"Centurion and Healer","floor":24,"turns":6},{"damage":37,"enemies":"Book of Stabbing","floor":25,"turns":10},{"damage":20,"enemies":"Snecko","floor":27,"turns":5}],"seed_played":"1547060498050626323","potions_obtained":[{"floor":1,"key":"FearPotion"},{"floor":4,"key":"Ancient Potion"},{"floor":6,"key":"Explosive Potion"},{"floor":8,"key":"PowerPotion"},{"floor":16,"key":"Poison Potion"},{"floor":18,"key":"PowerPotion"},{"floor":21,"key":"LiquidBronze"},{"floor":22,"key":"AttackPotion"},{"floor":25,"key":"Ancient Potion"}],"is_trial":false,"path_per_floor":["M","M","M","M","M","E","R","M","T","$","M","M","?","M","R","B",null,"M","$","?","M","?","E","M","E","T","M"],"character_chosen":"DEFECT","items_purchased":["Leap","Capacitor","Melter"],"campfire_rested":1,"item_purchase_floors":[10,19,19],"current_hp_per_floor":[67,67,67,64,54,37,37,30,30,30,29,28,28,21,41,23,68,57,57,62,57,57,57,55,18,18,0],"gold":156,"neow_bonus":"TRANSFORM_TWO_CARDS","is_prod":false,"is_daily":false,"chose_seed":false,"campfire_upgraded":1,"win_rate":0,"timestamp":1553319981,"path_taken":["M","M","?","M","M","E","R","M","T","$","M","M","?","M","R","BOSS","M","$","?","?","?","E","M","E","T","M"],"build_version":"2019-01-23","purchased_purges":2,"victory":false,"max_hp_per_floor":[68,68,68,68,68,68,68,68,68,68,68,68,68,68,68,68,68,68,68,68,68,68,68,68,68,68,68],"card_choices":[{"not_picked":["Fusion","Gash"],"picked":"Sweeping Beam","floor":1},{"not_picked":["Hologram","Rip and Tear"],"picked":"Coolheaded","floor":2},{"not_picked":["Cold Snap","Coolheaded"],"picked":"Ball Lightning","floor":3},{"not_picked":["Force Field","Scrape"],"picked":"Conserve Battery","floor":4},{"not_picked":["Auto Shields","Ball Lightning"],"picked":"Blizzard","floor":5},{"not_picked":["Conserve Battery","Static Discharge"],"picked":"Sunder","floor":6},{"not_picked":["Static Discharge","Barrage"],"picked":"Redo","floor":8},{"not_picked":["Steam","Ball Lightning"],"picked":"Glacier","floor":11},{"not_picked":["Genetic Algorithm","Stack"],"picked":"Redo","floor":12},{"not_picked":["Conserve Battery","Rebound","Go for the Eyes"],"picked":"SKIP","floor":14},{"not_picked":["Meteor Strike","Multi-Cast"],"picked":"Creative AI","floor":16},{"not_picked":["Self Repair+1","Compile Driver"],"picked":"Redo+1","floor":18},{"not_picked":["Hologram","Streamline"],"picked":"Glacier+1","floor":21},{"not_picked":["Glacier","FTL"],"picked":"Hello World","floor":23},{"not_picked":["Capacitor","Darkness","Conserve Battery"],"picked":"SKIP","floor":24},{"not_picked":["Stack","Barrage+1"],"picked":"Chill+1","floor":25}],"player_experience":132752,"relics_obtained":[{"floor":6,"key":"Ancient Tea Set"},{"floor":9,"key":"Letter Opener"},{"floor":23,"key":"Pantograph"},{"floor":25,"key":"WingedGreaves"},{"floor":26,"key":"Oddly Smooth Stone"}],"event_choices":[{"damage_healed":0,"gold_gain":0,"player_choice":"1 cards matched","damage_taken":0,"max_hp_gain":0,"max_hp_loss":0,"event_name":"Match and Keep!","floor":13,"gold_loss":0,"cards_obtained":["Flash of Steel"]},{"cards_removed":["Sweeping Beam"],"damage_healed":5,"gold_gain":0,"player_choice":"Offered Common","damage_taken":0,"max_hp_gain":0,"max_hp_loss":0,"event_name":"Bonfire Elementals","floor":20,"gold_loss":0},{"cards_removed":["Sweeping Beam"],"damage_healed":5,"gold_gain":0,"player_choice":"Offered Special","damage_taken":0,"max_hp_gain":0,"max_hp_loss":0,"event_name":"Bonfire Elementals","floor":20,"gold_loss":0},{"damage_healed":0,"gold_gain":0,"player_choice":"Got Potions","damage_taken":0,"max_hp_gain":0,"max_hp_loss":0,"event_name":"Lab","floor":22,"gold_loss":0}],"is_beta":false,"boss_relics":[{"not_picked":["Snecko Eye","Coffee Dripper"],"picked":"Nuclear Battery"}],"items_purged_floors":[10,19],"is_endless":false,"potions_floor_spawned":[1,4,6,8,14,16,18,21,25],"killed_by":"Snecko","ascension_level":0}