{"gold_per_floor":[111,182,182,200,218,218,247,247,247,247,247,247,277,290,290,364,364,384,402,414,428,439,439,439,439,439,439,439,459,459,485,485,485],"floor_reached":33,"playtime":1181,"items_purged":[],"score":497,"play_id":"10d95943-be5e-4eae-a177-a1c9d129d741","local_time":"20190404000403","is_ascension_mode":true,"campfire_choices":[{"data":"Redo","floor":6.0,"key":"SMITH"},{"floor":8.0,"key":"REST"},{"data":"Steam","floor":12.0,"key":"SMITH"},{"floor":15.0,"key":"REST"},{"floor":23.0,"key":"REST"},{"floor":25.0,"key":"REST"},{"data":"Defragment","floor":27.0,"key":"SMITH"},{"floor":30.0,"key":"REST"},{"floor":32.0,"key":"REST"}],"neow_cost":"NONE","seed_source_timestamp":1219130482516336,"circlet_count":0,"master_deck":["AscendersBane","Strike_B","Strike_B","Defend_B","Defend_B","Defend_B","Defend_B","Zap","Dualcast","Redo+1","Gash","Zap","Self Repair","Steam+1","Biased Cognition","Cold Snap","Stack","Seek","Defragment+1","Cold Snap","Chill","Streamline+1","Skim","Genetic Algorithm","Cold Snap"],"special_seed":0,"relics":["Black Star","Mercury Hourglass","Blood Vial","DataDisk","Bottled Flame","Du-Vu Doll","Bottled Tornado","Ornamental Fan","Nuclear Battery","Gremlin Horn","Strawberry"],"potions_floor_usage":[33],"damage_taken":[{"damage":1.0,"enemies":"Cultist","floor":1.0,"turns":3.0},{"damage":0.0,"enemies":"2 Louse","floor":4.0,"turns":2.0},{"damage":12.0,"enemies":"Jaw Worm","floor":5.0,"turns":3.0},{"damage":19.0,"enemies":"3 Sentries","floor":7.0,"turns":5.0},{"damage":41.0,"enemies":"Gremlin Nob","floor":13.0,"turns":4.0},{"damage":0.0,"enemies":"2 Fungi Beasts","floor":14.0,"turns":3.0},{"damage":51.0,"enemies":"Hexaghost","floor":16.0,"turns":10.0},{"damage":3.0,"enemies":"Spheric Guardian","floor":18.0,"turns":4.0},{"damage":11.0,"enemies":"Chosen","floor":19.0,"turns":5.0},{"damage":34.0,"enemies":"Sentry and Sphere","floor":20.0,"turns":6.0},{"damage":18.0,"enemies":"Centurion and Healer","floor":21.0,"turns":7.0},{"damage":26.0,"enemies":"Cultist and Chosen","floor":22.0,"turns":9.0},{"damage":15.0,"enemies":"Snecko","floor":29.0,"turns":5.0},{"damage":69,"enemies":"Automaton","floor":33,"turns":12}],"seed_played":"-7284546387021235164","potions_obtained":[{"floor":5.0,"key":"FocusPotion"},{"floor":7.0,"key":"Fire Potion"},{"floor":18.0,"key":"AttackPotion"},{"floor":21.0,"key":"Fruit Juice"},{"floor":22.0,"key":"SkillPotion"},{"floor":29.0,"key":"EssenceOfSteel"}],"is_trial":false,"path_per_floor":["M","T","?","M","M","R","E","R","T","T","?","R","E","M","R","B",null,"M","M","M","M","M","R","?","R","T","R","?","M","R","T","R","B"],"character_chosen":"DEFECT","items_purchased":[],"campfire_rested":6,"item_purchase_floors":[],"current_hp_per_floor":[63,63,63,63,58,58,46,67,67,67,67,67,35,44,65,23,59,65,63,38,34,17,39,39,61,61,61,39,33,57,64,88,19],"gold":485,"neow_bonus":"BOSS_RELIC","is_prod":false,"is_daily":false,"chose_seed":false,"campfire_upgraded":3,"win_rate":0,"timestamp":1554354243,"path_taken":["M","?","?","M","?","R","E","R","T","?","?","R","E","M","R","BOSS","M","M","M","M","M","R","?","R","T","R","?","M","R","?","R","BOSS"],"build_version":"2019-01-23","purchased_purges":0,"victory":false,"max_hp_per_floor":[71,71,71,71,71,71,71,71,71,71,71,71,71,71,71,71,71,71,71,71,76,76,76,76,76,76,76,81,81,81,88,88,88],"card_choices":[{"not_picked":["Double Energy","Gash"],"picked":"Redo","floor":1.0},{"not_picked":["Sweeping Beam","Hello World"],"picked":"Steam","floor":4.0},{"not_picked":["Tempest","Streamline"],"picked":"Biased Cognition","floor":5.0},{"not_picked":["Sunder","Go for the Eyes","Scrape"],"picked":"SKIP","floor":7.0},{"not_picked":["Hologram","Compile Driver"],"picked":"Cold Snap","floor":13.0},{"not_picked":["Ball Lightning","Streamline"],"picked":"Stack","floor":14.0},{"not_picked":["Hyperbeam","Thunder Strike"],"picked":"Seek","floor":16.0},{"not_picked":["Reprogram","Hologram","Compile Driver"],"picked":"SKIP","floor":18.0},{"not_picked":["Gash","Redo+1"],"picked":"Defragment","floor":19.0},{"not_picked":["Sunder","Double Energy"],"picked":"Cold Snap","floor":20.0},{"not_picked":["Barrage","Turbo"],"picked":"Chill","floor":21.0},{"not_picked":["Beam Cell","Reinforced Body"],"picked":"Streamline+1","floor":22.0},{"not_picked":["Genetic Algorithm","Barrage"],"picked":"Cold Snap","floor":29.0}],"player_experience":881449,"relics_obtained":[{"floor":2.0,"key":"Mercury Hourglass"},{"floor":7.0,"key":"Blood Vial"},{"floor":7.0,"key":"DataDisk"},{"floor":9.0,"key":"Bottled Flame"},{"floor":10.0,"key":"Du-Vu Doll"},{"floor":13.0,"key":"Bottled Tornado"},{"floor":13.0,"key":"Ornamental Fan"},{"floor":26.0,"key":"Gremlin Horn"},{"floor":31.0,"key":"Strawberry"}],"event_choices":[{"damage_healed":0.0,"max_hp_gain":0.0,"max_hp_loss":0.0,"gold_gain":0.0,"event_name":"Match and Keep!","player_choice":"3 cards matched","floor":3.0,"gold_loss":0.0,"damage_taken":0.0,"cards_obtained":["Gash","Zap","Self Repair"]},{"damage_healed":0.0,"max_hp_gain":0.0,"max_hp_loss":0.0,"gold_gain":0.0,"event_name":"Golden Wing","player_choice":"Ignored","floor":11.0,"gold_loss":0.0,"damage_taken":0.0},{"damage_healed":0.0,"max_hp_gain":0.0,"max_hp_loss":0.0,"gold_gain":0.0,"cards_transformed":["Strike_B","Strike_B"],"event_name":"Drug Dealer","player_choice":"Became Test Subject","floor":24.0,"gold_loss":0.0,"damage_taken":0.0,"cards_obtained":["Skim","Genetic Algorithm"]},{"damage_healed":0.0,"max_hp_gain":5.0,"max_hp_loss":0.0,"gold_gain":0.0,"event_name":"Forgotten Altar","player_choice":"Shed Blood","floor":28.0,"gold_loss":0.0,"damage_taken":27.0}],"is_beta":false,"boss_relics":[{"not_picked":["Runic Pyramid","Velvet Choker"],"picked":"Nuclear Battery"}],"items_purged_floors":[],"is_endless":false,"potions_floor_spawned":[5,7,18,21,22,29],"killed_by":"Automaton","ascension_level":19}