{"path_per_floor":["M","?","$","?","?","R","?","E","T","?","$","R","?","M","R","B",null,"M","?","M","M","$","R","M","M","T","?","M","R","$","M","R"],"character_chosen":"IRONCLAD","items_purchased":["Fire Potion","Bronze Scales","Bandage Up"],"gold_per_floor":[109,184,136,136,236,236,186,217,217,247,19,19,19,35,35,138,138,156,81,95,114,114,114,127,142,142,142,155,155,56,69,69],"floor_reached":33,"campfire_rested":6,"playtime":1535,"current_hp_per_floor":[69,58,58,46,46,67,67,51,51,17,17,38,38,47,68,48,72,72,72,62,40,40,62,63,36,36,20,15,39,39,41,66],"items_purged":["Strike_R"],"gold":69,"score":243,"play_id":"960299aa-cf07-4e88-b7b6-b678e41cda5d","is_prod":false,"is_daily":false,"is_ascension_mode":false,"campfire_upgraded":0,"path_taken":["M","?","$","?","?","R","?","E","T","?","$","R","?","M","R","BOSS","M","?","M","M","$","R","M","M","T","?","M","R","$","M","R","BOSS"],"build_version":"2018-02-22-PROD2","purchased_purges":1,"victory":false,"master_deck":["Strike_R","Strike_R","Defend_R","Defend_R","Defend_R","Defend_R","Double Tap","Clash","Clash","Feed","Intimidate+1","Iron Wave","Twin Strike+1","Clash","Iron Wave+1","Bandage Up","Rampage"],"max_hp_per_floor":[72,72,72,72,72,72,72,72,72,72,72,72,72,72,72,72,72,72,72,72,75,75,75,78,81,81,81,81,81,81,84,84],"relics":["Burning Blood","Magic Flower","Juzu Bracelet","Ancient Tea Set","Peace Pipe","Odd Mushroom","Bronze Scales","Question Card","Charon\u0027s Ashes","Nilry\u0027s Codex"],"card_choices":[{"not_picked":["Blood for Blood","Anger"],"picked":"Double Tap"},{"not_picked":["Armaments","Warcry"],"picked":"Clash"},{"not_picked":["Metallicize","Armaments"],"picked":"Clash"},{"not_picked":["Demon Form","Berserk"],"picked":"Feed"},{"not_picked":["Pommel Strike","Heavy Blade","Armaments"],"picked":"Intimidate"},{"not_picked":["Reckless Charge","Clothesline","Rupture"],"picked":"Iron Wave"},{"not_picked":["Brutality","Thunderclap","Dropkick"],"picked":"Twin Strike"},{"not_picked":["Pommel Strike","Clothesline","Flex"],"picked":"Clash"},{"not_picked":["Reckless Charge","Feel No Pain","Combust"],"picked":"Iron Wave"},{"not_picked":["Body Slam","Entrench","Shockwave"],"picked":"Rampage"}],"player_experience":23123,"potions_floor_usage":[33],"damage_taken":[{"damage":12.0,"enemies":"Cultist","floor":1.0,"turns":5.0},{"damage":25.0,"enemies":"3 Sentries","floor":8.0,"turns":6.0},{"damage":43.0,"enemies":"The Mushroom Lair","floor":10.0,"turns":5.0},{"damage":0.0,"enemies":"Small Slimes","floor":14.0,"turns":2.0},{"damage":54.0,"enemies":"The Guardian","floor":16.0,"turns":11.0},{"damage":5.0,"enemies":"Spheric Guardian","floor":18.0,"turns":3.0},{"damage":19.0,"enemies":"Chosen","floor":20.0,"turns":6.0},{"damage":36.0,"enemies":"Snecko","floor":21.0,"turns":9.0},{"damage":13.0,"enemies":"Centurion and Healer","floor":24.0,"turns":6.0},{"damage":41.0,"enemies":"Slaver and Parasite","floor":25.0,"turns":6.0},{"damage":14.0,"enemies":"Snake Plant","floor":28.0,"turns":3.0},{"damage":18.0,"enemies":"Chosen and Byrds","floor":31.0,"turns":5.0},{"damage":77,"enemies":"Champ","floor":33,"turns":10}],"event_choices":[{"event_name":"World of Goop","player_choice":"Gather Gold","floor":2.0,"damage_taken":0.0},{"event_name":"Scrap Ooze","player_choice":"success","floor":4.0,"damage_taken":12.0},{"event_name":"Golden Shrine","player_choice":"Pray","floor":5.0,"damage_taken":0.0},{"event_name":"The Cleric","player_choice":"Card Removal","floor":7.0,"damage_taken":0.0},{"event_name":"Mushrooms","player_choice":"Fought Mushrooms","floor":10.0,"damage_taken":0.0},{"event_name":"Purifier","player_choice":"One Purge","floor":13.0,"damage_taken":0.0},{"event_name":"Beggar","player_choice":"Gave Gold","floor":19.0,"damage_taken":0.0},{"event_name":"Cursed Tome","player_choice":"Obtained Book","floor":27.0,"damage_taken":0.0}],"boss_relics":[],"potions_floor_spawned":[1,10,21,28,31],"seed_played":"-7685080217103378452","killed_by":"Champ","ascension_level":0,"is_trial":false}