{"gold_per_floor":[113,132,142,142,154,154,164,164,218,233,244,262,272,272,272,369,369,353,368,368,380,330,330,348,359,407,407,436,436,436],"floor_reached":30,"playtime":1462,"items_purged":[],"score":248,"play_id":"01ae48ff-b856-438f-96ec-c9315ea8e1cb","local_time":"20181128201922","is_ascension_mode":false,"campfire_choices":[{"data":"Body Slam","floor":6,"key":"SMITH"},{"floor":8,"key":"REST"},{"data":"Body Slam","floor":15,"key":"SMITH"},{"floor":23,"key":"REST"},{"floor":27,"key":"REST"}],"neow_cost":"NONE","seed_source_timestamp":1021934451695147,"circlet_count":0,"master_deck":["Strike_R","Strike_R","Strike_R","Strike_R","Strike_R","Defend_R","Defend_R","Defend_R","Defend_R","Bash","Body Slam+1","Body Slam+1","Pommel Strike","Shrug It Off","Entrench","Flex","Anger","Feel No Pain","Armaments","Clothesline","Juggernaut","Armaments","Heavy Blade","Corruption+1","Twin Strike","Thunderclap+1","Reckless Charge+1","Entrench+1"],"relics":["Burning Blood","Regal Pillow","Velvet Choker","Boot","Toxic Egg 2"],"potions_floor_usage":[16,24,28,28,30],"damage_taken":[{"damage":13,"enemies":"Cultist","floor":1,"turns":5},{"damage":10,"enemies":"Jaw Worm","floor":2,"turns":5},{"damage":2,"enemies":"Small Slimes","floor":3,"turns":4},{"damage":31,"enemies":"Gremlin Gang","floor":5,"turns":7},{"damage":7,"enemies":"Blue Slaver","floor":7,"turns":5},{"damage":23,"enemies":"Lots of Slimes","floor":10,"turns":6},{"damage":0,"enemies":"2 Fungi Beasts","floor":11,"turns":4},{"damage":24,"enemies":"Gremlin Gang","floor":12,"turns":7},{"damage":8,"enemies":"3 Louse","floor":13,"turns":4},{"damage":49,"enemies":"Slime Boss","floor":16,"turns":16},{"damage":17,"enemies":"2 Thieves","floor":18,"turns":4},{"damage":9,"enemies":"Shell Parasite","floor":19,"turns":5},{"damage":44,"enemies":"Snecko","floor":21,"turns":8},{"damage":12,"enemies":"Centurion and Healer","floor":24,"turns":5},{"damage":28,"enemies":"Snake Plant","floor":25,"turns":5},{"damage":28,"enemies":"Slavers","floor":28,"turns":5},{"damage":65,"enemies":"3 Cultists","floor":30,"turns":5}],"seed_played":"-4714014793011721033","potions_obtained":[{"floor":2,"key":"LiquidBronze"},{"floor":10,"key":"EssenceOfSteel"},{"floor":12,"key":"Weak Potion"},{"floor":16,"key":"Swift Potion"},{"floor":25,"key":"Fire Potion"}],"is_trial":false,"path_per_floor":["M","M","M","?","M","R","M","R","T","M","M","M","M","?","R","B",null,"M","M","?","M","?","R","M","M","T","R","E","?","M"],"character_chosen":"IRONCLAD","items_purchased":[],"campfire_rested":3,"item_purchase_floors":[],"current_hp_per_floor":[73,69,73,73,48,48,47,71,71,54,60,42,40,80,80,37,80,69,66,66,28,28,67,61,39,39,78,56,56,0],"gold":436,"neow_bonus":"THREE_CARDS","is_prod":false,"is_daily":false,"chose_seed":false,"campfire_upgraded":2,"win_rate":0.0,"timestamp":1543457962,"path_taken":["M","M","?","?","M","R","M","R","T","M","M","?","M","?","R","BOSS","M","?","?","?","?","R","M","?","T","R","E","?","M"],"build_version":"2018-11-15","purchased_purges":0,"victory":false,"max_hp_per_floor":[80,80,80,80,80,80,80,80,80,80,80,80,80,80,80,80,80,80,80,80,80,80,80,80,80,80,80,80,80,80],"card_choices":[{"not_picked":["Pommel Strike","Anger"],"picked":"Body Slam","floor":0},{"not_picked":["Anger","Heavy Blade"],"picked":"Body Slam","floor":1},{"not_picked":["Heavy Blade","Wild Strike"],"picked":"Pommel Strike","floor":2},{"not_picked":["Iron Wave","Sword Boomerang"],"picked":"Shrug It Off","floor":3},{"not_picked":["Anger","Sever Soul"],"picked":"Entrench","floor":5},{"not_picked":["Havoc","Perfected Strike"],"picked":"Flex","floor":7},{"not_picked":["Headbutt","Demon Form"],"picked":"Anger","floor":10},{"not_picked":["Bloodletting","Rampage"],"picked":"Feel No Pain","floor":11},{"not_picked":["Perfected Strike","Entrench"],"picked":"Armaments","floor":12},{"not_picked":["Clash","Body Slam"],"picked":"Clothesline","floor":13},{"not_picked":["Exhume","Immolate"],"picked":"Juggernaut","floor":16},{"not_picked":["Perfected Strike","Spot Weakness+1"],"picked":"Armaments","floor":18},{"not_picked":["Pummel+1","Anger"],"picked":"Heavy Blade","floor":19},{"not_picked":["Sentinel","True Grit"],"picked":"Corruption+1","floor":21},{"not_picked":["Limit Break","Cleave+1"],"picked":"Twin Strike","floor":24},{"not_picked":["Combust","Iron Wave+1"],"picked":"Thunderclap+1","floor":25},{"not_picked":["Armaments","Body Slam+1"],"picked":"Reckless Charge+1","floor":28}],"player_experience":89612,"relics_obtained":[{"floor":9,"key":"Regal Pillow"},{"floor":26,"key":"Boot"},{"floor":28,"key":"Toxic Egg 2"}],"event_choices":[{"damage_healed":0,"gold_gain":0,"player_choice":"Ignored","damage_taken":0,"max_hp_gain":0,"max_hp_loss":0,"event_name":"NoteForYourself","floor":4,"gold_loss":0},{"damage_healed":40,"gold_gain":0,"player_choice":"Full Heal","damage_taken":0,"max_hp_gain":0,"max_hp_loss":0,"event_name":"Wheel of Change","floor":14,"gold_loss":0},{"damage_healed":0,"gold_gain":0,"player_choice":"Leave","damage_taken":0,"max_hp_gain":0,"max_hp_loss":0,"event_name":"FaceTrader","floor":20,"gold_loss":0},{"damage_healed":0,"gold_gain":0,"player_choice":"Bet on Owner","damage_taken":0,"max_hp_gain":0,"max_hp_loss":0,"event_name":"The Joust","floor":22,"gold_loss":50},{"damage_healed":0,"gold_gain":0,"player_choice":"Read","damage_taken":0,"max_hp_gain":0,"max_hp_loss":0,"event_name":"The Library","floor":29,"gold_loss":0,"cards_obtained":["Entrench"]}],"is_beta":false,"boss_relics":[{"not_picked":["Snecko Eye","Cursed Key"],"picked":"Velvet Choker"}],"items_purged_floors":[],"is_endless":false,"potions_floor_spawned":[2,10,12,16,18,25],"killed_by":"3 Cultists","ascension_level":0}