{"path_per_floor":["M","$","?","?","T","E","M","?","T","M","$","E","R","?","R","B",null,"M","$","M","$","M"],"character_chosen":"THE_SILENT","items_purchased":["Poisoned Stab","Backflip","Outmaneuver","Matryoshka","Choke","Poisoned Stab"],"gold_per_floor":[110,12,12,12,312,346,362,362,389,402,227,257,257,257,257,352,352,370,33,43,19,29],"floor_reached":23,"campfire_rested":1,"playtime":1988,"current_hp_per_floor":[70,70,70,70,70,24,17,17,17,15,15,10,10,10,31,3,70,70,70,58,58,22],"items_purged":["Defend_G","Defend_G"],"gold":29,"play_id":"9065dc7e-d931-4262-8d1b-ee94466c4b02","is_prod":false,"is_daily":false,"is_ascension_mode":false,"campfire_upgraded":1,"path_taken":["M","$","?","?","?","E","M","?","T","M","?","E","R","?","R","BOSS","M","$","M","$","M","E"],"build_version":"2018-02-01-PROD3","purchased_purges":3,"victory":false,"master_deck":["Defend_G","Defend_G","Defend_G","Strike_G","Strike_G","Strike_G","Strike_G","Strike_G","Survivor","Neutralize+1","Well Laid Plans","Poisoned Stab","Burst+1","Poisoned Stab","Finisher","Backflip+1","Outmaneuver+1","Outmaneuver","Adrenaline","Blade Dance","Choke","Acrobatics","Poisoned Stab","Bouncing Flask+1"],"max_hp_per_floor":[70,70,70,70,70,70,70,70,70,70,70,70,70,70,70,70,70,70,70,70,70,70],"relics":["Ring of the Snake","Thread and Needle","Old Coin","Bottled Lightning","Bronze Scales","War Paint","Runic Pyramid","Matryoshka"],"card_choices":[{"not_picked":["Bullet Time","Escape Plan"],"picked":"Well Laid Plans"},{"not_picked":["Finisher","Blur"],"picked":"Burst"},{"not_picked":["Prepared","Flying Knee"],"picked":"Poisoned Stab"},{"not_picked":["Sucker Punch","Masterful Stab"],"picked":"Finisher"},{"not_picked":["Distraction","Calculated Gamble"],"picked":"Outmaneuver"},{"not_picked":["Die Die Die","A Thousand Cuts"],"picked":"Adrenaline"},{"not_picked":["Caltrops","Outmaneuver"],"picked":"Blade Dance"},{"not_picked":["Slice","Backflip"],"picked":"Acrobatics"},{"not_picked":["PiercingWail","Skewer"],"picked":"Bouncing Flask"}],"player_experience":2066,"potions_floor_usage":[12,12,23],"damage_taken":[{"damage":0,"enemies":"Cultist","floor":1,"turns":3},{"damage":46,"enemies":"Gremlin Nob","floor":6,"turns":6},{"damage":7,"enemies":"Jaw Worm","floor":7,"turns":4},{"damage":2,"enemies":"Blue Slaver","floor":10,"turns":3},{"damage":5,"enemies":"Lagavulin","floor":12,"turns":10},{"damage":28,"enemies":"Hexaghost","floor":16,"turns":10},{"damage":0,"enemies":"3 Byrds","floor":18,"turns":3},{"damage":12,"enemies":"Spheric Guardian","floor":20,"turns":4},{"damage":36,"enemies":"3 Cultists","floor":22,"turns":6},{"damage":27,"enemies":"Slavers","floor":23,"turns":2}],"event_choices":[{"event_name":"Big Fish","player_choice":"Box","floor":3,"damage_taken":0},{"event_name":"Liars Game","player_choice":"disagreed","floor":4,"damage_taken":0},{"event_name":"Purifier","player_choice":"One Purge","floor":8,"damage_taken":0},{"event_name":"Upgrade Shrine","player_choice":"Upgraded","floor":14,"damage_taken":0}],"boss_relics":[{"not_picked":["Philosopher\u0027s Stone","White Beast Statue"],"picked":"Runic Pyramid"}],"potions_floor_spawned":[1,10,22],"seed_played":"3147183049817042121","killed_by":"Slavers","ascension_level":0,"is_trial":false}