{"gold_per_floor":[113,113,133,133,61,94,94,132,132,167,187,187,228,248,248,248],"floor_reached":16,"playtime":953,"items_purged":[],"score":205,"play_id":"d8c77b79-f3f2-480e-89e3-d2525dab7696","local_time":"20190407143658","is_ascension_mode":true,"campfire_choices":[{"data":"Caltrops","floor":7,"key":"SMITH"},{"floor":15,"key":"REST"}],"neow_cost":"CURSE","seed_source_timestamp":10896046375516,"circlet_count":0,"master_deck":["AscendersBane","Defend_G","Defend_G","Defend_G","Defend_G","Defend_G","Strike_G","Strike_G","Strike_G","Strike_G","Strike_G","Survivor","Neutralize","Injury","Caltrops+1","Footwork","Tools of the Trade","All Out Attack","Cloak And Dagger","Footwork","Deflect"],"relics":["Ring of the Snake","Torii","Golden Idol","Tingsha","Happy Flower","Regal Pillow","Pear","Smiling Mask","Ornamental Fan"],"potions_floor_usage":[13,13,14],"damage_taken":[{"damage":0,"enemies":"2 Louse","floor":1,"turns":4},{"damage":1,"enemies":"Cultist","floor":3,"turns":4},{"damage":25,"enemies":"3 Sentries","floor":6,"turns":13},{"damage":1,"enemies":"Lagavulin","floor":8,"turns":9},{"damage":18,"enemies":"3 Sentries","floor":10,"turns":8},{"damage":1,"enemies":"Jaw Worm","floor":11,"turns":3},{"damage":9,"enemies":"Gremlin Nob","floor":13,"turns":5},{"damage":0,"enemies":"2 Fungi Beasts","floor":14,"turns":4},{"damage":54,"enemies":"Slime Boss","floor":16,"turns":11}],"seed_played":"240128808998683230","potions_obtained":[{"floor":10,"key":"GhostInAJar"},{"floor":11,"key":"AttackPotion"},{"floor":13,"key":"Ancient Potion"}],"is_trial":false,"path_per_floor":["M","?","M","?","$","E","R","E","T","E","M","?","E","M","R","B"],"character_chosen":"THE_SILENT","items_purchased":["Footwork"],"campfire_rested":1,"item_purchase_floors":[5],"current_hp_per_floor":[63,46,45,45,45,20,20,19,29,11,10,10,1,1,40,0],"gold":248,"neow_bonus":"ONE_RARE_RELIC","is_prod":false,"is_daily":false,"chose_seed":false,"campfire_upgraded":1,"win_rate":0,"timestamp":1554673018,"path_taken":["M","?","M","?","$","E","R","E","T","E","?","?","E","M","R","BOSS"],"build_version":"2019-01-23","purchased_purges":0,"victory":false,"max_hp_per_floor":[70,70,70,70,70,70,70,70,80,80,80,80,80,80,80,80],"card_choices":[{"not_picked":["Blade Dance","Slice"],"picked":"Caltrops","floor":1},{"not_picked":["PiercingWail","Deadly Poison"],"picked":"Caltrops","floor":3},{"not_picked":["Prepared","Blade Dance"],"picked":"Tools of the Trade","floor":6},{"not_picked":["Predator","Phantasmal Killer"],"picked":"All Out Attack","floor":8},{"not_picked":["Backstab","Escape Plan"],"picked":"Cloak And Dagger","floor":10},{"not_picked":["Sucker Punch","Dodge and Roll"],"picked":"Footwork","floor":11},{"not_picked":["Deadly Poison","Envenom"],"picked":"Deflect","floor":13},{"not_picked":["Underhanded Strike","Eviscerate","Distraction"],"picked":"SKIP","floor":14}],"player_experience":319060,"relics_obtained":[{"floor":6,"key":"Happy Flower"},{"floor":8,"key":"Regal Pillow"},{"floor":9,"key":"Pear"},{"floor":10,"key":"Smiling Mask"},{"floor":13,"key":"Ornamental Fan"}],"event_choices":[{"damage_healed":0,"gold_gain":0,"player_choice":"Take Damage","damage_taken":17,"relics_obtained":["Golden Idol"],"max_hp_gain":0,"max_hp_loss":0,"event_name":"Golden Idol","floor":2,"gold_loss":0},{"cards_removed":["Caltrops"],"damage_healed":0,"gold_gain":0,"player_choice":"Gave Card","damage_taken":0,"relics_obtained":["Tingsha"],"max_hp_gain":0,"max_hp_loss":0,"event_name":"WeMeetAgain","floor":4,"gold_loss":0},{"damage_healed":0,"gold_gain":0,"player_choice":"Fled","damage_taken":0,"max_hp_gain":0,"max_hp_loss":0,"event_name":"Scrap Ooze","floor":12,"gold_loss":0}],"is_beta":false,"boss_relics":[],"items_purged_floors":[],"is_endless":false,"potions_floor_spawned":[10,11,13],"killed_by":"Slime Boss","ascension_level":12}