{"gold_per_floor":[13,13,27,27,39,39,55,75,75,75,75,101,101,129,129,129,129,140,140,38,38,38,38,69,88,88,145,145,176,176,188,188,288,288,306,321,321,321,321,321,347,89,135,154,165,180,180,230,230,230],"floor_reached":50,"playtime":1958,"items_purged":["Strike_G+1"],"score":695,"play_id":"f32b9bef-e04b-43d0-8d54-4db13ba8c5da","local_time":"20180926030401","is_ascension_mode":true,"campfire_choices":[{"data":"Dagger Spray","floor":6,"key":"SMITH"},{"data":"Die Die Die","floor":10,"key":"SMITH"},{"floor":15,"key":"REST"},{"data":"Slice","floor":23,"key":"SMITH"},{"floor":28,"key":"REST"},{"floor":32,"key":"REST"},{"data":"Cloak And Dagger","floor":40,"key":"SMITH"},{"floor":47,"key":"REST"},{"data":"Neutralize","floor":49,"key":"SMITH"}],"neow_cost":"NO_GOLD","seed_source_timestamp":1146171298405629,"circlet_count":0,"master_deck":["Defend_G+1","Defend_G+1","Defend_G+1","Defend_G+1","Defend_G+1","Strike_G+1","Strike_G+1","Survivor","Neutralize+1","Dagger Spray+1","Die Die Die+1","Sucker Punch","Backflip","Cloak And Dagger+1","Prepared","Cloak And Dagger+1","Infinite Blades+1","Slice+1","Cloak And Dagger+1","Crippling Poison+1","Adrenaline","Blade Dance+1","Footwork+1"],"relics":["Ring of the Serpent","Pocketwatch","Frozen Egg 2","Ginger","Calipers","War Paint","Ninja Scroll","WristBlade","Anchor","Mango","Tiny Chest","Bronze Scales","PreservedInsect","Molten Egg 2","Oddly Smooth Stone","Art of War","Dead Branch"],"potions_floor_usage":[12,14,16,29,33,50,50,50,50],"damage_taken":[{"damage":1,"enemies":"Small Slimes","floor":1,"turns":4},{"damage":0,"enemies":"Cultist","floor":3,"turns":3},{"damage":1,"enemies":"Jaw Worm","floor":5,"turns":2},{"damage":0,"enemies":"2 Fungi Beasts","floor":7,"turns":2},{"damage":7,"enemies":"3 Louse","floor":8,"turns":2},{"damage":10,"enemies":"3 Sentries","floor":12,"turns":4},{"damage":15,"enemies":"Gremlin Nob","floor":14,"turns":4},{"damage":31,"enemies":"The Guardian","floor":16,"turns":16},{"damage":0,"enemies":"3 Byrds","floor":18,"turns":2},{"damage":18,"enemies":"Book of Stabbing","floor":24,"turns":5},{"damage":0,"enemies":"Chosen","floor":25,"turns":3},{"damage":15,"enemies":"Gremlin Leader","floor":27,"turns":5},{"damage":10,"enemies":"Book of Stabbing","floor":29,"turns":5},{"damage":0,"enemies":"3 Cultists","floor":31,"turns":3},{"damage":43,"enemies":"Automaton","floor":33,"turns":11},{"damage":0,"enemies":"Orb Walker","floor":35,"turns":2},{"damage":0,"enemies":"3 Shapes","floor":36,"turns":4},{"damage":0,"enemies":"2 Orb Walkers","floor":41,"turns":3},{"damage":18,"enemies":"3 Darklings","floor":44,"turns":3},{"damage":11,"enemies":"Spire Growth","floor":45,"turns":4},{"damage":11,"enemies":"Maw","floor":46,"turns":8},{"damage":0,"enemies":"Mysterious Sphere","floor":48,"turns":3},{"damage":76,"enemies":"Time Eater","floor":50,"turns":13}],"seed_played":"2087601322323162480","potions_obtained":[{"floor":3,"key":"Energy Potion"},{"floor":8,"key":"Regen Potion"},{"floor":12,"key":"Energy Potion"},{"floor":25,"key":"Regen Potion"},{"floor":29,"key":"Fire Potion"},{"floor":31,"key":"AttackPotion"},{"floor":33,"key":"Dexterity Potion"},{"floor":41,"key":"Swift Potion"}],"is_trial":false,"path_per_floor":["M","?","M","?","M","R","M","M","T","R","?","E","?","E","R","B",null,"M","?","$","?","$","R","E","M","T","E","R","E","?","M","R","B",null,"M","M","$","?","T","R","E","$","T","M","M","M","R","?","R"],"character_chosen":"THE_SILENT","items_purchased":["Infinite Blades+1","Slice","Oddly Smooth Stone","Footwork+1"],"campfire_rested":4,"item_purchase_floors":[20,20,42,42],"current_hp_per_floor":[69,69,69,66,65,65,65,58,58,58,58,57,57,42,63,32,70,70,70,70,70,70,70,52,52,66,51,76,71,55,55,81,38,89,89,89,89,85,85,85,85,85,85,67,56,45,70,70,70,0],"gold":230,"neow_bonus":"ONE_RARE_RELIC","is_prod":false,"is_daily":false,"chose_seed":false,"campfire_upgraded":5,"win_rate":0,"timestamp":1537923841,"path_taken":["M","?","M","?","?","R","M","M","T","R","?","E","?","E","R","BOSS","M","?","?","?","?","R","E","?","T","E","R","E","?","M","R","BOSS","M","M","$","?","?","R","E","$","T","M","M","?","R","?","R","BOSS"],"build_version":"2018-09-20","purchased_purges":1,"victory":false,"max_hp_per_floor":[70,70,70,70,70,70,70,70,70,70,70,70,70,70,70,70,70,70,70,70,70,70,70,70,70,84,84,84,84,89,89,89,89,89,89,89,89,85,85,85,85,85,85,85,85,85,85,85,85,85],"card_choices":[{"not_picked":["Deflect","Concentrate"],"picked":"Dagger Spray","floor":1},{"not_picked":["All Out Attack","Slice"],"picked":"Sucker Punch","floor":3},{"not_picked":["Dagger Throw","Deadly Poison"],"picked":"Backflip","floor":5},{"not_picked":["Burst","Deadly Poison"],"picked":"Cloak And Dagger","floor":7},{"not_picked":["Dodge and Roll","Deflect"],"picked":"Prepared","floor":8},{"not_picked":["Phantasmal Killer","Bane","Accuracy+1"],"picked":"SKIP","floor":12},{"not_picked":["Outmaneuver","Catalyst","Masterful Stab"],"picked":"SKIP","floor":14},{"not_picked":["Backstab","Dagger Spray"],"picked":"Cloak And Dagger+1","floor":18},{"not_picked":["Quick Slash","Bullet Time"],"picked":"Cloak And Dagger","floor":24},{"not_picked":["PiercingWail","Dodge and Roll","Outmaneuver"],"picked":"SKIP","floor":25},{"not_picked":["Prepared+1","Escape Plan+1"],"picked":"Crippling Poison+1","floor":27},{"not_picked":["All Out Attack","Tactician","Deflect+1"],"picked":"SKIP","floor":29},{"not_picked":["Poisoned Stab","Well Laid Plans+1","Catalyst"],"picked":"SKIP","floor":31},{"not_picked":["Malaise","Storm of Steel"],"picked":"Adrenaline","floor":33},{"not_picked":["Flying Knee+1","Deflect+1","Bouncing Flask+1"],"picked":"SKIP","floor":35},{"not_picked":["Sucker Punch","Concentrate+1","PiercingWail"],"picked":"SKIP","floor":36},{"not_picked":["Accuracy+1","Escape Plan"],"picked":"Blade Dance+1","floor":41},{"not_picked":["Poisoned Stab+1","Prepared","Predator+1"],"picked":"SKIP","floor":44},{"not_picked":["Acrobatics+1","Deflect","Predator+1"],"picked":"SKIP","floor":45},{"not_picked":["Prepared","Predator+1","Dodge and Roll"],"picked":"SKIP","floor":46}],"player_experience":132343,"relics_obtained":[{"floor":9,"key":"Ginger"},{"floor":12,"key":"War Paint"},{"floor":14,"key":"Ninja Scroll"},{"floor":24,"key":"Anchor"},{"floor":26,"key":"Mango"},{"floor":27,"key":"Tiny Chest"},{"floor":29,"key":"Bronze Scales"},{"floor":39,"key":"PreservedInsect"},{"floor":41,"key":"Molten Egg 2"},{"floor":43,"key":"Art of War"},{"floor":48,"key":"Dead Branch"}],"event_choices":[{"event_name":"Transmorgrifier","player_choice":"Transform","floor":2,"damage_taken":0},{"event_name":"Scrap Ooze","player_choice":"success","floor":4,"damage_taken":3},{"event_name":"Dead Adventurer","player_choice":"Searched \u00272\u0027 times","floor":11,"damage_taken":0},{"event_name":"Living Wall","player_choice":"Forget","floor":13,"damage_taken":0},{"event_name":"Back to Basics","player_choice":"Simplicity","floor":19,"damage_taken":0},{"event_name":"Vampires","player_choice":"Ignored","floor":21,"damage_taken":0},{"event_name":"Forgotten Altar","player_choice":"Shed Blood","floor":30,"damage_taken":0},{"event_name":"Winding Halls","player_choice":"Max HP","floor":38,"damage_taken":0},{"event_name":"Mysterious Sphere","player_choice":"Fight","floor":48,"damage_taken":0}],"is_beta":false,"boss_relics":[{"not_picked":["White Beast Statue","Runic Pyramid"],"picked":"WristBlade"},{"not_picked":["Busted Crown","Black Star"],"picked":"Ring of the Serpent"}],"items_purged_floors":[42],"is_endless":false,"potions_floor_spawned":[3,8,12,25,29,31,33,41,45,48],"killed_by":"Time Eater","ascension_level":3}