{"gold_per_floor":[10,10,26,44,59,87,87,120,146,96,107,127,302,78,78,183,183,202,202,202,216,216,216,216,216],"floor_reached":25,"playtime":1231,"items_purged":["Shockwave","Doubt"],"score":282,"play_id":"5f7312b3-f309-4305-b40d-e86cf6a51c62","local_time":"20190129010358","is_ascension_mode":true,"campfire_choices":[{"data":"Anger","floor":7,"key":"SMITH"},{"floor":15,"key":"REST"},{"floor":23,"key":"REST"}],"neow_cost":"NO_GOLD","seed_source_timestamp":203333309598080,"circlet_count":0,"master_deck":["Defend_R","Defend_R","Defend_R","Defend_R","Bash","Clash","Anger+1","Iron Wave","Clash","Fire Breathing","Perfected Strike","Clash","Violence","Clash","Bite","Bite","Bite","Bite","Bite","Writhe","Headbutt","Battle Trance"],"relics":["Burning Blood","Ginger","Singing Bowl","Bag of Marbles","Smiling Mask","Eternal Feather","Potion Belt","Enchiridion"],"potions_floor_usage":[8,16,16,25],"damage_taken":[{"damage":9,"enemies":"Jaw Worm","floor":1,"turns":3},{"damage":8,"enemies":"2 Louse","floor":3,"turns":2},{"damage":10,"enemies":"Small Slimes","floor":4,"turns":3},{"damage":8,"enemies":"2 Fungi Beasts","floor":5,"turns":2},{"damage":36,"enemies":"3 Sentries","floor":6,"turns":7},{"damage":19,"enemies":"Gremlin Nob","floor":8,"turns":4},{"damage":0,"enemies":"Blue Slaver","floor":11,"turns":1},{"damage":0,"enemies":"Exordium Thugs","floor":12,"turns":3},{"damage":62,"enemies":"The Guardian","floor":16,"turns":8},{"damage":33,"enemies":"2 Thieves","floor":18,"turns":3},{"damage":42,"enemies":"Shell Parasite","floor":21,"turns":5},{"damage":60,"enemies":"Snecko","floor":25,"turns":5}],"seed_played":"-2221604065669082842","potions_obtained":[{"floor":5,"key":"FairyPotion"},{"floor":6,"key":"Weak Potion"},{"floor":11,"key":"EssenceOfSteel"},{"floor":12,"key":"Fire Potion"},{"floor":21,"key":"EssenceOfSteel"}],"is_trial":false,"path_per_floor":["M","?","M","M","M","E","R","E","T","$","M","M","?","$","R","B",null,"M","?","?","M","?","R","?","M"],"character_chosen":"IRONCLAD","items_purchased":["Violence"],"campfire_rested":2,"item_purchase_floors":[14],"current_hp_per_floor":[77,77,75,71,69,39,39,26,26,26,32,38,38,38,62,16,82,55,55,55,29,13,42,42,0],"gold":216,"neow_bonus":"ONE_RARE_RELIC","is_prod":false,"is_daily":false,"chose_seed":false,"campfire_upgraded":1,"win_rate":0,"timestamp":1548745438,"path_taken":["M","?","M","M","M","E","R","E","T","$","M","M","?","?","R","BOSS","M","?","?","M","?","R","?","?"],"build_version":"2019-01-23","purchased_purges":2,"victory":false,"max_hp_per_floor":[80,80,80,80,80,80,80,80,80,80,80,80,80,80,80,82,82,82,57,57,57,57,57,57,57],"card_choices":[{"not_picked":["Body Slam","True Grit"],"picked":"Clash","floor":1},{"not_picked":["Armaments","Wild Strike"],"picked":"Shockwave","floor":3},{"not_picked":["Havoc","Shrug It Off"],"picked":"Anger","floor":4},{"not_picked":["Twin Strike","Body Slam"],"picked":"Iron Wave","floor":5},{"not_picked":["Seeing Red","Heavy Blade"],"picked":"Clash","floor":6},{"not_picked":["Seeing Red","Shockwave"],"picked":"Fire Breathing","floor":8},{"not_picked":["Heavy Blade","Thunderclap"],"picked":"Perfected Strike","floor":11},{"not_picked":["Carnage","Armaments"],"picked":"Clash","floor":12},{"not_picked":["Dark Embrace","Fiend Fire","Berserk"],"picked":"Singing Bowl","floor":16},{"not_picked":["Iron Wave","Wild Strike"],"picked":"Clash","floor":18},{"not_picked":["Burning Pact","Sentinel"],"picked":"Headbutt","floor":21}],"player_experience":364097,"relics_obtained":[{"floor":6,"key":"Singing Bowl"},{"floor":8,"key":"Bag of Marbles"},{"floor":9,"key":"Smiling Mask"},{"floor":22,"key":"Enchiridion"}],"event_choices":[{"damage_healed":0,"gold_gain":0,"player_choice":"Leave","damage_taken":0,"max_hp_gain":0,"max_hp_loss":0,"event_name":"The Cleric","floor":2,"gold_loss":0},{"damage_healed":0,"gold_gain":175,"player_choice":"AGREE","damage_taken":0,"max_hp_gain":0,"max_hp_loss":0,"event_name":"Liars Game","floor":13,"gold_loss":0,"cards_obtained":["Doubt"]},{"damage_healed":0,"gold_gain":0,"player_choice":"Became a vampire","damage_taken":0,"max_hp_gain":0,"max_hp_loss":25,"event_name":"Vampires","floor":19,"gold_loss":0,"cards_obtained":["Bite","Bite","Bite","Bite","Bite"]},{"damage_healed":0,"gold_gain":0,"player_choice":"Opened","damage_taken":0,"relics_obtained":["Potion Belt"],"max_hp_gain":0,"max_hp_loss":0,"event_name":"The Mausoleum","floor":20,"gold_loss":0,"cards_obtained":["Writhe"]},{"damage_healed":0,"gold_gain":0,"player_choice":"Obtained Book","damage_taken":16,"max_hp_gain":0,"max_hp_loss":0,"event_name":"Cursed Tome","floor":22,"gold_loss":0},{"damage_healed":0,"gold_gain":0,"player_choice":"Read","damage_taken":0,"max_hp_gain":0,"max_hp_loss":0,"event_name":"The Library","floor":24,"gold_loss":0,"cards_obtained":["Battle Trance"]}],"is_beta":false,"boss_relics":[{"not_picked":["Mark of Pain","Runic Dome"],"picked":"Eternal Feather"}],"items_purged_floors":[10,14],"is_endless":false,"potions_floor_spawned":[5,6,11,12,21],"killed_by":"Snecko","ascension_level":2}