{"gold_per_floor":[109,124,299,237,247,274,288,288,311,344,419,694,714,714,714,840,840,861,874,949,10,10,10,43,43,69,104,104,104,4,25,25,156,156,176,226,241,241,266,266,266],"floor_reached":41,"playtime":6708,"items_purged":["Regret"],"score":561,"play_id":"f68ef86b-c4d8-40e5-ad75-c6c8a1c0e4ef","local_time":"20190317190342","is_ascension_mode":true,"campfire_choices":[{"floor":8,"key":"REST"},{"floor":15,"key":"REST"},{"floor":23,"key":"REST"},{"floor":25,"key":"REST"},{"floor":29,"key":"REST"},{"floor":32,"key":"REST"},{"floor":40,"key":"REST"}],"neow_cost":"NONE","seed_source_timestamp":30389290156109,"circlet_count":0,"master_deck":["Strike_B","Strike_B","Strike_B","Strike_B","Defend_B","Defend_B","Defend_B","Defend_B","Zap","Dualcast","Coolheaded","Gash","Doubt","Aggregate","White Noise","Conserve Battery","Reinforced Body","Hello World","Injury","Scrape","Multi-Cast","Streamline","Turbo+1","Buffer","Magnetism","Shame","Glacier","Buffer","Redo+1","Barrage+1","Heatsinks+1","Capacitor","All For One","Buffer","Capacitor+1","Streamline+1","Madness","Madness","Force Field+1","Rip and Tear+1"],"relics":["Cracked Core","Blood Vial","Oddly Smooth Stone","Juzu Bracelet","Dream Catcher","Lantern","Golden Idol","Fusion Hammer","Pocketwatch","Bottled Lightning","Kunai","Calipers","PreservedInsect","Dodecahedron","Sozu","Art of War"],"potions_floor_usage":[16,16,18,24,24,27,31,33,39],"damage_taken":[{"damage":1,"enemies":"2 Louse","floor":1,"turns":2},{"damage":0,"enemies":"Cultist","floor":2,"turns":4},{"damage":0,"enemies":"Small Slimes","floor":5,"turns":3},{"damage":44,"enemies":"Gremlin Nob","floor":6,"turns":5},{"damage":8,"enemies":"Blue Slaver","floor":7,"turns":4},{"damage":16,"enemies":"Lagavulin","floor":10,"turns":8},{"damage":9,"enemies":"Exordium Thugs","floor":13,"turns":6},{"damage":7,"enemies":"Hexaghost","floor":16,"turns":11},{"damage":20,"enemies":"Chosen","floor":18,"turns":9},{"damage":28,"enemies":"Spheric Guardian","floor":19,"turns":6},{"damage":25,"enemies":"Slavers","floor":24,"turns":9},{"damage":28,"enemies":"Book of Stabbing","floor":27,"turns":12},{"damage":16,"enemies":"Cultist and Chosen","floor":31,"turns":7},{"damage":29,"enemies":"Collector","floor":33,"turns":12},{"damage":2,"enemies":"Orb Walker","floor":35,"turns":5},{"damage":15,"enemies":"3 Shapes","floor":37,"turns":6},{"damage":18,"enemies":"Writhing Mass","floor":39,"turns":11},{"damage":94,"enemies":"Reptomancer","floor":41,"turns":3}],"seed_played":"8709782605774292557","potions_obtained":[{"floor":6,"key":"EssenceOfSteel"},{"floor":10,"key":"Energy Potion"},{"floor":13,"key":"FocusPotion"},{"floor":16,"key":"Swift Potion"},{"floor":18,"key":"SkillPotion"},{"floor":24,"key":"SkillPotion"},{"floor":31,"key":"SkillPotion"},{"floor":33,"key":"Regen Potion"}],"is_trial":false,"path_per_floor":["?","?","M","?","?","?","?","?","?","$","T","?"],"character_chosen":"DEFECT","items_purchased":["Buffer","Pocketwatch","Bottled Lightning","Magnetism","Swift Potion","SteroidPotion"],"campfire_rested":7,"item_purchase_floors":[21,21,21,21,30,30],"current_hp_per_floor":[74,75,75,75,75,31,25,47,47,33,22,22,15,15,37,32,75,55,29,22,22,22,44,21,43,43,17,10,32,32,18,40,13,75,73,73,60,51,50,72,0],"gold":266,"neow_bonus":"RANDOM_COMMON_RELIC","is_prod":false,"is_daily":false,"chose_seed":false,"campfire_upgraded":0,"win_rate":0,"timestamp":1552845822,"path_taken":["M","M","?","?","?","E","M","R","T","E","?","?","M","?","R","BOSS","M","M","?","$","?","R","E","R","T","E","?","R","?","M","R","BOSS","M","?","M","?","M","R","E"],"build_version":"2019-01-23","purchased_purges":1,"victory":false,"max_hp_per_floor":[75,75,75,75,75,75,75,75,75,75,75,75,75,75,75,75,75,75,75,75,75,75,75,75,75,75,75,75,75,75,75,75,75,75,75,75,75,75,75,75,75],"card_choices":[{"not_picked":["Redo","Rebound"],"picked":"Coolheaded","floor":1},{"not_picked":["Hologram","Redo"],"picked":"Gash","floor":2},{"not_picked":["Static Discharge","Turbo"],"picked":"Aggregate","floor":5},{"not_picked":["Double Energy","Meteor Strike"],"picked":"White Noise","floor":6},{"not_picked":["Coolheaded","Redo"],"picked":"Conserve Battery","floor":7},{"not_picked":["Gash","Sweeping Beam"],"picked":"Reinforced Body","floor":10},{"not_picked":["Coolheaded","Fusion"],"picked":"Hello World","floor":13},{"not_picked":["Redo","Steam"],"picked":"Scrape","floor":15},{"not_picked":["Fission","Biased Cognition"],"picked":"Multi-Cast","floor":16},{"not_picked":["Steam","Hologram+1"],"picked":"Streamline","floor":18},{"not_picked":["Redo","Capacitor"],"picked":"Turbo+1","floor":19},{"not_picked":["Steam Power","Hello World"],"picked":"Glacier","floor":23},{"not_picked":["Steam","Hologram"],"picked":"Buffer","floor":24},{"not_picked":["Melter","FTL"],"picked":"Redo+1","floor":25},{"not_picked":["Ball Lightning","Conserve Battery"],"picked":"Barrage+1","floor":27},{"not_picked":["Cold Snap","Hologram"],"picked":"Heatsinks+1","floor":29},{"not_picked":["Redo","Genetic Algorithm"],"picked":"Capacitor","floor":31},{"not_picked":["Cold Snap","Redo+1"],"picked":"All For One","floor":32},{"not_picked":["Meteor Strike","Fission"],"picked":"Buffer","floor":33},{"not_picked":["Redo","Gash"],"picked":"Capacitor+1","floor":35},{"not_picked":["Compile Driver","Leap"],"picked":"Streamline+1","floor":37},{"not_picked":["Gash+1","Reboot"],"picked":"Force Field+1","floor":39},{"not_picked":["Redo","Coolheaded"],"picked":"Rip and Tear+1","floor":40}],"player_experience":105906,"relics_obtained":[{"floor":6,"key":"Juzu Bracelet"},{"floor":9,"key":"Dream Catcher"},{"floor":10,"key":"Lantern"},{"floor":24,"key":"Calipers"},{"floor":26,"key":"PreservedInsect"},{"floor":27,"key":"Dodecahedron"},{"floor":36,"key":"Art of War"}],"event_choices":[{"damage_healed":0,"gold_gain":175,"player_choice":"AGREE","damage_taken":0,"max_hp_gain":0,"max_hp_loss":0,"event_name":"Liars Game","floor":3,"gold_loss":0,"cards_obtained":["Doubt"]},{"damage_healed":0,"gold_gain":0,"player_choice":"Paid Gold","damage_taken":0,"relics_obtained":["Oddly Smooth Stone"],"max_hp_gain":0,"max_hp_loss":0,"event_name":"WeMeetAgain","floor":4,"gold_loss":62},{"damage_healed":0,"gold_gain":75,"player_choice":"Gather Gold","damage_taken":11,"max_hp_gain":0,"max_hp_loss":0,"event_name":"World of Goop","floor":11,"gold_loss":0},{"damage_healed":0,"gold_gain":275,"player_choice":"Desecrate","damage_taken":0,"max_hp_gain":0,"max_hp_loss":0,"event_name":"Golden Shrine","floor":12,"gold_loss":0,"cards_obtained":["Regret"]},{"damage_healed":0,"gold_gain":0,"player_choice":"Take Wound","damage_taken":0,"relics_obtained":["Golden Idol"],"max_hp_gain":0,"max_hp_loss":0,"event_name":"Golden Idol","floor":14,"gold_loss":0,"cards_obtained":["Injury"]},{"damage_healed":0,"gold_gain":75,"player_choice":"Touch","damage_taken":7,"max_hp_gain":0,"max_hp_loss":0,"event_name":"FaceTrader","floor":20,"gold_loss":0},{"damage_healed":0,"gold_gain":0,"player_choice":"Stole Relic","damage_taken":0,"relics_obtained":["Kunai"],"max_hp_gain":0,"max_hp_loss":0,"event_name":"Addict","floor":22,"gold_loss":0,"cards_obtained":["Shame"]},{"damage_healed":0,"gold_gain":0,"player_choice":"Damaged","damage_taken":7,"max_hp_gain":0,"max_hp_loss":0,"event_name":"Wheel of Change","floor":28,"gold_loss":0},{"damage_healed":0,"gold_gain":0,"player_choice":"Embrace Madness","damage_taken":9,"max_hp_gain":0,"max_hp_loss":0,"event_name":"Winding Halls","floor":38,"gold_loss":0,"cards_obtained":["Madness","Madness"]}],"is_beta":false,"boss_relics":[{"not_picked":["Lizard Tail","Calling Bell"],"picked":"Fusion Hammer"},{"not_picked":["Philosopher\u0027s Stone","Coffee Dripper"],"picked":"Sozu"}],"items_purged_floors":[21],"is_endless":false,"potions_floor_spawned":[6,10,13,16,18,24,31,33,35],"killed_by":"Reptomancer","ascension_level":1}