{"gold_per_floor":[368,21,40,57,67,78,178,178,178,178,193,207,221,236,236,338,338,349,349,349,364,374,374,389,488,488,504,188,188,188,88,88,192,192,208,60,74,92,107,142,160,172,172,172,172,185,60,60,60,60],"floor_reached":51,"playtime":2269,"items_purged":["Demon Form","Bash","Evolve"],"score":727,"play_id":"ec00da90-eebf-4437-8b1d-582ce3946808","local_time":"20190326211220","is_ascension_mode":false,"campfire_choices":[{"data":"Inflame","floor":8,"key":"SMITH"},{"data":"Heavy Blade","floor":10,"key":"SMITH"},{"data":"Spot Weakness","floor":15,"key":"SMITH"},{"data":"Limit Break","floor":23,"key":"SMITH"},{"floor":29,"key":"REST"},{"floor":32,"key":"REST"},{"data":"Shrug It Off","floor":44,"key":"SMITH"},{"data":"Double Tap","floor":49,"key":"SMITH"}],"neow_cost":"PERCENT_DAMAGE","seed_source_timestamp":25737219196351,"circlet_count":0,"master_deck":["Inflame+1","Rampage","Heavy Blade+1","Twin Strike+1","Dual Wield","Ghostly Armor","Spot Weakness+1","Flex","Double Tap+1","Rampage","Thunderclap+1","Twin Strike","Shrug It Off+1","Shrug It Off","Shockwave","Impervious","Limit Break+1","Flex","Rage+1","Armaments+1","J.A.X.","Reaper","Battle Trance+1","Spot Weakness+1","Power Through+1","Parasite","Shrug It Off+1","Writhe","Doubt"],"relics":["Burning Blood","Thread and Needle","Dream Catcher","Pandora\u0027s Box","Blue Candle","Meat on the Bone","Mark of Pain","Lantern","Whetstone","Torii"],"potions_floor_usage":[11,13,16,39,46,50,50],"damage_taken":[{"damage":5,"enemies":"2 Louse","floor":1,"turns":3},{"damage":0,"enemies":"Cultist","floor":3,"turns":4},{"damage":2,"enemies":"Jaw Worm","floor":4,"turns":4},{"damage":3,"enemies":"Looter","floor":5,"turns":4},{"damage":12,"enemies":"Lots of Slimes","floor":6,"turns":4},{"damage":31,"enemies":"Exordium Thugs","floor":11,"turns":5},{"damage":0,"enemies":"Large Slime","floor":12,"turns":4},{"damage":6,"enemies":"Exordium Wildlife","floor":13,"turns":3},{"damage":0,"enemies":"2 Fungi Beasts","floor":14,"turns":2},{"damage":39,"enemies":"Slime Boss","floor":16,"turns":6},{"damage":12,"enemies":"Chosen","floor":18,"turns":5},{"damage":3,"enemies":"Spheric Guardian","floor":21,"turns":4},{"damage":21,"enemies":"Cultist and Chosen","floor":22,"turns":7},{"damage":31,"enemies":"Shelled Parasite and Fungi","floor":24,"turns":5},{"damage":5,"enemies":"Snake Plant","floor":27,"turns":5},{"damage":40,"enemies":"Champ","floor":33,"turns":9},{"damage":3,"enemies":"3 Shapes","floor":35,"turns":7},{"damage":3,"enemies":"Orb Walker","floor":37,"turns":3},{"damage":24,"enemies":"Spire Growth","floor":38,"turns":4},{"damage":14,"enemies":"Jaw Worm Horde","floor":39,"turns":4},{"damage":6,"enemies":"Giant Head","floor":40,"turns":6},{"damage":39,"enemies":"Writhing Mass","floor":41,"turns":7},{"damage":3,"enemies":"Maw","floor":42,"turns":5},{"damage":22,"enemies":"4 Shapes","floor":46,"turns":2},{"damage":82,"enemies":"Awakened One","floor":50,"turns":11}],"seed_played":"-7614692516549971637","potions_obtained":[{"floor":1,"key":"Block Potion"},{"floor":4,"key":"BloodPotion"},{"floor":12,"key":"SkillPotion"},{"floor":22,"key":"SpeedPotion"},{"floor":33,"key":"Swift Potion"},{"floor":35,"key":"Explosive Potion"},{"floor":40,"key":"Explosive Potion"},{"floor":41,"key":"Strength Potion"}],"is_trial":false,"path_per_floor":["M","$","M","M","M","M","?","R","T","R","M","M","M","M","R","B",null,"M","?","?","M","M","R","M","?","T","M","$","R","?","$","R","B",null,"M","$","M","M","M","E","M","M","T","R","?","M","$","?","R","B",null],"character_chosen":"IRONCLAD","items_purchased":["Thread and Needle","Rampage","Meat on the Bone","Lantern"],"campfire_rested":2,"item_purchase_floors":[2,2,28,36],"current_hp_per_floor":[57,57,63,67,70,64,64,64,64,64,47,53,53,59,59,26,80,74,59,59,62,47,47,22,22,22,23,23,48,48,48,73,51,85,85,85,85,67,59,59,38,53,53,53,74,58,58,85,85,65],"gold":60,"neow_bonus":"TWO_FIFTY_GOLD","is_prod":false,"is_daily":false,"chose_seed":false,"campfire_upgraded":6,"win_rate":0,"timestamp":1553656340,"path_taken":["M","$","M","M","M","M","?","R","T","R","?","M","M","?","R","BOSS","M","?","?","?","M","R","M","?","T","M","?","R","?","$","R","BOSS","M","$","M","M","M","E","M","M","T","R","?","M","$","?","R","BOSS"],"build_version":"2019-01-23","purchased_purges":3,"victory":true,"max_hp_per_floor":[80,80,80,80,80,80,80,80,80,80,80,80,80,80,80,80,80,80,85,85,85,85,85,85,85,85,85,85,85,85,85,85,85,85,85,85,85,85,85,85,85,85,85,85,85,85,85,85,85,85],"card_choices":[{"not_picked":["Battle Trance","Heavy Blade"],"picked":"Inflame","floor":1},{"not_picked":["Uppercut","Havoc","Clash"],"picked":"SKIP","floor":3},{"not_picked":["True Grit","Clothesline"],"picked":"Heavy Blade","floor":4},{"not_picked":["Battle Trance","Heavy Blade"],"picked":"Twin Strike","floor":5},{"not_picked":["Havoc","Anger"],"picked":"Dual Wield","floor":6},{"not_picked":["Cleave","Pommel Strike"],"picked":"Ghostly Armor","floor":11},{"not_picked":["Shrug It Off","Second Wind"],"picked":"Spot Weakness","floor":12},{"not_picked":["Cleave","Impervious"],"picked":"Flex","floor":13},{"not_picked":["Pommel Strike","Iron Wave","Whirlwind"],"picked":"SKIP","floor":14},{"not_picked":["Brutality","Barricade"],"picked":"Double Tap","floor":16},{"not_picked":["Intimidate","Second Wind","Whirlwind"],"picked":"SKIP","floor":18},{"not_picked":["Rampage+1","Anger"],"picked":"Flex","floor":21},{"not_picked":["Clash","Pommel Strike","Wild Strike"],"picked":"SKIP","floor":22},{"not_picked":["Heavy Blade","Sword Boomerang"],"picked":"Rage+1","floor":24},{"not_picked":["Reckless Charge","Wild Strike","Headbutt+1"],"picked":"SKIP","floor":27},{"not_picked":["Wild Strike","Iron Wave"],"picked":"Armaments+1","floor":29},{"not_picked":["Juggernaut","Fiend Fire"],"picked":"Reaper","floor":33},{"not_picked":["Perfected Strike","True Grit","Sentinel+1"],"picked":"SKIP","floor":35},{"not_picked":["Intimidate","Anger"],"picked":"Battle Trance+1","floor":37},{"not_picked":["Blood for Blood","Flex+1"],"picked":"Spot Weakness+1","floor":38},{"not_picked":["Bloodletting","Entrench+1"],"picked":"Power Through+1","floor":39},{"not_picked":["Uppercut","Sentinel","Entrench+1"],"picked":"SKIP","floor":40},{"not_picked":["Perfected Strike+1","Sever Soul","Sentinel+1"],"picked":"SKIP","floor":41},{"not_picked":["Body Slam+1","Havoc+1"],"picked":"Shrug It Off+1","floor":42},{"not_picked":["Cleave","Clash","Thunderclap"],"picked":"SKIP","floor":46}],"player_experience":145097,"relics_obtained":[{"floor":9,"key":"Dream Catcher"},{"floor":26,"key":"Blue Candle"},{"floor":40,"key":"Whetstone"},{"floor":43,"key":"Torii"}],"event_choices":[{"damage_healed":0,"gold_gain":100,"player_choice":"Pray","damage_taken":0,"max_hp_gain":0,"max_hp_loss":0,"event_name":"Golden Shrine","floor":7,"gold_loss":0},{"damage_healed":0,"gold_gain":0,"player_choice":"Shed Blood","damage_taken":20,"max_hp_gain":5,"max_hp_loss":0,"event_name":"Forgotten Altar","floor":19,"gold_loss":0},{"damage_healed":0,"gold_gain":0,"player_choice":"1 cards matched","damage_taken":0,"max_hp_gain":0,"max_hp_loss":0,"event_name":"Match and Keep!","floor":20,"gold_loss":0,"cards_obtained":["Limit Break"]},{"damage_healed":0,"gold_gain":99,"player_choice":"Stole From Cult","damage_taken":0,"max_hp_gain":0,"max_hp_loss":0,"event_name":"Nest","floor":25,"gold_loss":0},{"damage_healed":0,"gold_gain":0,"player_choice":"Obtain J.A.X.","damage_taken":0,"max_hp_gain":0,"max_hp_loss":0,"event_name":"Drug Dealer","floor":30,"gold_loss":0,"cards_obtained":["J.A.X."]},{"damage_healed":21,"gold_gain":0,"player_choice":"Writhe","damage_taken":0,"max_hp_gain":0,"max_hp_loss":0,"event_name":"Winding Halls","floor":45,"gold_loss":0,"cards_obtained":["Writhe"]},{"damage_healed":27,"gold_gain":0,"player_choice":"Heal","damage_taken":0,"max_hp_gain":0,"max_hp_loss":0,"event_name":"MindBloom","floor":48,"gold_loss":0,"cards_obtained":["Doubt"]}],"is_beta":false,"boss_relics":[{"not_picked":["Snecko Eye","Empty Cage"],"picked":"Pandora\u0027s Box"},{"not_picked":["Eternal Feather","Orrery"],"picked":"Mark of Pain"}],"items_purged_floors":[28,31,47],"is_endless":false,"potions_floor_spawned":[1,4,12,22,33,35,37,40,41,46],"ascension_level":0}