{"gold_per_floor":[117,135,153,41,41,71,71,135,162,212,230,306,83,146,146,247,247,263,313,380,430,430],"floor_reached":22,"playtime":1281,"items_purged":["Shame"],"score":213,"play_id":"9f6dc669-5fa6-4f34-8bb5-2d9b547a0606","local_time":"20181024232255","is_ascension_mode":true,"campfire_choices":[{"data":"Crippling Poison","floor":7,"key":"SMITH"},{"floor":15,"key":"REST"}],"neow_cost":"CURSE","seed_source_timestamp":85839762910964,"circlet_count":0,"master_deck":["Defend_G","Defend_G","Defend_G","Defend_G","Defend_G","Strike_G","Strike_G","Strike_G","Strike_G","Strike_G","Survivor","Neutralize","Crippling Poison+1","Dagger Throw","Infinite Blades","Acrobatics","Crippling Poison+1","Deadly Poison","Outmaneuver","Well Laid Plans","Infinite Blades","Bullet Time","Expertise","Escape Plan"],"relics":["Ring of the Snake","Torii","SsserpentHead","Oddly Smooth Stone","Omamori","Odd Mushroom","Bag of Marbles","Tiny Chest","Black Star"],"potions_floor_usage":[11,12,16],"damage_taken":[{"damage":1,"enemies":"2 Louse","floor":1,"turns":4},{"damage":10,"enemies":"Cultist","floor":2,"turns":5},{"damage":0,"enemies":"Small Slimes","floor":3,"turns":3},{"damage":28,"enemies":"Lagavulin","floor":6,"turns":8},{"damage":9,"enemies":"2 Fungi Beasts","floor":8,"turns":4},{"damage":9,"enemies":"Blue Slaver","floor":11,"turns":4},{"damage":8,"enemies":"The Mushroom Lair","floor":12,"turns":4},{"damage":16,"enemies":"3 Sentries","floor":14,"turns":5},{"damage":6,"enemies":"Hexaghost","floor":16,"turns":10},{"damage":16,"enemies":"Chosen","floor":18,"turns":6},{"damage":35,"enemies":"Shell Parasite","floor":20,"turns":8},{"damage":7,"enemies":"Snake Plant","floor":22,"turns":4}],"seed_played":"8616907073637132864","potions_obtained":[{"floor":2,"key":"GhostInAJar"},{"floor":3,"key":"Energy Potion"},{"floor":8,"key":"LiquidBronze"},{"floor":20,"key":"Energy Potion"}],"is_trial":false,"path_per_floor":["M","M","M","$","?","E","R","M","T","?","M","?","$","E","R","B",null,"M","?","M","?"],"character_chosen":"THE_SILENT","items_purchased":["Infinite Blades","Well Laid Plans","Bag of Marbles"],"campfire_rested":1,"item_purchase_floors":[4,13,13],"current_hp_per_floor":[69,59,59,59,59,31,31,22,22,70,61,53,53,37,58,52,70,54,54,19,19,12],"gold":430,"neow_bonus":"ONE_RARE_RELIC","is_prod":false,"is_daily":false,"chose_seed":false,"campfire_upgraded":1,"win_rate":0,"timestamp":1540441375,"path_taken":["M","M","M","$","?","E","R","?","T","?","M","?","$","E","R","BOSS","M","?","?","?","M"],"build_version":"2018-10-18","purchased_purges":1,"victory":false,"max_hp_per_floor":[70,70,70,70,70,70,70,70,70,70,70,70,70,70,70,70,70,70,70,70,70,70],"card_choices":[{"not_picked":["Flying Knee","Prepared"],"picked":"Crippling Poison","floor":1},{"not_picked":["Quick Slash","Cloak And Dagger"],"picked":"Predator","floor":2},{"not_picked":["Caltrops","Calculated Gamble"],"picked":"Dagger Throw","floor":3},{"not_picked":["Underhanded Strike","Slice"],"picked":"Acrobatics","floor":6},{"not_picked":["Outmaneuver","Sucker Punch"],"picked":"Crippling Poison","floor":8},{"not_picked":["Poisoned Stab","PiercingWail"],"picked":"Deadly Poison","floor":11},{"not_picked":["Acrobatics","PiercingWail"],"picked":"Outmaneuver","floor":12},{"not_picked":["Bane","Blur"],"picked":"Infinite Blades","floor":14},{"not_picked":["Malaise","Envenom"],"picked":"Bullet Time","floor":16},{"not_picked":["Poisoned Stab","Quick Slash"],"picked":"Expertise","floor":18},{"not_picked":["Footwork","Blur"],"picked":"Escape Plan","floor":20}],"player_experience":188876,"relics_obtained":[{"floor":6,"key":"Oddly Smooth Stone"},{"floor":9,"key":"Omamori"},{"floor":12,"key":"Odd Mushroom"},{"floor":14,"key":"Tiny Chest"}],"event_choices":[{"damage_healed":0,"gold_gain":0,"player_choice":"Trade","damage_taken":0,"relics_obtained":["SsserpentHead"],"max_hp_gain":0,"max_hp_loss":0,"event_name":"FaceTrader","floor":5,"gold_loss":0},{"cards_removed":["Predator"],"damage_healed":48,"gold_gain":0,"player_choice":"Offered Uncommon","damage_taken":0,"max_hp_gain":0,"max_hp_loss":0,"event_name":"Bonfire Elementals","floor":10,"gold_loss":0},{"damage_healed":0,"gold_gain":0,"player_choice":"Fought Mushrooms","damage_taken":0,"max_hp_gain":0,"max_hp_loss":0,"event_name":"Mushrooms","floor":12,"gold_loss":0},{"damage_healed":0,"gold_gain":0,"player_choice":"Ignored","damage_taken":0,"max_hp_gain":0,"max_hp_loss":0,"event_name":"Beggar","floor":19,"gold_loss":0},{"damage_healed":0,"gold_gain":0,"player_choice":"Upgraded","damage_taken":0,"max_hp_gain":0,"max_hp_loss":0,"event_name":"Upgrade Shrine","floor":21,"gold_loss":0,"cards_upgraded":["Crippling Poison"]}],"is_beta":false,"boss_relics":[{"not_picked":["Astrolabe","Empty Cage"],"picked":"Black Star"}],"items_purged_floors":[4],"is_endless":false,"potions_floor_spawned":[2,3,8,20],"killed_by":"Snake Plant","ascension_level":2}