{"gold_per_floor":[117,137,137,154,229,229,229,246,246,246,246,27,44,57,57,159,159,174,174,189,202,202,202,237,33,79,79,79,79],"floor_reached":29,"playtime":833,"items_purged":["Strike_R"],"score":233,"play_id":"a8eb6214-608d-4f77-9962-49480098d91b","local_time":"20181124233350","is_ascension_mode":false,"campfire_choices":[{"data":"Uppercut","floor":7,"key":"SMITH"},{"floor":11,"key":"REST"},{"data":"Battle Trance","floor":15,"key":"SMITH"},{"data":"Rage","floor":23,"key":"SMITH"}],"neow_cost":"CURSE","seed_source_timestamp":688633498156463,"circlet_count":0,"master_deck":["Strike_R","Strike_R","Strike_R+1","Strike_R+1","Defend_R","Defend_R","Defend_R","Defend_R","Bash","Shrug It Off","Dropkick","Uppercut+1","Uppercut","Battle Trance+1","Thunderclap","Bludgeon","Second Wind","Rage+1","Battle Trance","Heavy Blade","Rampage+1"],"relics":["Burning Blood","Ice Cream","Mercury Hourglass","Whetstone","Dodecahedron","Bronze Scales","Runic Cube","Red Skull","Shuriken","Membership Card","Juzu Bracelet"],"potions_floor_usage":[16],"damage_taken":[{"damage":3,"enemies":"2 Louse","floor":1,"turns":4},{"damage":5,"enemies":"Jaw Worm","floor":2,"turns":4},{"damage":9,"enemies":"Cultist","floor":4,"turns":4},{"damage":24,"enemies":"Gremlin Gang","floor":8,"turns":4},{"damage":9,"enemies":"Blue Slaver","floor":13,"turns":2},{"damage":8,"enemies":"Lots of Slimes","floor":14,"turns":3},{"damage":25,"enemies":"Hexaghost","floor":16,"turns":9},{"damage":10,"enemies":"Chosen","floor":18,"turns":3},{"damage":15,"enemies":"3 Byrds","floor":20,"turns":3},{"damage":9,"enemies":"Snecko","floor":21,"turns":4},{"damage":47,"enemies":"Gremlin Leader","floor":24,"turns":4},{"damage":9,"enemies":"Slavers","floor":29,"turns":1}],"seed_played":"-7080478242310466885","potions_obtained":[{"floor":4,"key":"PowerPotion"},{"floor":8,"key":"BloodPotion"},{"floor":13,"key":"SpeedPotion"},{"floor":21,"key":"Fire Potion"},{"floor":24,"key":"Weak Potion"}],"is_trial":false,"path_per_floor":["M","M","?","M","?","T","R","M","T","?","R","$","M","M","R","B",null,"M","?","M","M","?","R","E","$","T","?","?","E"],"character_chosen":"IRONCLAD","items_purchased":["Bronze Scales","Membership Card"],"campfire_rested":1,"item_purchase_floors":[12,25],"current_hp_per_floor":[80,80,80,77,66,66,66,48,48,36,60,60,57,55,55,44,80,76,76,67,64,64,64,23,23,23,23,8,0],"gold":79,"neow_bonus":"ONE_RARE_RELIC","is_prod":false,"is_daily":false,"chose_seed":false,"campfire_upgraded":3,"win_rate":0.0,"timestamp":1543124030,"path_taken":["M","M","?","M","?","?","R","M","T","?","R","$","M","M","R","BOSS","M","?","M","M","?","R","E","$","T","?","?","E"],"build_version":"2018-11-15","purchased_purges":1,"victory":false,"max_hp_per_floor":[80,80,80,80,80,80,80,80,80,80,80,80,80,80,80,80,80,80,80,80,80,80,80,80,80,80,80,85,85],"card_choices":[{"not_picked":["Havoc","Wild Strike"],"picked":"Shrug It Off","floor":1},{"not_picked":["Clothesline","Warcry"],"picked":"Dropkick","floor":2},{"not_picked":["Ghostly Armor","Clothesline"],"picked":"Uppercut","floor":4},{"not_picked":["Thunderclap","Pommel Strike"],"picked":"Uppercut","floor":8},{"not_picked":["Carnage","Sword Boomerang"],"picked":"Battle Trance","floor":13},{"not_picked":["Twin Strike","True Grit"],"picked":"Thunderclap","floor":14},{"not_picked":["Brutality","Dark Embrace"],"picked":"Bludgeon","floor":16},{"not_picked":["Uppercut","Iron Wave"],"picked":"Second Wind","floor":18},{"not_picked":["Body Slam+1","Warcry"],"picked":"Battle Trance","floor":20},{"not_picked":["Battle Trance+1","Clash"],"picked":"Heavy Blade","floor":21},{"not_picked":["Carnage","Burning Pact"],"picked":"Rampage+1","floor":24}],"player_experience":37656,"relics_obtained":[{"floor":6,"key":"Mercury Hourglass"},{"floor":9,"key":"Whetstone"},{"floor":24,"key":"Shuriken"},{"floor":26,"key":"Juzu Bracelet"}],"event_choices":[{"damage_healed":0,"gold_gain":0,"player_choice":"Ignored","damage_taken":0,"max_hp_gain":0,"max_hp_loss":0,"event_name":"Liars Game","floor":3,"gold_loss":0},{"damage_healed":0,"gold_gain":75,"player_choice":"Gather Gold","damage_taken":11,"max_hp_gain":0,"max_hp_loss":0,"event_name":"World of Goop","floor":5,"gold_loss":0},{"damage_healed":0,"gold_gain":0,"player_choice":"Success","damage_taken":12,"relics_obtained":["Dodecahedron"],"max_hp_gain":0,"max_hp_loss":0,"event_name":"Scrap Ooze","floor":10,"gold_loss":0},{"damage_healed":0,"gold_gain":0,"player_choice":"Read","damage_taken":0,"max_hp_gain":0,"max_hp_loss":0,"event_name":"The Library","floor":19,"gold_loss":0,"cards_obtained":["Rage"]},{"damage_healed":0,"gold_gain":0,"player_choice":"Gave Potion","damage_taken":0,"relics_obtained":["Red Skull"],"max_hp_gain":0,"max_hp_loss":0,"event_name":"WeMeetAgain","floor":22,"gold_loss":0},{"cards_removed":["Writhe"],"damage_healed":0,"gold_gain":0,"player_choice":"Purged","damage_taken":0,"max_hp_gain":0,"max_hp_loss":0,"event_name":"Purifier","floor":27,"gold_loss":0},{"damage_healed":0,"gold_gain":0,"player_choice":"Shed Blood","damage_taken":20,"max_hp_gain":5,"max_hp_loss":0,"event_name":"Forgotten Altar","floor":28,"gold_loss":0}],"is_beta":false,"boss_relics":[{"not_picked":["Empty Cage","Snecko Eye"],"picked":"Runic Cube"}],"items_purged_floors":[12],"is_endless":false,"potions_floor_spawned":[4,8,13,21,24],"killed_by":"Slavers","ascension_level":0}