{"gold_per_floor":[113,130,145,155,171,171,189,219,288,300,300,316,329,349,349,449,449,467,109,129,144,155,155],"floor_reached":23,"playtime":1368,"items_purged":[],"score":203,"play_id":"fd6d60d0-2ca0-4920-81e1-8d84665ccbba","local_time":"20181124181953","is_ascension_mode":false,"campfire_choices":[{"data":"Metallicize","floor":6,"key":"SMITH"},{"floor":11,"key":"REST"},{"data":"Iron Wave","floor":15,"key":"SMITH"}],"neow_cost":"NONE","seed_source_timestamp":669261054495732,"circlet_count":0,"master_deck":["Strike_R","Strike_R","Strike_R","Strike_R+1","Defend_R","Defend_R","Defend_R","Pommel Strike+1","Metallicize+1","Battle Trance","Cleave","Inflame","Pommel Strike","Iron Wave+1","Cleave","Rampage","Offering","Demon Form","Impervious+1","Blood for Blood+1","Sever Soul+1","Rampage+1","Limit Break","Combust","Thunderclap+1","Armaments","Flex+1"],"relics":["Burning Blood","NeowsBlessing","Whetstone","Meat on the Bone","Astrolabe","Dream Catcher"],"potions_floor_usage":[16,21,21,23],"damage_taken":[{"damage":0,"enemies":"Cultist","floor":1,"turns":1},{"damage":0,"enemies":"Jaw Worm","floor":2,"turns":1},{"damage":0,"enemies":"2 Louse","floor":3,"turns":1},{"damage":29,"enemies":"Exordium Wildlife","floor":4,"turns":9},{"damage":7,"enemies":"2 Fungi Beasts","floor":5,"turns":4},{"damage":7,"enemies":"Looter","floor":7,"turns":3},{"damage":34,"enemies":"Lagavulin","floor":8,"turns":8},{"damage":11,"enemies":"Lots of Slimes","floor":10,"turns":3},{"damage":10,"enemies":"2 Fungi Beasts","floor":12,"turns":4},{"damage":0,"enemies":"Large Slime","floor":13,"turns":6},{"damage":13,"enemies":"Red Slaver","floor":14,"turns":5},{"damage":51,"enemies":"Hexaghost","floor":16,"turns":12},{"damage":25,"enemies":"2 Thieves","floor":18,"turns":4},{"damage":33,"enemies":"Chosen","floor":20,"turns":5},{"damage":26,"enemies":"Snecko","floor":21,"turns":5},{"damage":20,"enemies":"Cultist and Chosen","floor":22,"turns":7},{"damage":40,"enemies":"Book of Stabbing","floor":23,"turns":6}],"seed_played":"-3601395089780362237","potions_obtained":[{"floor":2,"key":"SkillPotion"},{"floor":7,"key":"SpeedPotion"},{"floor":8,"key":"SkillPotion"},{"floor":22,"key":"Block Potion"}],"is_trial":false,"path_per_floor":["M","M","M","M","M","R","M","E","T","M","R","M","M","M","R","B",null,"M","$","M","M","M","E"],"character_chosen":"IRONCLAD","items_purchased":["Limit Break","Dream Catcher","Combust"],"campfire_rested":1,"item_purchase_floors":[19,19,19],"current_hp_per_floor":[80,80,80,57,56,56,55,27,27,34,58,54,60,53,53,20,80,61,61,46,38,36,0],"gold":155,"neow_bonus":"THREE_ENEMY_KILL","is_prod":false,"is_daily":false,"chose_seed":false,"campfire_upgraded":2,"win_rate":0.0,"timestamp":1543105193,"path_taken":["M","?","?","M","M","R","M","E","T","M","R","M","M","M","R","BOSS","M","$","M","M","?","E"],"build_version":"2018-11-15","purchased_purges":0,"victory":false,"max_hp_per_floor":[80,80,80,80,80,80,80,80,80,80,80,80,80,80,80,80,80,80,80,80,80,80,80],"card_choices":[{"not_picked":["Shrug It Off","Evolve"],"picked":"Pommel Strike","floor":1},{"not_picked":["Rampage","Cleave"],"picked":"Metallicize","floor":2},{"not_picked":["Inflame","Pommel Strike"],"picked":"Battle Trance","floor":3},{"not_picked":["Headbutt","Twin Strike"],"picked":"Cleave","floor":4},{"not_picked":["Sword Boomerang","Intimidate"],"picked":"Inflame","floor":5},{"not_picked":["Immolate","Headbutt"],"picked":"Pommel Strike","floor":7},{"not_picked":["Clash","Heavy Blade"],"picked":"Iron Wave","floor":8},{"not_picked":["Carnage","Sword Boomerang"],"picked":"Cleave","floor":10},{"not_picked":["Warcry","Power Through","Pummel"],"picked":"SKIP","floor":12},{"not_picked":["Wild Strike","Sword Boomerang"],"picked":"Rampage","floor":13},{"not_picked":["Pommel Strike","Cleave"],"picked":"Offering","floor":14},{"not_picked":["Immolate","Impervious"],"picked":"Demon Form","floor":16},{"not_picked":["Pommel Strike","Shrug It Off"],"picked":"Rampage+1","floor":18},{"not_picked":["Headbutt","Clothesline"],"picked":"Thunderclap+1","floor":20},{"not_picked":["Flex+1","Seeing Red"],"picked":"Armaments","floor":21},{"not_picked":["Inflame","Evolve"],"picked":"Flex+1","floor":22}],"player_experience":26966,"relics_obtained":[{"floor":8,"key":"Whetstone"},{"floor":9,"key":"Meat on the Bone"}],"event_choices":[],"is_beta":false,"boss_relics":[{"not_picked":["Runic Dome","Coffee Dripper"],"picked":"Astrolabe"}],"items_purged_floors":[],"is_endless":false,"potions_floor_spawned":[2,7,8,13,14,22],"killed_by":"Book of Stabbing","ascension_level":0}