{"gold_per_floor":[366,380,140,157,172,172,188,218,218,244,244,273,273,67,67,169,169,181,201,216,232,32,32,58,58,58,76,88,102,102,112,112,210,210,229,229,282,295,45,45,56,56,56,69,69,69,69,69,69,69],"floor_reached":50,"playtime":5397,"items_purged":[],"score":582,"play_id":"c5a6f613-ceb4-4734-9466-a6718a53dd6a","local_time":"20190320200132","is_ascension_mode":true,"campfire_choices":[{"data":"Discovery","floor":6.0,"key":"SMITH"},{"data":"Seeing Red","floor":13.0,"key":"SMITH"},{"data":"Seeing Red","floor":15.0,"key":"SMITH"},{"floor":23.0,"key":"REST"},{"floor":25.0,"key":"REST"},{"floor":32.0,"key":"REST"},{"floor":40,"key":"REST"},{"data":"Metallicize","floor":42,"key":"SMITH"},{"data":"Apotheosis","floor":45,"key":"SMITH"},{"floor":47,"key":"REST"},{"data":"Berserk","floor":49,"key":"SMITH"}],"neow_cost":"CURSE","seed_source_timestamp":0,"circlet_count":0,"master_deck":["Strike_R","Strike_R","Strike_R","Strike_R","Strike_R","Defend_R","Defend_R","Defend_R","Defend_R","Bash","Parasite","Seeing Red+1","Carnage","Discovery+1","Shrug It Off","Flex","Heavy Blade","Juggernaut","Uppercut","Seeing Red+1","Reaper","Shrug It Off+1","Searing Blow+1","True Grit+1","Battle Trance","Berserk+1","Disarm","Rage","Flame Barrier","Metallicize+1","Immolate","Carnage","Jack Of All Trades","Apotheosis+1","Good Instincts","Spot Weakness+1","Metallicize","Parasite","Dual Wield+1","Madness","Madness"],"special_seed":0,"relics":["Burning Blood","Happy Flower","Pear","Meat on the Bone","Dodecahedron","Darkstone Periapt","ClockworkSouvenir","Runic Cube","Lantern","Blue Candle","Bottled Lightning","Enchiridion","Runic Pyramid","Peace Pipe","Letter Opener","Calipers"],"potions_floor_usage":[35,37],"damage_taken":[{"damage":3.0,"enemies":"2 Louse","floor":1.0,"turns":4.0},{"damage":5.0,"enemies":"Cultist","floor":2.0,"turns":5.0},{"damage":2.0,"enemies":"Small Slimes","floor":4.0,"turns":4.0},{"damage":2.0,"enemies":"2 Fungi Beasts","floor":5.0,"turns":3.0},{"damage":7.0,"enemies":"Large Slime","floor":7.0,"turns":6.0},{"damage":14.0,"enemies":"3 Sentries","floor":8.0,"turns":8.0},{"damage":4.0,"enemies":"Gremlin Nob","floor":10.0,"turns":4.0},{"damage":14.0,"enemies":"Lagavulin","floor":12.0,"turns":5.0},{"damage":48.0,"enemies":"Hexaghost","floor":16.0,"turns":7.0},{"damage":34.0,"enemies":"3 Byrds","floor":18.0,"turns":5.0},{"damage":22.0,"enemies":"Chosen","floor":19.0,"turns":5.0},{"damage":42.0,"enemies":"Snake Plant","floor":20.0,"turns":4.0},{"damage":11.0,"enemies":"Centurion and Healer","floor":21.0,"turns":7.0},{"damage":26.0,"enemies":"Book of Stabbing","floor":24.0,"turns":5.0},{"damage":19.0,"enemies":"Snecko","floor":27.0,"turns":6.0},{"damage":45.0,"enemies":"3 Cultists","floor":28.0,"turns":6.0},{"damage":15.0,"enemies":"Shelled Parasite and Fungi","floor":29.0,"turns":10.0},{"damage":12.0,"enemies":"Snecko","floor":31.0,"turns":5.0},{"damage":55.0,"enemies":"Collector","floor":33.0,"turns":10.0},{"damage":6,"enemies":"Orb Walker","floor":35,"turns":5},{"damage":89,"enemies":"2 Orb Walkers","floor":37,"turns":6},{"damage":40,"enemies":"3 Darklings","floor":38,"turns":7},{"damage":7,"enemies":"Jaw Worm Horde","floor":41,"turns":3},{"damage":4,"enemies":"Writhing Mass","floor":44,"turns":6},{"damage":116,"enemies":"Awakened One","floor":50,"turns":11}],"seed_played":"-8402317758820462639","potions_obtained":[{"floor":1.0,"key":"FearPotion"},{"floor":2.0,"key":"Weak Potion"},{"floor":5.0,"key":"Block Potion"},{"floor":7.0,"key":"Fire Potion"},{"floor":11.0,"key":"EssenceOfSteel"},{"floor":11.0,"key":"Fruit Juice"},{"floor":11.0,"key":"PowerPotion"},{"floor":18.0,"key":"SpeedPotion"},{"floor":21.0,"key":"SpeedPotion"},{"floor":28.0,"key":"SpeedPotion"},{"floor":33.0,"key":"Block Potion"},{"floor":35,"key":"LiquidBronze"}],"is_trial":false,"path_per_floor":["?","M","M","?","?","?","?","?"],"character_chosen":"IRONCLAD","items_purchased":["Happy Flower","Discovery","ClockworkSouvenir","Lantern","Shrug It Off","Letter Opener"],"campfire_rested":5,"item_purchase_floors":[3,3,14,22,22,39],"current_hp_per_floor":[80,80,80,80,80,80,79,81,81,83,83,80,80,80,80,50,95,67,63,48,61,61,89,69,95,95,86,62,65,49,61,89,54,95,95,85,34,24,24,52,74,74,74,91,91,78,101,101,101,0],"gold":69,"neow_bonus":"TWO_FIFTY_GOLD","is_prod":false,"is_daily":false,"chose_seed":false,"campfire_upgraded":6,"win_rate":0,"timestamp":1553108492,"path_taken":["M","M","$","M","M","R","M","E","T","E","?","E","R","$","R","BOSS","M","M","?","M","$","R","E","R","T","?","M","M","?","M","R","BOSS","M","?","?","M","$","R","M","R","T","M","R","?","R","?","R","BOSS"],"build_version":"2019-01-23","purchased_purges":0,"victory":false,"max_hp_per_floor":[80,80,80,80,80,80,80,90,90,90,90,95,95,95,95,95,95,95,95,95,95,95,95,95,95,95,95,95,95,95,95,95,95,95,95,95,95,95,95,95,95,95,95,101,101,101,101,101,101,101],"card_choices":[{"not_picked":["Spot Weakness","Sword Boomerang"],"picked":"Seeing Red","floor":1.0},{"not_picked":["Anger","Fire Breathing"],"picked":"Carnage","floor":2.0},{"not_picked":["Whirlwind","Wild Strike"],"picked":"Shrug It Off","floor":4.0},{"not_picked":["Entrench","Fire Breathing"],"picked":"Flex","floor":5.0},{"not_picked":["Entrench","Headbutt"],"picked":"Heavy Blade","floor":7.0},{"not_picked":["Hemokinesis","Rupture"],"picked":"Juggernaut","floor":8.0},{"not_picked":["Heavy Blade","Feel No Pain"],"picked":"Uppercut","floor":10.0},{"not_picked":["Perfected Strike","Thunderclap"],"picked":"Seeing Red","floor":12.0},{"not_picked":["Bludgeon","Juggernaut"],"picked":"Reaper","floor":16.0},{"not_picked":["Headbutt","Blood for Blood"],"picked":"Shrug It Off+1","floor":18.0},{"not_picked":["Pommel Strike","True Grit"],"picked":"Searing Blow+1","floor":19.0},{"not_picked":["Fire Breathing","Perfected Strike"],"picked":"True Grit+1","floor":20.0},{"not_picked":["Intimidate+1","Iron Wave"],"picked":"Battle Trance","floor":21.0},{"not_picked":["Shrug It Off","Havoc+1"],"picked":"Berserk","floor":24.0},{"not_picked":["Cleave","Warcry"],"picked":"Disarm","floor":27.0},{"not_picked":["Bloodletting","Second Wind"],"picked":"Rage","floor":28.0},{"not_picked":["Bloodletting","Clothesline"],"picked":"Flame Barrier","floor":29.0},{"not_picked":["Pommel Strike","Perfected Strike"],"picked":"Metallicize","floor":31.0},{"not_picked":["Barricade","Demon Form"],"picked":"Immolate","floor":33.0},{"not_picked":["Second Wind+1","True Grit"],"picked":"Carnage","floor":35},{"not_picked":["Good Instincts","Swift Strike"],"picked":"Jack Of All Trades","floor":36},{"not_picked":["Discovery","Mayhem"],"picked":"Apotheosis","floor":36},{"not_picked":["PanicButton","Panacea"],"picked":"Good Instincts","floor":36},{"not_picked":["Iron Wave+1","Clothesline+1"],"picked":"Spot Weakness+1","floor":38},{"not_picked":["Entrench","Juggernaut"],"picked":"Metallicize","floor":41},{"not_picked":["Body Slam+1","Hemokinesis"],"picked":"Dual Wield+1","floor":44}],"player_experience":132164,"relics_obtained":[{"floor":8.0,"key":"Pear"},{"floor":9.0,"key":"Meat on the Bone"},{"floor":10.0,"key":"Dodecahedron"},{"floor":12.0,"key":"Darkstone Periapt"},{"floor":24.0,"key":"Blue Candle"},{"floor":26.0,"key":"Bottled Lightning"},{"floor":30.0,"key":"Enchiridion"},{"floor":37,"key":"Peace Pipe"},{"floor":43,"key":"Calipers"}],"event_choices":[{"damage_healed":0.0,"max_hp_gain":0.0,"max_hp_loss":0.0,"gold_gain":0.0,"event_name":"Lab","player_choice":"Got Potions","floor":11.0,"gold_loss":0.0,"damage_taken":0.0},{"damage_healed":0.0,"max_hp_gain":0.0,"max_hp_loss":0.0,"gold_gain":0.0,"event_name":"Cursed Tome","player_choice":"Obtained Book","floor":30.0,"gold_loss":0.0,"damage_taken":16.0},{"damage_healed":0,"gold_gain":0,"player_choice":"Memory 3","damage_taken":10,"max_hp_gain":0,"max_hp_loss":0,"event_name":"SensoryStone","floor":36,"gold_loss":0},{"damage_healed":0,"gold_gain":0,"player_choice":"Fight","damage_taken":0,"max_hp_gain":0,"max_hp_loss":0,"event_name":"Mysterious Sphere","floor":37,"gold_loss":0},{"damage_healed":0,"gold_gain":0,"player_choice":"Embrace Madness","damage_taken":13,"max_hp_gain":0,"max_hp_loss":0,"event_name":"Winding Halls","floor":46,"gold_loss":0,"cards_obtained":["Madness","Madness"]},{"cards_removed":["Shrug It Off"],"damage_healed":0,"gold_gain":0,"player_choice":"Removed Skill","damage_taken":0,"max_hp_gain":0,"max_hp_loss":0,"event_name":"Falling","floor":48,"gold_loss":0}],"is_beta":false,"boss_relics":[{"not_picked":["Black Star","Tiny House"],"picked":"Runic Cube"},{"not_picked":["Cursed Key","Empty Cage"],"picked":"Runic Pyramid"}],"items_purged_floors":[],"is_endless":false,"potions_floor_spawned":[1,2,5,7,18,21,28,33,35],"killed_by":"Awakened One","ascension_level":2}