{"gold_per_floor":[109,120,4,4,4,4,4,18,69,1,14,44,73,73,73,178,178,193,206,226,276,286,286,317,337,337,351,351,276,276,293,293,389,389,402,419,71,85,0,0,13,25,25,25,25,25,25,25,25,25],"floor_reached":50,"playtime":3286,"items_purged":["Strike_G"],"score":487,"play_id":"76a5332e-0183-4353-b89d-bcc3ff7602fd","local_time":"20180705040535","is_ascension_mode":false,"campfire_choices":[{"data":"Footwork","floor":6,"key":"SMITH"},{"floor":15,"key":"REST"},{"floor":23,"key":"REST"},{"data":"Strike_G","floor":28,"key":"PURGE"},{"floor":32,"key":"REST"},{"floor":40,"key":"REST"},{"data":"Strike_G","floor":44,"key":"PURGE"},{"data":"Storm of Steel","floor":46,"key":"SMITH"},{"floor":49,"key":"REST"}],"neow_cost":"","seed_source_timestamp":268539716211686,"circlet_count":0,"master_deck":["Defend_G","Defend_G+1","Defend_G+1","Defend_G","Defend_G","Strike_G+1","Survivor","Neutralize","Blade Dance","Flying Knee","Footwork+1","Reflex","Acrobatics","Accuracy","Flechettes","Storm of Steel+1","Venomology","Dodge and Roll+1","Leg Sweep","Accuracy","Blur","Choke+1","Backstab+1","Deflect+1","Prepared+1","Infinite Blades+1","Apotheosis","Quick Slash","Outmaneuver","Doubt","Secret Technique","Apotheosis","Secret Technique"],"relics":["Ring of the Snake","Thread and Needle","Strawberry","Tiny Chest","Peace Pipe","Regal Pillow","Runic Pyramid","Bronze Scales","War Paint","Cursed Key","Red Mask","Juzu Bracelet"],"potions_floor_usage":[13,13,18,19,22,24,25,33,33,33,38,41,42,50,50,50,50],"damage_taken":[{"damage":0,"enemies":"Cultist","floor":1,"turns":4},{"damage":0,"enemies":"Small Slimes","floor":2,"turns":4},{"damage":0,"enemies":"2 Louse","floor":8,"turns":4},{"damage":0,"enemies":"Blue Slaver","floor":11,"turns":4},{"damage":12,"enemies":"3 Sentries","floor":13,"turns":8},{"damage":41,"enemies":"Slime Boss","floor":16,"turns":11},{"damage":25,"enemies":"2 Thieves","floor":18,"turns":5},{"damage":15,"enemies":"Chosen","floor":19,"turns":6},{"damage":17,"enemies":"Snecko","floor":20,"turns":6},{"damage":1,"enemies":"Chosen and Byrds","floor":22,"turns":8},{"damage":29,"enemies":"Book of Stabbing","floor":24,"turns":9},{"damage":0,"enemies":"Centurion and Healer","floor":25,"turns":6},{"damage":7,"enemies":"Slaver and Parasite","floor":27,"turns":6},{"damage":7,"enemies":"Sentry and Sphere","floor":31,"turns":5},{"damage":20,"enemies":"Collector","floor":33,"turns":8},{"damage":0,"enemies":"Orb Walker","floor":35,"turns":3},{"damage":41,"enemies":"3 Shapes","floor":36,"turns":5},{"damage":24,"enemies":"Sphere and 2 Shapes","floor":38,"turns":4},{"damage":0,"enemies":"Maw","floor":41,"turns":8},{"damage":5,"enemies":"4 Shapes","floor":42,"turns":7},{"damage":84,"enemies":"Awakened One","floor":50,"turns":11}],"seed_played":"-5594176295185902168","potions_obtained":[{"floor":1,"key":"Strength Potion"},{"floor":2,"key":"Ancient Potion"},{"floor":20,"key":"PowerPotion"},{"floor":24,"key":"EssenceOfSteel"},{"floor":27,"key":"SpeedPotion"},{"floor":31,"key":"EssenceOfSteel"},{"floor":36,"key":"Regen Potion"},{"floor":42,"key":"Explosive Potion"}],"is_trial":false,"path_per_floor":["M","M","$","?","?","R","?","M","T","$","M","?","E","T","R","B",null,"M","M","M","?","M","R","E","M","T","M","R","?","?","M","R","B",null,"M","M","$","M","?","R","M","M","T","R","?","R","$","?","R"],"character_chosen":"THE_SILENT","items_purchased":["Footwork","Reflex","Accuracy","Apotheosis","Quick Slash","Caltrops"],"campfire_rested":5,"item_purchase_floors":[3,3,10,37,37,37],"current_hp_per_floor":[70,70,70,70,56,56,56,56,63,63,63,56,44,44,77,36,77,52,37,20,20,19,57,28,28,28,21,21,21,46,39,77,57,77,77,36,36,21,21,59,59,54,54,54,44,44,44,44,77,0],"gold":25,"neow_bonus":"","is_prod":false,"is_daily":false,"chose_seed":false,"campfire_upgraded":2,"win_rate":0,"timestamp":1530785135,"path_taken":["M","?","$","?","?","R","?","?","T","$","M","?","E","?","R","BOSS","M","M","?","?","?","R","E","M","T","?","R","?","?","M","R","BOSS","M","M","$","M","?","R","M","M","T","R","?","R","$","?","R","BOSS"],"build_version":"2018-06-28","purchased_purges":1,"victory":false,"max_hp_per_floor":[70,70,70,70,70,70,70,70,77,77,77,77,77,77,77,77,77,77,77,77,77,77,77,77,77,77,77,77,77,77,77,77,77,77,77,77,77,77,77,77,77,77,77,77,77,77,77,77,77,77],"card_choices":[{"not_picked":["Slice","Bouncing Flask"],"picked":"Blade Dance","floor":1},{"not_picked":["Dodge and Roll","Bouncing Flask"],"picked":"Flying Knee","floor":2},{"not_picked":["All Out Attack","Deadly Poison"],"picked":"Acrobatics","floor":8},{"not_picked":["Acrobatics","Predator"],"picked":"Flechettes","floor":11},{"not_picked":["Dagger Throw","Sucker Punch"],"picked":"Storm of Steel","floor":13},{"not_picked":["Corpse Explosion","Doppelganger"],"picked":"Venomology","floor":16},{"not_picked":["Dagger Spray","Crippling Poison"],"picked":"Dodge and Roll","floor":18},{"not_picked":["Poisoned Stab","Calculated Gamble"],"picked":"Leg Sweep","floor":19},{"not_picked":["Leg Sweep","Endless Agony"],"picked":"Accuracy","floor":20},{"not_picked":["Distraction","Eviscerate"],"picked":"Blur","floor":22},{"not_picked":["Night Terror","Calculated Gamble"],"picked":"Choke+1","floor":24},{"not_picked":["PiercingWail","Crippling Poison"],"picked":"Backstab+1","floor":25},{"not_picked":["Masterful Stab","Dodge and Roll"],"picked":"Deflect+1","floor":27},{"not_picked":["Distraction","Poisoned Stab","Endless Agony"],"picked":"SKIP","floor":31},{"not_picked":["Predator+1","Dash"],"picked":"Prepared+1","floor":35},{"not_picked":["Blur+1","Flying Knee+1"],"picked":"Infinite Blades+1","floor":36},{"not_picked":["Dagger Spray+1","Poisoned Stab+1","Quick Slash"],"picked":"SKIP","floor":38},{"not_picked":["All Out Attack","Backstab","Dagger Spray"],"picked":"SKIP","floor":41},{"not_picked":["Deflect","Flying Knee"],"picked":"Outmaneuver","floor":42},{"not_picked":["Deep Breath","Dramatic Entrance"],"picked":"Secret Technique","floor":45},{"not_picked":["Panacea","Finesse"],"picked":"Apotheosis","floor":45},{"not_picked":["Blind","Apotheosis"],"picked":"Secret Technique","floor":45}],"player_experience":65537,"relics_obtained":[{"floor":9,"key":"Strawberry"},{"floor":13,"key":"Peace Pipe"},{"floor":14,"key":"Regal Pillow"},{"floor":24,"key":"Bronze Scales"},{"floor":26,"key":"War Paint"},{"floor":43,"key":"Juzu Bracelet"}],"event_choices":[{"event_name":"The Cleric","player_choice":"Leave","floor":4,"damage_taken":0},{"event_name":"Shining Light","player_choice":"Entered Light","floor":5,"damage_taken":0},{"event_name":"Dead Adventurer","player_choice":"Searched \u00272\u0027 times","floor":7,"damage_taken":0},{"event_name":"Scrap Ooze","player_choice":"success","floor":12,"damage_taken":7},{"event_name":"The Joust","player_choice":"Bet on Murderer","floor":21,"damage_taken":0},{"event_name":"Beggar","player_choice":"Gave Gold","floor":29,"damage_taken":0},{"event_name":"The Library","player_choice":"Heal","floor":30,"damage_taken":0},{"event_name":"Tomb of Lord Red Mask","player_choice":"Paid","floor":39,"damage_taken":0},{"event_name":"SensoryStone","player_choice":"Memory 3","floor":45,"damage_taken":0},{"event_name":"Falling","player_choice":"Removed Power","floor":48,"damage_taken":0}],"boss_relics":[{"not_picked":["Ectoplasm","Eternal Feather"],"picked":"Runic Pyramid"},{"not_picked":["Sozu","Coffee Dripper"],"picked":"Cursed Key"}],"items_purged_floors":[37],"is_endless":false,"potions_floor_spawned":[1,2,20,24,27,31,36,42],"killed_by":"Awakened One","ascension_level":0}