{"gold_per_floor":[115,40,119,119,131,131,157,157,183,83,109,57,69,169,169,270,270,287,46,46,61,73,73,105,105,105,205,238,337,337,369,369,465,465,477,477,22,22,39,65,65,90,142,142,158,158,158,8,8,8],"floor_reached":51,"playtime":3440,"items_purged":["Calculated Gamble","Dagger Throw","Bane","Terror+1"],"score":967,"play_id":"4a4a3e3f-7bd1-4375-85db-6317dae887f4","local_time":"20180713012724","is_ascension_mode":true,"campfire_choices":[{"data":"Dodge and Roll","floor":6,"key":"SMITH"},{"data":"Noxious Fumes","floor":8,"key":"SMITH"},{"data":"Survivor","floor":15,"key":"SMITH"},{"data":"Well Laid Plans","floor":23,"key":"SMITH"},{"data":"Leg Sweep","floor":25,"key":"SMITH"},{"data":"Calculated Gamble","floor":30,"key":"SMITH"},{"floor":32,"key":"REST"},{"floor":41,"key":"REST"},{"data":"Noxious Fumes","floor":49,"key":"SMITH"}],"neow_cost":"NONE","seed_source_timestamp":949990839917345,"circlet_count":0,"master_deck":["Survivor+1","Neutralize+1","Quick Slash","Dodge and Roll+1","Calculated Gamble+1","Noxious Fumes+1","Deadly Poison","PiercingWail","Bouncing Flask","Escape Plan","Caltrops","Deflect","Corpse Explosion","Leg Sweep+1","Well Laid Plans+1","Tools of the Trade+1","Footwork+1","Blur","Apotheosis","Footwork+1"],"relics":["Pandora\u0027s Box","Singing Bowl","Lantern","Bag of Preparation","Orichalcum","Velvet Choker","Juzu Bracelet","Strawberry","Darkstone Periapt","Frozen Egg 2","Orrery","FaceOfCleric","Mummified Hand","Dead Branch","Question Card","Dream Catcher"],"potions_floor_usage":[22,24,39],"damage_taken":[{"damage":0,"enemies":"Cultist","floor":1,"turns":3},{"damage":0,"enemies":"Small Slimes","floor":5,"turns":3},{"damage":8,"enemies":"Gremlin Nob","floor":7,"turns":5},{"damage":0,"enemies":"Lagavulin","floor":11,"turns":6},{"damage":0,"enemies":"2 Louse","floor":13,"turns":2},{"damage":22,"enemies":"The Guardian","floor":16,"turns":7},{"damage":1,"enemies":"Spheric Guardian","floor":18,"turns":4},{"damage":0,"enemies":"Shell Parasite","floor":21,"turns":4},{"damage":0,"enemies":"Snake Plant","floor":22,"turns":5},{"damage":7,"enemies":"Slavers","floor":24,"turns":4},{"damage":12,"enemies":"Gremlin Leader","floor":28,"turns":6},{"damage":13,"enemies":"Slavers","floor":31,"turns":4},{"damage":1,"enemies":"Automaton","floor":33,"turns":9},{"damage":0,"enemies":"Orb Walker","floor":35,"turns":6},{"damage":7,"enemies":"3 Shapes","floor":39,"turns":5},{"damage":45,"enemies":"2 Orb Walkers","floor":40,"turns":5},{"damage":0,"enemies":"Nemesis","floor":42,"turns":9},{"damage":7,"enemies":"Maw","floor":45,"turns":6},{"damage":22,"enemies":"Awakened One","floor":50,"turns":17}],"seed_played":"991409469321989772","potions_obtained":[{"floor":1,"key":"SmokeBomb"},{"floor":18,"key":"AttackPotion"},{"floor":21,"key":"Swift Potion"},{"floor":28,"key":"GamblersBrew"},{"floor":33,"key":"SpeedPotion"},{"floor":35,"key":"AttackPotion"},{"floor":40,"key":"GhostInAJar"}],"is_trial":false,"path_per_floor":["M","$","T","?","M","R","E","R","T","$","E","$","M","?","R","B",null,"M","$","?","M","M","R","E","R","T","?","E","?","R","E","R","B",null,"M","?","$","?","M","E","R","E","T","?","M","?","?","$","R","B"],"character_chosen":"THE_SILENT","items_purchased":["Deflect","Leg Sweep","Well Laid Plans","Apotheosis","Mummified Hand"],"campfire_rested":2,"item_purchase_floors":[12,19,19,37,37],"current_hp_per_floor":[70,70,70,70,72,72,64,64,64,64,64,64,64,64,64,42,72,73,73,73,75,77,77,72,72,79,79,69,69,69,58,85,84,95,97,97,97,99,95,51,81,84,84,89,85,85,85,85,85,64],"gold":8,"neow_bonus":"BOSS_RELIC","is_prod":false,"is_daily":false,"chose_seed":false,"campfire_upgraded":7,"win_rate":0,"timestamp":1531466844,"path_taken":["M","?","?","?","M","R","E","R","T","?","E","$","M","?","R","BOSS","M","$","?","?","M","R","E","R","T","?","E","?","R","E","R","BOSS","M","?","$","?","M","E","R","E","T","?","M","?","?","?","R","BOSS"],"build_version":"2018-07-12","purchased_purges":4,"victory":true,"max_hp_per_floor":[70,70,70,70,72,72,72,72,72,72,72,72,72,72,72,72,72,74,74,74,76,78,78,80,80,87,87,89,89,89,91,91,91,95,97,97,97,99,102,103,103,106,106,106,109,109,109,109,109,110],"card_choices":[{"not_picked":["Dagger Throw","Backflip"],"picked":"Bane","floor":1},{"not_picked":["Slice","PiercingWail","Dagger Spray"],"picked":"Singing Bowl","floor":5},{"not_picked":["Outmaneuver","Adrenaline"],"picked":"Escape Plan","floor":7},{"not_picked":["Accuracy","Prepared"],"picked":"Caltrops","floor":11},{"not_picked":["Bouncing Flask","Sucker Punch"],"picked":"Deflect","floor":13},{"not_picked":["Storm of Steel","Tactician"],"picked":"Corpse Explosion","floor":16},{"not_picked":["Underhanded Strike","Infinite Blades+1","Dagger Spray"],"picked":"Singing Bowl","floor":18},{"not_picked":["Deadly Poison","Flying Knee+1","Dodge and Roll"],"picked":"Singing Bowl","floor":21},{"not_picked":["Outmaneuver","Quick Slash","Slice+1"],"picked":"Singing Bowl","floor":22},{"not_picked":["Dagger Spray+1","Reflex","Quick Slash"],"picked":"Singing Bowl","floor":24},{"not_picked":["Glass Knife","Calculated Gamble","Dagger Throw"],"picked":"Singing Bowl","floor":28},{"not_picked":["Eviscerate","Slice","Dagger Spray"],"picked":"Singing Bowl","floor":31},{"not_picked":["Glass Knife","Phantasmal Killer"],"picked":"Tools of the Trade+1","floor":33},{"not_picked":["Slice+1","PiercingWail+1"],"picked":"Terror+1","floor":34},{"not_picked":["Slice","Acrobatics","Bane+1"],"picked":"Singing Bowl","floor":34},{"not_picked":["Dagger Spray","After Image+1"],"picked":"Footwork+1","floor":34},{"not_picked":["Concentrate","Flying Knee+1"],"picked":"Blur","floor":34},{"not_picked":["Bouncing Flask","Terror","Acrobatics"],"picked":"Singing Bowl","floor":34},{"not_picked":["Finisher","Deadly Poison","Distraction+1"],"picked":"Singing Bowl","floor":35},{"not_picked":["Purity","Good Instincts","Panacea"],"picked":"Singing Bowl","floor":38},{"not_picked":["Underhanded Strike","Bouncing Flask","Deflect+1"],"picked":"Singing Bowl","floor":39},{"not_picked":["Bane","Glass Knife"],"picked":"Footwork+1","floor":40},{"not_picked":["Slice+1","Setup+1","Deflect+1"],"picked":"Singing Bowl","floor":42},{"not_picked":["Heel Hook+1","Dagger Throw","Skewer+1","Cloak And Dagger+1"],"picked":"Singing Bowl","floor":45}],"player_experience":105134,"relics_obtained":[{"floor":3,"key":"Singing Bowl"},{"floor":7,"key":"Lantern"},{"floor":9,"key":"Bag of Preparation"},{"floor":11,"key":"Orichalcum"},{"floor":24,"key":"Juzu Bracelet"},{"floor":26,"key":"Strawberry"},{"floor":28,"key":"Darkstone Periapt"},{"floor":31,"key":"Frozen Egg 2"},{"floor":40,"key":"Dead Branch"},{"floor":42,"key":"Question Card"},{"floor":43,"key":"Dream Catcher"}],"event_choices":[{"event_name":"Living Wall","player_choice":"Grow","floor":4,"damage_taken":0},{"event_name":"Golden Shrine","player_choice":"Pray","floor":14,"damage_taken":0},{"event_name":"Drug Dealer","player_choice":"Ignored","floor":20,"damage_taken":0},{"event_name":"Golden Shrine","player_choice":"Pray","floor":27,"damage_taken":0},{"event_name":"Nest","player_choice":"Stole From Cult","floor":29,"damage_taken":0},{"event_name":"FaceTrader","player_choice":"Trade","floor":36,"damage_taken":0},{"event_name":"SensoryStone","player_choice":"Memory 1","floor":38,"damage_taken":0},{"event_name":"Bonfire Elementals","player_choice":"COMMON","floor":44,"damage_taken":0},{"event_name":"SecretPortal","player_choice":"Rejected Portal.","floor":46,"damage_taken":0},{"event_name":"Falling","player_choice":"Removed Power","floor":47,"damage_taken":0}],"boss_relics":[{"not_picked":["Ectoplasm","Philosopher\u0027s Stone"],"picked":"Velvet Choker"},{"not_picked":["Astrolabe","Snecko Eye"],"picked":"Orrery"}],"items_purged_floors":[2,10,19,48],"is_endless":false,"potions_floor_spawned":[1,18,21,28,33,35,40],"ascension_level":2}