{"gold_per_floor":[117,136,156,156,1,1,27,27,27,47,79,103,119,135,135,240,240,255,134,150,169,187,187,187,219,219,219,235,235,254,286,286,286],"floor_reached":33,"playtime":1528,"items_purged":["Strike_R"],"score":279,"play_id":"85edf41a-7810-4626-b7ca-1d78081acc42","local_time":"20190409185901","is_ascension_mode":false,"campfire_choices":[{"data":"Flame Barrier","floor":6,"key":"SMITH"},{"data":"Shrug It Off","floor":8,"key":"SMITH"},{"data":"Evolve","floor":15,"key":"SMITH"},{"floor":27,"key":"RECALL"},{"floor":32,"key":"REST"}],"neow_cost":"NONE","seed_source_timestamp":1227934231626405,"circlet_count":0,"master_deck":["Strike_R","Strike_R+1","Defend_R","Defend_R","Defend_R","Defend_R","Bash+1","Headbutt","Fire Breathing","Wild Strike","Flame Barrier+1","Inflame","Shrug It Off+1","Iron Wave","Uppercut","Evolve+1","Immolate","Immolate","Armaments","Anger+1","Thunderclap","Armaments","Dual Wield+1","Wild Strike+1"],"relics":["Burning Blood","Centennial Puzzle","Mercury Hourglass","Self Forming Clay","Question Card","Orichalcum","Empty Cage","Singing Bowl","Red Mask","Matryoshka","PreservedInsect"],"potions_floor_usage":[7,28,31,31],"damage_taken":[{"damage":1,"enemies":"2 Louse","floor":1,"turns":3},{"damage":6,"enemies":"Jaw Worm","floor":2,"turns":3},{"damage":1,"enemies":"Cultist","floor":3,"turns":4},{"damage":27,"enemies":"3 Sentries","floor":7,"turns":8},{"damage":3,"enemies":"2 Fungi Beasts","floor":10,"turns":3},{"damage":14,"enemies":"Gremlin Nob","floor":11,"turns":4},{"damage":0,"enemies":"Blue Slaver","floor":13,"turns":3},{"damage":1,"enemies":"3 Louse","floor":14,"turns":3},{"damage":14,"enemies":"Slime Boss","floor":16,"turns":8},{"damage":15,"enemies":"Shell Parasite","floor":18,"turns":6},{"damage":0,"enemies":"3 Byrds","floor":20,"turns":3},{"damage":11,"enemies":"Centurion and Healer","floor":21,"turns":5},{"damage":8,"enemies":"Snake Plant","floor":22,"turns":4},{"damage":3,"enemies":"Masked Bandits","floor":25,"turns":3},{"damage":15,"enemies":"Shelled Parasite and Fungi","floor":28,"turns":7},{"damage":10,"enemies":"Cultist and Chosen","floor":30,"turns":5},{"damage":36,"enemies":"Slavers","floor":31,"turns":4},{"damage":56,"enemies":"Automaton","floor":33,"turns":6}],"seed_played":"4448504564142834188","potions_obtained":[{"floor":2,"key":"BloodPotion"},{"floor":7,"key":"SteroidPotion"},{"floor":11,"key":"Explosive Potion"},{"floor":13,"key":"Energy Potion"},{"floor":18,"key":"Poison Potion"},{"floor":25,"key":"PowerPotion"}],"is_trial":false,"path_per_floor":["M","M","M","?","$","R","E","R","T","M","E","T","M","M","R","B",null,"M","$","M","M","M","?","?","?","T","R","M","?","M","E","R","B"],"character_chosen":"IRONCLAD","items_purchased":["Flame Barrier","Inflame","Armaments"],"campfire_rested":1,"item_purchase_floors":[5,5,19],"current_hp_per_floor":[80,80,80,64,64,64,51,51,51,54,46,46,52,57,57,49,80,71,71,77,72,70,70,55,58,58,58,49,41,39,11,37,0],"gold":286,"neow_bonus":"RANDOM_COMMON_RELIC","is_prod":false,"is_daily":false,"chose_seed":false,"campfire_upgraded":3,"win_rate":0,"timestamp":1554857941,"path_taken":["M","M","M","?","$","R","E","R","T","M","E","?","M","M","R","BOSS","M","?","M","M","M","?","?","?","T","R","M","?","M","E","R","BOSS"],"build_version":"2019-01-23","purchased_purges":1,"victory":false,"max_hp_per_floor":[80,80,80,80,80,80,80,80,80,80,80,80,80,80,80,80,80,80,80,80,80,80,80,85,85,85,85,85,85,87,89,89,89],"card_choices":[{"not_picked":["True Grit","Anger"],"picked":"Headbutt","floor":1},{"not_picked":["Clash","Sever Soul"],"picked":"Fire Breathing","floor":2},{"not_picked":["Clash","Havoc"],"picked":"Wild Strike","floor":3},{"not_picked":["Corruption","Demon Form"],"picked":"Shrug It Off","floor":7},{"not_picked":["Burning Pact","Rage"],"picked":"Iron Wave","floor":10},{"not_picked":["Thunderclap","Double Tap"],"picked":"Uppercut","floor":11},{"not_picked":["Heavy Blade","Havoc","Sword Boomerang"],"picked":"Evolve","floor":13},{"not_picked":["Sentinel","Headbutt","True Grit"],"picked":"Immolate","floor":14},{"not_picked":["Demon Form","Fiend Fire","Dark Embrace"],"picked":"Immolate","floor":16},{"not_picked":["Searing Blow+1","True Grit+1","Second Wind+1","Fire Breathing"],"picked":"SKIP","floor":18},{"not_picked":["Havoc+1","Shrug It Off","Hemokinesis+1"],"picked":"Anger+1","floor":20},{"not_picked":["Blood for Blood","Double Tap","Warcry"],"picked":"Thunderclap","floor":21},{"not_picked":["Clothesline","Spot Weakness","Body Slam"],"picked":"Armaments","floor":22},{"not_picked":["Inflame","Hemokinesis","Combust"],"picked":"Dual Wield+1","floor":25},{"not_picked":["Heavy Blade","Intimidate","Sentinel"],"picked":"Wild Strike+1","floor":28},{"not_picked":["Uppercut+1","Headbutt","Entrench","True Grit"],"picked":"Singing Bowl","floor":30},{"not_picked":["Inflame","Heavy Blade","Twin Strike","Intimidate"],"picked":"Singing Bowl","floor":31}],"player_experience":211463,"relics_obtained":[{"floor":7,"key":"Mercury Hourglass"},{"floor":9,"key":"Self Forming Clay"},{"floor":11,"key":"Question Card"},{"floor":12,"key":"Orichalcum"},{"floor":25,"key":"Red Mask"},{"floor":26,"key":"Matryoshka"},{"floor":31,"key":"PreservedInsect"}],"event_choices":[{"damage_healed":0,"gold_gain":0,"player_choice":"Entered Light","damage_taken":16,"max_hp_gain":0,"max_hp_loss":0,"event_name":"Shining Light","floor":4,"gold_loss":0,"cards_upgraded":["Bash","Strike_R"]},{"damage_healed":0,"gold_gain":0,"player_choice":"Opened","damage_taken":0,"relics_obtained":["Singing Bowl"],"max_hp_gain":0,"max_hp_loss":0,"event_name":"The Mausoleum","floor":23,"gold_loss":0},{"damage_healed":0,"gold_gain":0,"player_choice":"Shed Blood","damage_taken":20,"max_hp_gain":5,"max_hp_loss":0,"event_name":"Forgotten Altar","floor":24,"gold_loss":0},{"damage_healed":0,"gold_gain":0,"player_choice":"Fought Bandits","damage_taken":0,"max_hp_gain":0,"max_hp_loss":0,"event_name":"Masked Bandits","floor":25,"gold_loss":0},{"damage_healed":0,"gold_gain":0,"player_choice":"Damaged","damage_taken":8,"max_hp_gain":0,"max_hp_loss":0,"event_name":"Wheel of Change","floor":29,"gold_loss":0}],"is_beta":false,"boss_relics":[{"not_picked":["Runic Cube","Astrolabe"],"picked":"Empty Cage"}],"items_purged_floors":[19],"is_endless":false,"potions_floor_spawned":[2,7,11,13,16,18,25],"killed_by":"Automaton","ascension_level":0}