{"gold_per_floor":[115,115,115,136,136,136,61,96,120,155,169,182,195,218,218,338,338,357,351,351,374,78,78,78],"floor_reached":24,"playtime":2620,"items_purged":["Streamline","Defend_B"],"score":233,"play_id":"eb1ceeaf-c006-4e9b-b582-a6db8363bc1c","local_time":"20190409185826","is_ascension_mode":false,"campfire_choices":[{"floor":6.0,"key":"REST"},{"floor":15.0,"key":"REST"},{"data":"Defragment","floor":23,"key":"SMITH"}],"neow_cost":"NONE","seed_source_timestamp":0,"circlet_count":0,"master_deck":["Strike_B","Strike_B","Strike_B","Defend_B","Defend_B","Defend_B","Zap","Dualcast","Coolheaded","Blizzard","Conserve Battery+1","Defragment+1","Biased Cognition","Force Field+1","Conserve Battery+1"],"special_seed":0,"relics":["Cracked Core","NeowsBlessing","Golden Idol","Orichalcum","Nunchaku","Pen Nib","Toxic Egg 2","Nuclear Battery","Membership Card"],"potions_floor_usage":[21,21],"damage_taken":[{"damage":0.0,"enemies":"Small Slimes","floor":1.0,"turns":1.0},{"damage":0.0,"enemies":"Jaw Worm","floor":4.0,"turns":1.0},{"damage":0.0,"enemies":"Gremlin Nob","floor":8.0,"turns":1.0},{"damage":43.0,"enemies":"Lagavulin","floor":10.0,"turns":12.0},{"damage":0.0,"enemies":"Cultist","floor":11.0,"turns":3.0},{"damage":18.0,"enemies":"Exordium Thugs","floor":12.0,"turns":7.0},{"damage":0.0,"enemies":"2 Fungi Beasts","floor":13.0,"turns":3.0},{"damage":1.0,"enemies":"Red Slaver","floor":14.0,"turns":5.0},{"damage":15.0,"enemies":"The Guardian","floor":16.0,"turns":16.0},{"damage":38.0,"enemies":"Spheric Guardian","floor":18.0,"turns":10.0},{"damage":11,"enemies":"2 Thieves","floor":19,"turns":5},{"damage":15,"enemies":"Snake Plant","floor":21,"turns":7},{"damage":73,"enemies":"Gremlin Leader","floor":24,"turns":6}],"seed_played":"-3676065713068394634","potions_obtained":[{"floor":8.0,"key":"FocusPotion"},{"floor":11.0,"key":"Fire Potion"},{"floor":12.0,"key":"Strength Potion"},{"floor":13.0,"key":"Strength Potion"},{"floor":18.0,"key":"AttackPotion"},{"floor":19,"key":"Block Potion"}],"is_trial":false,"path_per_floor":["M","?","?","M","?","R","$","E","T","E","M","M","M","M","R","B",null,"M","M","?","M","$","R","E"],"character_chosen":"DEFECT","items_purchased":["Membership Card"],"campfire_rested":2,"item_purchase_floors":[22],"current_hp_per_floor":[75,57,45,45,45,67,67,67,67,24,24,6,6,5,27,12,75,37,26,75,60,60,60,0],"gold":78,"neow_bonus":"THREE_ENEMY_KILL","is_prod":false,"is_daily":false,"chose_seed":false,"campfire_upgraded":1,"win_rate":0.0,"timestamp":1554829106,"path_taken":["M","?","?","M","?","R","$","E","T","E","M","M","?","M","R","BOSS","M","M","?","M","?","R","E"],"build_version":"2019-01-23","purchased_purges":2,"victory":false,"max_hp_per_floor":[75,75,75,75,75,75,75,75,75,75,75,75,75,75,75,75,75,75,75,75,75,75,75,75],"card_choices":[{"not_picked":["Compile Driver","Aggregate"],"picked":"Coolheaded","floor":1.0},{"not_picked":["Undo","Leap"],"picked":"Blizzard","floor":4.0},{"not_picked":["Sweeping Beam","Leap","FTL"],"picked":"SKIP","floor":8.0},{"not_picked":["Rebound","Storm"],"picked":"Chill","floor":10.0},{"not_picked":["Compile Driver","Gash"],"picked":"Conserve Battery+1","floor":11.0},{"not_picked":["Streamline","Beam Cell"],"picked":"Defragment","floor":12.0},{"not_picked":["Compile Driver","Steam+1","BootSequence+1"],"picked":"SKIP","floor":13.0},{"not_picked":["Gash","Coolheaded+1","Conserve Battery+1"],"picked":"SKIP","floor":14.0},{"not_picked":["Amplify+1","Thunder Strike"],"picked":"Biased Cognition","floor":16.0},{"not_picked":["Chill+1","Leap+1","Gash"],"picked":"SKIP","floor":18.0},{"not_picked":["Sweeping Beam","Redo+1"],"picked":"Force Field+1","floor":19},{"not_picked":["Turbo+1","Darkness+1"],"picked":"Conserve Battery+1","floor":21}],"player_experience":147158,"relics_obtained":[{"floor":8.0,"key":"Nunchaku"},{"floor":9.0,"key":"Pen Nib"},{"floor":10.0,"key":"Toxic Egg 2"}],"event_choices":[{"damage_healed":0.0,"max_hp_gain":0.0,"max_hp_loss":0.0,"gold_gain":0.0,"event_name":"Golden Idol","player_choice":"Take Damage","floor":2.0,"gold_loss":0.0,"damage_taken":18.0,"relics_obtained":["Golden Idol"]},{"damage_healed":0.0,"max_hp_gain":0.0,"max_hp_loss":0.0,"gold_gain":0.0,"event_name":"Scrap Ooze","player_choice":"Success","floor":3.0,"gold_loss":0.0,"damage_taken":12.0,"relics_obtained":["Orichalcum"]},{"damage_healed":0.0,"max_hp_gain":0.0,"max_hp_loss":0.0,"gold_gain":0.0,"cards_transformed":["Strike_B"],"event_name":"Transmorgrifier","player_choice":"Transformed","floor":5.0,"gold_loss":0.0,"damage_taken":0.0,"cards_obtained":["Streamline"]},{"cards_removed":["Chill"],"damage_healed":49,"gold_gain":0,"player_choice":"Offered Uncommon","damage_taken":0,"max_hp_gain":0,"max_hp_loss":0,"event_name":"Bonfire Elementals","floor":20,"gold_loss":0}],"is_beta":false,"boss_relics":[{"not_picked":["Calling Bell","Empty Cage"],"picked":"Nuclear Battery"}],"items_purged_floors":[7,22],"is_endless":false,"potions_floor_spawned":[8,11,12,13,18,19],"killed_by":"Gremlin Leader","ascension_level":0}