{"gold_per_floor":[117,90,101,113,126,126,144,144,144,164,164,6,40,56,56,152,152,163,66,50,62,62,62],"floor_reached":23,"playtime":2293,"items_purged":[],"score":195,"play_id":"ef4f609a-373d-4daf-93e2-b7f966a83611","local_time":"20190307211158","is_ascension_mode":false,"campfire_choices":[{"floor":6,"key":"REST"},{"floor":15,"key":"REST"}],"neow_cost":"NONE","seed_source_timestamp":86214258756130,"circlet_count":0,"master_deck":["Defend_G","Defend_G","Defend_G+1","Defend_G","Defend_G","Strike_G","Strike_G+1","Strike_G","Strike_G","Strike_G","Survivor","Neutralize","Dagger Spray","Dash","Deflect","Noxious Fumes","Corpse Explosion","Deadly Poison","Enlightenment","Deflect","Deadly Poison","Caltrops","Dodge and Roll","Adrenaline","Backflip","Dark Shackles","Underhanded Strike","Sucker Punch+1"],"relics":["Ring of the Snake","Oddly Smooth Stone","Runic Pyramid","Nloth\u0027s Gift"],"potions_floor_usage":[16,16],"damage_taken":[{"damage":0,"enemies":"Jaw Worm","floor":1,"turns":3},{"damage":3,"enemies":"2 Louse","floor":3,"turns":2},{"damage":2,"enemies":"Small Slimes","floor":4,"turns":3},{"damage":11,"enemies":"Red Slaver","floor":5,"turns":5},{"damage":20,"enemies":"Gremlin Gang","floor":7,"turns":5},{"damage":0,"enemies":"Blue Slaver","floor":10,"turns":4},{"damage":23,"enemies":"Lagavulin","floor":13,"turns":7},{"damage":7,"enemies":"Exordium Wildlife","floor":14,"turns":3},{"damage":23,"enemies":"The Guardian","floor":16,"turns":9},{"damage":0,"enemies":"Chosen","floor":18,"turns":6},{"damage":4,"enemies":"2 Thieves","floor":20,"turns":4},{"damage":41,"enemies":"3 Cultists","floor":21,"turns":6},{"damage":37,"enemies":"Book of Stabbing","floor":23,"turns":7}],"seed_played":"400873219130323058","potions_obtained":[{"floor":4,"key":"SkillPotion"},{"floor":5,"key":"Energy Potion"},{"floor":10,"key":"Weak Potion"},{"floor":16,"key":"Poison Potion"},{"floor":18,"key":"Weak Potion"},{"floor":20,"key":"GamblersBrew"}],"is_trial":false,"path_per_floor":["?","?","?","?"],"character_chosen":"THE_SILENT","items_purchased":["Enlightenment","Deflect","Deadly Poison","Dark Shackles"],"campfire_rested":2,"item_purchase_floors":[12,12,12,19],"current_hp_per_floor":[77,77,74,72,61,77,57,77,77,77,62,62,39,32,55,32,77,77,77,73,32,32,0],"gold":62,"neow_bonus":"TEN_PERCENT_HP_BONUS","is_prod":false,"is_daily":false,"chose_seed":false,"campfire_upgraded":0,"win_rate":0.0,"timestamp":1551989518,"path_taken":["M","?","M","M","M","R","M","?","T","M","?","$","E","M","R","BOSS","M","$","M","M","?","E"],"build_version":"2019-01-23","purchased_purges":0,"victory":false,"max_hp_per_floor":[77,77,77,77,77,77,77,77,77,77,77,77,77,77,77,77,77,77,77,77,77,77,77],"card_choices":[{"not_picked":["Dagger Throw","Backflip"],"picked":"Dagger Spray","floor":1},{"not_picked":["Predator","Outmaneuver"],"picked":"Dash","floor":3},{"not_picked":["PiercingWail","Underhanded Strike"],"picked":"Deflect","floor":4},{"not_picked":["Acrobatics","Blur"],"picked":"Noxious Fumes","floor":5},{"not_picked":["Backflip","Dagger Throw"],"picked":"Corpse Explosion","floor":7},{"not_picked":["Outmaneuver","Bouncing Flask"],"picked":"Deadly Poison","floor":10},{"not_picked":["Finisher","Reflex"],"picked":"Caltrops","floor":13},{"not_picked":["Blade Dance","Deadly Poison"],"picked":"Dodge and Roll","floor":14},{"not_picked":["Envenom","Bullet Time"],"picked":"Adrenaline","floor":16},{"not_picked":["Tactician","Deflect"],"picked":"Backflip","floor":18},{"not_picked":["Tactician+1","Deadly Poison"],"picked":"Underhanded Strike","floor":20},{"not_picked":["Heel Hook","Acrobatics"],"picked":"Sucker Punch+1","floor":21}],"player_experience":16178,"relics_obtained":[{"floor":9,"key":"Oddly Smooth Stone"},{"floor":13,"key":"Potion Belt"}],"event_choices":[{"damage_healed":0,"gold_gain":0,"player_choice":"Left Gold","damage_taken":0,"max_hp_gain":0,"max_hp_loss":0,"event_name":"World of Goop","floor":2,"gold_loss":27},{"damage_healed":25,"gold_gain":0,"player_choice":"Banana","damage_taken":0,"max_hp_gain":0,"max_hp_loss":0,"event_name":"Big Fish","floor":8,"gold_loss":0},{"damage_healed":0,"gold_gain":0,"player_choice":"Entered Light","damage_taken":15,"max_hp_gain":0,"max_hp_loss":0,"event_name":"Shining Light","floor":11,"gold_loss":0,"cards_upgraded":["Defend_G","Strike_G"]},{"damage_healed":0,"gold_gain":0,"player_choice":"Traded Relic","damage_taken":0,"relics_obtained":["Nloth\u0027s Gift"],"max_hp_gain":0,"max_hp_loss":0,"event_name":"N\u0027loth","floor":22,"relics_lost":["Potion Belt"],"gold_loss":0}],"is_beta":false,"boss_relics":[{"not_picked":["Velvet Choker","Empty Cage"],"picked":"Runic Pyramid"}],"items_purged_floors":[],"is_endless":false,"potions_floor_spawned":[4,5,10,16,18,20],"killed_by":"Book of Stabbing","ascension_level":0}