{"gold_per_floor":[118,134,149,168,168,168,190,190,190,225,150,150,168,193,193,296,296,315,315,515,534,534,534,562,562,614,614,211,246,246,259,259,354,354,373,383,401,416,396,396,48,48,75,108,108,141,141,166,166,166,166,166,37,67,67],"floor_reached":55,"playtime":4706,"items_purged":["Parasite"],"score":976,"play_id":"9de1ec3f-3fb4-4f33-a198-1e88cf899536","local_time":"20190408205730","is_ascension_mode":true,"campfire_choices":[{"data":"Zap","floor":6.0,"key":"SMITH"},{"data":"Core Surge","floor":8.0,"key":"SMITH"},{"data":"Self Repair","floor":12.0,"key":"SMITH"},{"data":"Thunder Strike","floor":15.0,"key":"SMITH"},{"data":"Electrodynamics","floor":23.0,"key":"SMITH"},{"data":"FTL","floor":25.0,"key":"SMITH"},{"data":"Defragment","floor":30.0,"key":"SMITH"},{"floor":32.0,"key":"REST"},{"data":"Dualcast","floor":40,"key":"SMITH"},{"floor":42,"key":"RECALL"},{"data":"Conserve Battery","floor":45,"key":"SMITH"},{"floor":49,"key":"REST"},{"floor":52,"key":"REST"}],"neow_cost":"CURSE","seed_source_timestamp":0,"circlet_count":0,"master_deck":["Strike_B+1","Strike_B+1","Strike_B+1","Strike_B+1","Defend_B+1","Defend_B+1","Defend_B+1","Defend_B+1","Zap+1","Dualcast+1","Core Surge+1","Self Repair+1","Conserve Battery+1","Thunder Strike+1","FTL+1","Ball Lightning","Cold Snap+1","Rebound+1","Electrodynamics+1","Chaos+1","Turbo+1","Defragment+1","Compile Driver+1","Amplify+1","Stack+1","Chill+1","Leap+1","Hologram+1","Static Discharge","White Noise+1"],"special_seed":0,"relics":["Cracked Core","Odd Mushroom","Molten Egg 2","StoneCalendar","Blood Vial","Inserter","Mummified Hand","Orichalcum","Symbiotic Virus","Toxic Egg 2","Regal Pillow","Centennial Puzzle","Snecko Eye","Toolbox","DataDisk","Bottled Lightning","Bird Faced Urn","Pen Nib","Blue Candle"],"potions_floor_usage":[37,47,47,48,50,55],"damage_taken":[{"damage":0.0,"enemies":"Small Slimes","floor":1.0,"turns":3.0},{"damage":3.0,"enemies":"2 Louse","floor":2.0,"turns":2.0},{"damage":2.0,"enemies":"Jaw Worm","floor":3.0,"turns":4.0},{"damage":2.0,"enemies":"Red Slaver","floor":4.0,"turns":3.0},{"damage":18.0,"enemies":"The Mushroom Lair","floor":7.0,"turns":4.0},{"damage":17.0,"enemies":"3 Sentries","floor":10.0,"turns":6.0},{"damage":6.0,"enemies":"3 Louse","floor":13.0,"turns":2.0},{"damage":28.0,"enemies":"Lagavulin","floor":14.0,"turns":6.0},{"damage":21.0,"enemies":"The Guardian","floor":16.0,"turns":8.0},{"damage":5.0,"enemies":"3 Byrds","floor":18.0,"turns":3.0},{"damage":0.0,"enemies":"Chosen","floor":21.0,"turns":4.0},{"damage":19.0,"enemies":"Gremlin Leader","floor":24.0,"turns":6.0},{"damage":34.0,"enemies":"Slavers","floor":29.0,"turns":4.0},{"damage":12.0,"enemies":"Snecko","floor":31.0,"turns":3.0},{"damage":31.0,"enemies":"Collector","floor":33.0,"turns":7.0},{"damage":0.0,"enemies":"3 Shapes","floor":35.0,"turns":3.0},{"damage":8.0,"enemies":"3 Darklings","floor":36.0,"turns":3.0},{"damage":10,"enemies":"Writhing Mass","floor":37,"turns":4},{"damage":17,"enemies":"Sphere and 2 Shapes","floor":38,"turns":5},{"damage":11,"enemies":"Reptomancer","floor":44,"turns":4},{"damage":34,"enemies":"Giant Head","floor":46,"turns":7},{"damage":0,"enemies":"Transient","floor":47,"turns":3},{"damage":65,"enemies":"Reptomancer","floor":48,"turns":7},{"damage":53,"enemies":"Time Eater","floor":50,"turns":8},{"damage":30,"enemies":"Shield and Spear","floor":54,"turns":3},{"damage":84,"enemies":"The Heart","floor":55,"turns":5}],"seed_played":"-6999536987318357312","potions_obtained":[{"floor":4.0,"key":"Dexterity Potion"},{"floor":7.0,"key":"Energy Potion"},{"floor":13.0,"key":"Fire Potion"},{"floor":16.0,"key":"Poison Potion"},{"floor":18.0,"key":"PowerPotion"},{"floor":21.0,"key":"SkillPotion"},{"floor":33.0,"key":"Energy Potion"},{"floor":35.0,"key":"GamblersBrew"},{"floor":36,"key":"SkillPotion"},{"floor":39,"key":"SmokeBomb"},{"floor":48,"key":"FocusPotion"}],"is_trial":false,"path_per_floor":["M","M","M","M","?","R","?","R","T","E","$","R","M","E","R","B",null,"M","?","?","M","?","R","E","R","T","T","$","E","R","M","R","B",null,"M","M","M","M","?","R","$","R","T","E","R","E","M","E","R","B",null,"R","$","E","B"],"character_chosen":"DEFECT","items_purchased":["Toxic Egg 2","Regal Pillow","Toolbox","DataDisk","Static Discharge","Energy Potion"],"campfire_rested":3,"item_purchase_floors":[28,28,41,41,53,53],"current_hp_per_floor":[68,72,75,73,78,78,67,67,67,57,57,57,51,33,33,24,64,71,71,71,77,63,63,56,56,56,56,56,34,34,34,73,54,75,82,82,82,82,82,82,82,82,82,82,82,68,82,21,60,25,68,82,82,68,0],"gold":67,"neow_bonus":"THREE_RARE_CARDS","is_prod":false,"is_daily":false,"chose_seed":false,"campfire_upgraded":9,"win_rate":0,"timestamp":1554782250,"path_taken":["M","M","M","M","?","R","?","R","T","E","$","R","M","E","R","BOSS","M","?","?","?","?","R","E","R","T","?","$","E","R","M","R","BOSS","M","M","M","?","?","R","?","R","T","E","R","E","M","E","R","BOSS","R","$","E","BOSS"],"build_version":"2019-01-23","purchased_purges":1,"victory":false,"max_hp_per_floor":[75,75,75,75,80,80,80,80,80,80,77,77,77,77,77,77,77,77,77,77,77,82,82,82,82,82,82,82,82,82,82,82,82,82,82,82,82,82,82,82,82,82,82,82,82,82,82,82,82,82,82,82,82,82,82],"card_choices":[{"not_picked":["Thunder Strike","Seek"],"picked":"Core Surge","floor":0.0},{"not_picked":["Go for the Eyes","Beam Cell"],"picked":"Self Repair","floor":1.0},{"not_picked":["Compile Driver","Gash"],"picked":"Conserve Battery","floor":2.0},{"not_picked":["Redo","Chaos"],"picked":"Thunder Strike","floor":3.0},{"not_picked":["Gash","Coolheaded"],"picked":"FTL","floor":4.0},{"not_picked":["Rebound","Cold Snap"],"picked":"Ball Lightning","floor":7.0},{"not_picked":["Stack","Heatsinks","Hello World"],"picked":"SKIP","floor":10.0},{"not_picked":["Rip and Tear+1","FTL+1"],"picked":"Cold Snap+1","floor":13.0},{"not_picked":["Gash+1","Blizzard+1"],"picked":"Rebound+1","floor":14.0},{"not_picked":["Seek","Hyperbeam+1"],"picked":"Electrodynamics","floor":16.0},{"not_picked":["Cold Snap+1","Steam"],"picked":"Chaos+1","floor":18.0},{"not_picked":["Skim","Stack"],"picked":"Turbo+1","floor":21.0},{"not_picked":["Streamline+1","Leap","Cold Snap+1"],"picked":"SKIP","floor":24.0},{"not_picked":["Force Field+1","Rebound+1"],"picked":"Defragment","floor":29.0},{"not_picked":["Cold Snap+1","Redo+1"],"picked":"Compile Driver+1","floor":31.0},{"not_picked":["Meteor Strike+1","Creative AI"],"picked":"Amplify+1","floor":33.0},{"not_picked":["Sweeping Beam+1","Hello World"],"picked":"Stack+1","floor":35.0},{"not_picked":["Gash+1","Doom and Gloom+1"],"picked":"Chill+1","floor":36},{"not_picked":["Conserve Battery+1","Streamline+1","Gash+1"],"picked":"SKIP","floor":37},{"not_picked":["Turbo+1","Steam+1","Genetic Algorithm+1"],"picked":"SKIP","floor":38},{"not_picked":["Beam Cell+1","Hello World+1","Cold Snap+1"],"picked":"SKIP","floor":44},{"not_picked":["Scrape+1","Self Repair"],"picked":"Leap+1","floor":46},{"not_picked":["Double Energy+1","Sunder+1"],"picked":"Hologram+1","floor":48},{"not_picked":["Creative AI","Compile Driver+1"],"picked":"White Noise+1","floor":54}],"player_experience":281006,"relics_obtained":[{"floor":7.0,"key":"Odd Mushroom"},{"floor":9.0,"key":"Molten Egg 2"},{"floor":10.0,"key":"StoneCalendar"},{"floor":14.0,"key":"Blood Vial"},{"floor":24.0,"key":"Mummified Hand"},{"floor":26.0,"key":"Orichalcum"},{"floor":27.0,"key":"Symbiotic Virus"},{"floor":29.0,"key":"Centennial Puzzle"},{"floor":44,"key":"Bottled Lightning"},{"floor":46,"key":"Bird Faced Urn"},{"floor":48,"key":"Pen Nib"},{"floor":54,"key":"Blue Candle"}],"event_choices":[{"damage_healed":0.0,"max_hp_gain":5.0,"max_hp_loss":0.0,"gold_gain":0.0,"event_name":"Big Fish","player_choice":"Donut","floor":5.0,"gold_loss":0.0,"damage_taken":0.0},{"damage_healed":0.0,"max_hp_gain":0.0,"max_hp_loss":0.0,"gold_gain":0.0,"event_name":"Mushrooms","player_choice":"Fought Mushrooms","floor":7.0,"gold_loss":0.0,"damage_taken":0.0},{"damage_healed":0.0,"max_hp_gain":0.0,"max_hp_loss":0.0,"gold_gain":0.0,"event_name":"Back to Basics","player_choice":"Simplicity","floor":19.0,"gold_loss":0.0,"damage_taken":0.0,"cards_upgraded":["Strike_B","Strike_B","Strike_B","Strike_B","Defend_B","Defend_B","Defend_B","Defend_B"]},{"damage_healed":0.0,"max_hp_gain":0.0,"max_hp_loss":0.0,"gold_gain":200.0,"event_name":"Wheel of Change","player_choice":"Gold","floor":20.0,"gold_loss":0.0,"damage_taken":0.0},{"damage_healed":0.0,"max_hp_gain":5.0,"max_hp_loss":0.0,"gold_gain":0.0,"event_name":"Forgotten Altar","player_choice":"Shed Blood","floor":22.0,"gold_loss":0.0,"damage_taken":19.0},{"damage_healed":0,"gold_gain":0,"player_choice":"Bought 1 Potion","damage_taken":0,"max_hp_gain":0,"max_hp_loss":0,"event_name":"The Woman in Blue","floor":39,"gold_loss":0}],"is_beta":false,"boss_relics":[{"not_picked":["Empty Cage","Coffee Dripper"],"picked":"Inserter"},{"not_picked":["Eternal Feather","Calling Bell"],"picked":"Snecko Eye"}],"items_purged_floors":[11],"is_endless":false,"potions_floor_spawned":[4,7,13,16,18,21,33,35,36,47,48],"killed_by":"The Heart","ascension_level":6}