{"path_per_floor":["M","?","?","?","M","E","M","R","T","?","$","R","M","M","R","B",null,"M","?","?","M","M","R","M","R","T","?","M","E","R","M","R","B",null,"M","?","$","M","M","R","E","R","T","?","M","R","$","M","R"],"character_chosen":"IRONCLAD","items_purchased":["Lantern","Vajra","Pen Nib"],"gold_per_floor":[111,111,111,90,113,148,162,162,213,249,20,20,40,61,61,187,187,203,203,203,216,229,229,242,242,242,157,177,211,211,231,231,356,356,375,475,81,99,114,114,149,149,149,149,165,165,40,64,64,64],"floor_reached":50,"campfire_rested":4,"playtime":1873,"current_hp_per_floor":[80,77,57,57,63,38,33,57,57,45,45,69,68,73,73,39,80,76,56,56,49,46,46,41,41,41,41,51,50,50,56,56,19,56,42,42,42,53,27,56,34,34,34,34,35,35,35,33,56,0],"items_purged":["Strike_R","Defend_R","Clash"],"gold":64,"score":517,"play_id":"6699ceb9-cac4-41b2-98a0-6acadb6f708e","local_time":"20180428025824","is_prod":false,"is_daily":false,"chose_seed":false,"is_ascension_mode":false,"campfire_upgraded":7,"timestamp":1524877104,"path_taken":["M","?","?","?","M","E","?","R","T","?","$","R","?","M","R","BOSS","M","?","?","?","M","R","M","R","T","?","M","E","R","M","R","BOSS","M","?","$","M","M","R","E","R","T","?","M","R","$","?","R","BOSS"],"build_version":"2018-04-26v2","seed_source_timestamp":240781853342245,"purchased_purges":3,"victory":false,"master_deck":["Defend_R","Defend_R","Defend_R","Bash+1","Thunderclap","Headbutt+1","Metallicize+1","Inflame+1","Barricade+1","Bloodletting+1","Bite+1","Bite","Bite","Bite","Bite+1","Metallicize+1","Flex+1","Flame Barrier+1","Combust+1","Intimidate+1","Clothesline+1","Offering","Shockwave+1","Cleave+1","Metallicize+1"],"max_hp_per_floor":[80,80,80,80,80,80,80,80,80,80,80,80,80,80,80,80,80,80,56,56,56,56,56,56,56,56,56,56,56,56,56,56,56,56,56,56,56,56,56,56,56,56,56,56,56,56,56,56,56,56],"relics":["Burning Blood","Bronze Scales","Golden Idol","Frozen Egg 2","Orichalcum","Odd Mushroom","Lantern","Lizard Tail","Torii","Regal Pillow","Anchor","Black Star","Vajra","Pen Nib","Oddly Smooth Stone","Whetstone","Sundial"],"card_choices":[{"not_picked":["Fire Breathing","Perfected Strike"],"picked":"Thunderclap","floor":1},{"not_picked":["Ghostly Armor","Thunderclap"],"picked":"Inflame","floor":5},{"not_picked":["Second Wind","Hemokinesis"],"picked":"Headbutt","floor":7},{"not_picked":["Ghostly Armor","Thunderclap"],"picked":"Metallicize","floor":10},{"not_picked":["Reckless Charge","Twin Strike"],"picked":"Inflame","floor":13},{"not_picked":["Dark Embrace","Impervious"],"picked":"Barricade","floor":16},{"not_picked":["Anger","Corruption"],"picked":"Bloodletting","floor":18},{"not_picked":["Fire Breathing","Whirlwind"],"picked":"Metallicize","floor":21},{"not_picked":["Power Through","Cleave"],"picked":"Flex","floor":22},{"not_picked":["Blood for Blood","Impervious"],"picked":"Flame Barrier","floor":24},{"not_picked":["Flex","Burning Pact"],"picked":"Combust","floor":28},{"not_picked":["Headbutt","Second Wind"],"picked":"Intimidate","floor":29},{"not_picked":["Cleave","Second Wind"],"picked":"Clothesline","floor":31},{"not_picked":["Double Tap","Bludgeon"],"picked":"Offering","floor":33},{"not_picked":["Uppercut","Perfected Strike"],"picked":"Clash","floor":38},{"not_picked":["Ghostly Armor","Body Slam"],"picked":"Fire Breathing","floor":39},{"not_picked":["Corruption","Body Slam"],"picked":"Shockwave","floor":41},{"not_picked":["Perfected Strike","Clothesline"],"picked":"Cleave","floor":45},{"not_picked":["Cleave","Clash"],"picked":"Metallicize","floor":48}],"player_experience":0,"potions_floor_usage":[16,33,33,39,45,50,50],"damage_taken":[{"damage":2,"enemies":"Small Slimes","floor":1,"turns":3},{"damage":0,"enemies":"2 Louse","floor":5,"turns":3},{"damage":31,"enemies":"Lagavulin","floor":6,"turns":6},{"damage":11,"enemies":"Jaw Worm","floor":7,"turns":2},{"damage":18,"enemies":"The Mushroom Lair","floor":10,"turns":4},{"damage":7,"enemies":"Lots of Slimes","floor":13,"turns":3},{"damage":1,"enemies":"Blue Slaver","floor":14,"turns":2},{"damage":40,"enemies":"The Guardian","floor":16,"turns":8},{"damage":10,"enemies":"Spheric Guardian","floor":18,"turns":4},{"damage":21,"enemies":"2 Thieves","floor":21,"turns":4},{"damage":23,"enemies":"Sentry and Sphere","floor":22,"turns":6},{"damage":29,"enemies":"Cultist and Chosen","floor":24,"turns":7},{"damage":8,"enemies":"Snecko","floor":28,"turns":5},{"damage":23,"enemies":"Gremlin Leader","floor":29,"turns":7},{"damage":9,"enemies":"Slaver and Parasite","floor":31,"turns":4},{"damage":60,"enemies":"Champ","floor":33,"turns":13},{"damage":28,"enemies":"Flame Bruiser 1 Orb","floor":35,"turns":7},{"damage":7,"enemies":"3 Shapes","floor":38,"turns":7},{"damage":42,"enemies":"Spire Growth","floor":39,"turns":5},{"damage":65,"enemies":"2 Orb Walkers","floor":41,"turns":6},{"damage":18,"enemies":"Sphere and 2 Shapes","floor":45,"turns":5},{"damage":10,"enemies":"4 Shapes","floor":48,"turns":2},{"damage":96,"enemies":"Awakened One","floor":50,"turns":16}],"event_choices":[{"event_name":"Scrap Ooze","player_choice":"success","floor":2,"damage_taken":3},{"event_name":"Golden Idol","player_choice":"Take Damage","floor":3,"damage_taken":0},{"event_name":"World of Goop","player_choice":"Left","floor":4,"damage_taken":0},{"event_name":"Mushrooms","player_choice":"Fought Mushrooms","floor":10,"damage_taken":0},{"event_name":"Vampires","player_choice":"Became a vampire","floor":19,"damage_taken":0},{"event_name":"Bonfire Elementals","player_choice":"UNCOMMON","floor":20,"damage_taken":0},{"event_name":"Addict","player_choice":"Obtained Relic","floor":27,"damage_taken":0},{"event_name":"Golden Shrine","player_choice":"Pray","floor":36,"damage_taken":0}],"boss_relics":[{"not_picked":["Runic Pyramid","Runic Dome"],"picked":"Lizard Tail"},{"not_picked":["Eternal Feather","Snecko Eye"],"picked":"Black Star"}],"potions_floor_spawned":[1,10,14,24,28,35,39,41],"seed_played":"-5050312715138990611","killed_by":"Awakened One","ascension_level":0,"is_trial":false}