{"gold_per_floor":[117,136,146,158,158,186,206,231,254,254,270,270,291,178,178,308,308,326,30,30],"floor_reached":20,"playtime":1114,"items_purged":["Strike_G","Defend_G"],"score":233,"play_id":"553de73b-f490-43ba-8242-8199a6820bd2","local_time":"20190322135551","is_ascension_mode":true,"campfire_choices":[{"floor":10.0,"key":"REST"},{"floor":15.0,"key":"REST"}],"neow_cost":"NONE","seed_source_timestamp":0,"circlet_count":0,"master_deck":["Defend_G","Defend_G","Defend_G","Defend_G","Strike_G","Strike_G","Strike_G","Strike_G+1","Survivor","Neutralize+1","Blade Dance","Prepared","Dodge and Roll","Noxious Fumes","Masterful Stab","Deadly Poison","Accuracy","Normality","Deadly Poison","Well Laid Plans","Tactician","Panache"],"special_seed":0,"relics":["Cursed Key","Blood Vial","Whetstone","Oddly Smooth Stone","Golden Idol","Busted Crown"],"potions_floor_usage":[],"damage_taken":[{"damage":2.0,"enemies":"2 Louse","floor":1.0,"turns":4.0},{"damage":0.0,"enemies":"Cultist","floor":2.0,"turns":3.0},{"damage":4.0,"enemies":"Jaw Worm","floor":3.0,"turns":4.0},{"damage":12.0,"enemies":"Exordium Wildlife","floor":4.0,"turns":5.0},{"damage":32.0,"enemies":"3 Sentries","floor":6.0,"turns":9.0},{"damage":9.0,"enemies":"Large Slime","floor":7.0,"turns":7.0},{"damage":3.0,"enemies":"Lagavulin","floor":8.0,"turns":6.0},{"damage":3.0,"enemies":"2 Fungi Beasts","floor":11.0,"turns":3.0},{"damage":14.0,"enemies":"Exordium Thugs","floor":13.0,"turns":5.0},{"damage":38.0,"enemies":"Hexaghost","floor":16.0,"turns":10.0},{"damage":18.0,"enemies":"Shell Parasite","floor":18.0,"turns":5.0},{"damage":0,"enemies":"Colosseum Slavers","floor":20,"turns":1}],"seed_played":"1915214840409757140","potions_obtained":[{"floor":4.0,"key":"Explosive Potion"},{"floor":6.0,"key":"Poison Potion"},{"floor":7.0,"key":"EssenceOfSteel"},{"floor":16.0,"key":"GhostInAJar"}],"is_trial":false,"path_per_floor":["M","M","M","M","?","E","M","E","T","R","M","?","M","$","R","B",null,"M","$","?"],"character_chosen":"THE_SILENT","items_purchased":["Well Laid Plans","Panache"],"campfire_rested":2,"item_purchase_floors":[14,19],"current_hp_per_floor":[68,68,64,52,52,20,13,12,12,33,32,32,20,20,39,3,50,34,34,36],"gold":30,"neow_bonus":"BOSS_RELIC","is_prod":false,"is_daily":false,"chose_seed":false,"campfire_upgraded":0,"win_rate":0,"timestamp":1553284551,"path_taken":["M","M","M","M","?","E","M","E","T","R","?","?","M","?","R","BOSS","M","$","?"],"build_version":"2019-01-23","purchased_purges":2,"victory":false,"max_hp_per_floor":[70,70,70,70,70,70,70,70,70,70,70,65,65,65,65,65,65,65,65,65],"card_choices":[{"not_picked":["Quick Slash","Predator"],"picked":"Blade Dance","floor":1.0},{"not_picked":["Deflect","Well Laid Plans"],"picked":"Prepared","floor":2.0},{"not_picked":["Catalyst","Malaise"],"picked":"Dodge and Roll","floor":3.0},{"not_picked":["Dodge and Roll","Backflip"],"picked":"Noxious Fumes","floor":4.0},{"not_picked":["Concentrate","Bullet Time"],"picked":"Masterful Stab","floor":6.0},{"not_picked":["Dagger Spray","Prepared"],"picked":"Deadly Poison","floor":7.0},{"not_picked":["Deflect","Concentrate"],"picked":"Accuracy","floor":8.0},{"not_picked":["Prepared","Dodge and Roll"],"picked":"Deadly Poison","floor":11.0},{"not_picked":["Dagger Throw","Expertise","Night Terror"],"picked":"SKIP","floor":13.0},{"not_picked":[],"picked":"Tactician","floor":18.0}],"player_experience":128327,"relics_obtained":[{"floor":6.0,"key":"Blood Vial"},{"floor":8.0,"key":"Whetstone"},{"floor":9.0,"key":"Oddly Smooth Stone"}],"event_choices":[{"damage_healed":0.0,"max_hp_gain":0.0,"max_hp_loss":0.0,"gold_gain":0.0,"event_name":"The Woman in Blue","player_choice":"Bought 0 Potions","floor":5.0,"gold_loss":0.0,"damage_taken":0.0},{"damage_healed":0.0,"max_hp_gain":0.0,"max_hp_loss":5.0,"gold_gain":0.0,"event_name":"Golden Idol","player_choice":"Lose Max HP","floor":12.0,"gold_loss":0.0,"damage_taken":0.0,"relics_obtained":["Golden Idol"]},{"damage_healed":0,"gold_gain":0,"player_choice":"Fight","damage_taken":0,"max_hp_gain":0,"max_hp_loss":0,"event_name":"Colosseum","floor":20,"gold_loss":0}],"is_beta":false,"boss_relics":[{"not_picked":["Fusion Hammer","Runic Dome"],"picked":"Busted Crown"}],"items_purged_floors":[14,19],"is_endless":false,"potions_floor_spawned":[4,6,7,16],"killed_by":"Colosseum Slavers","ascension_level":5}