{"gold_per_floor":[111,125,125,136,136,170,170,182,205,220,220,31,31,51,51,153,153,168,168,168,11,28,28,44,44,44,79,91,91,104,121,121,226,226,243,259,272,286,306,306,337,337,386,386,405,405,405,422,422,422],"floor_reached":51,"playtime":5346,"items_purged":[],"score":1044,"play_id":"0d58d441-8cb5-439e-a4bb-ccbc5ab117f9","local_time":"20190405183309","is_ascension_mode":true,"campfire_choices":[{"floor":11.0,"key":"REST"},{"data":"Thinking Ahead","floor":13.0,"key":"SMITH"},{"floor":15.0,"key":"REST"},{"data":"Neutralize","floor":23.0,"key":"SMITH"},{"floor":25.0,"key":"REST"},{"data":"Dash","floor":29.0,"key":"SMITH"},{"data":"Noxious Fumes","floor":32.0,"key":"SMITH"},{"data":"Caltrops","floor":40.0,"key":"SMITH"},{"data":"Night Terror","floor":42.0,"key":"SMITH"},{"data":"Deep Breath","floor":46,"key":"SMITH"},{"data":"Dodge and Roll","floor":49,"key":"SMITH"}],"neow_cost":"PERCENT_DAMAGE","seed_source_timestamp":0,"circlet_count":0,"master_deck":["Defend_G+1","Defend_G+1","Defend_G+1","Defend_G+1","Defend_G+1","Strike_G+1","Survivor","Neutralize+1","The Bomb","Dramatic Entrance","PiercingWail","Noxious Fumes+1","Concentrate","Caltrops+1","Backstab","Backflip","Dodge and Roll+1","Thinking Ahead+1","Tools of the Trade","Tactician+1","Prepared+1","Leg Sweep+1","Cloak And Dagger","Necronomicurse","Tools of the Trade","Dash+1","Underhanded Strike","Adrenaline","Infinite Blades+1","Escape Plan+1","Night Terror+1","Deep Breath+1","Blind","Parasite","Reflex+1"],"special_seed":0,"relics":["Ring of the Snake","Oddly Smooth Stone","Lantern","Astrolabe","Necronomicon","Mercury Hourglass","Smiling Mask","Eternal Feather","Mummified Hand","Bronze Scales"],"potions_floor_usage":[50],"damage_taken":[{"damage":4.0,"enemies":"Cultist","floor":1.0,"turns":4.0},{"damage":0.0,"enemies":"2 Louse","floor":2.0,"turns":2.0},{"damage":1.0,"enemies":"Jaw Worm","floor":4.0,"turns":4.0},{"damage":36.0,"enemies":"Gremlin Nob","floor":6.0,"turns":5.0},{"damage":0.0,"enemies":"Looter","floor":8.0,"turns":4.0},{"damage":0.0,"enemies":"3 Louse","floor":10.0,"turns":3.0},{"damage":1.0,"enemies":"Gremlin Gang","floor":14.0,"turns":4.0},{"damage":6.0,"enemies":"Hexaghost","floor":16.0,"turns":13.0},{"damage":0.0,"enemies":"Shell Parasite","floor":18.0,"turns":8.0},{"damage":3.0,"enemies":"3 Byrds","floor":22.0,"turns":4.0},{"damage":9.0,"enemies":"Sentry and Sphere","floor":24.0,"turns":8.0},{"damage":0.0,"enemies":"Book of Stabbing","floor":27.0,"turns":7.0},{"damage":6.0,"enemies":"Snake Plant","floor":28.0,"turns":4.0},{"damage":1.0,"enemies":"Shelled Parasite and Fungi","floor":30.0,"turns":5.0},{"damage":0.0,"enemies":"Centurion and Healer","floor":31.0,"turns":6.0},{"damage":0.0,"enemies":"Collector","floor":33.0,"turns":8.0},{"damage":0.0,"enemies":"Orb Walker","floor":35.0,"turns":5.0},{"damage":0.0,"enemies":"3 Shapes","floor":36.0,"turns":3.0},{"damage":2.0,"enemies":"Sphere and 2 Shapes","floor":37.0,"turns":5.0},{"damage":4.0,"enemies":"Maw","floor":38.0,"turns":9.0},{"damage":1.0,"enemies":"4 Shapes","floor":39.0,"turns":3.0},{"damage":25.0,"enemies":"Reptomancer","floor":41.0,"turns":7.0},{"damage":10.0,"enemies":"Writhing Mass","floor":45.0,"turns":8.0},{"damage":0,"enemies":"Maw","floor":48,"turns":7},{"damage":57,"enemies":"Donu and Deca","floor":50,"turns":11}],"seed_played":"-3805613570282658227","potions_obtained":[{"floor":2.0,"key":"SteroidPotion"},{"floor":4.0,"key":"Fire Potion"},{"floor":8.0,"key":"Dexterity Potion"},{"floor":10.0,"key":"Block Potion"},{"floor":27.0,"key":"SteroidPotion"},{"floor":28.0,"key":"Block Potion"},{"floor":38.0,"key":"Swift Potion"},{"floor":39.0,"key":"SneckoOil"},{"floor":48,"key":"FearPotion"}],"is_trial":false,"path_per_floor":["M","M","?","M","?","E","?","M","T","M","R","$","R","M","R","B",null,"M","?","?","$","M","R","M","R","T","E","M","R","M","M","R","B",null,"M","M","M","M","M","R","E","R","T","?","M","R","?","M","R","B",null],"character_chosen":"THE_SILENT","items_purchased":["Thinking Ahead","Tools of the Trade"],"campfire_rested":3,"item_purchase_floors":[12,21],"current_hp_per_floor":[41,41,41,40,40,4,4,4,4,4,25,25,25,24,45,39,62,62,62,46,46,43,43,34,55,55,55,49,49,48,48,48,48,65,65,65,63,59,58,70,45,63,63,53,43,61,61,61,70,13],"gold":422,"neow_bonus":"RANDOM_COLORLESS_2","is_prod":false,"is_daily":false,"chose_seed":false,"campfire_upgraded":8,"win_rate":0,"timestamp":1554514389,"path_taken":["M","M","?","M","?","E","?","M","T","M","R","$","R","M","R","BOSS","M","?","?","$","M","R","M","R","T","E","M","R","M","M","R","BOSS","M","M","M","M","M","R","E","R","T","?","M","R","?","M","R","BOSS"],"build_version":"2019-01-23","purchased_purges":0,"victory":true,"max_hp_per_floor":[70,70,70,70,70,70,70,70,70,70,70,70,70,70,70,70,70,70,70,70,70,70,70,70,70,70,70,70,70,70,70,70,70,70,70,70,70,70,70,70,70,70,70,70,70,70,70,70,70,70],"card_choices":[{"not_picked":["Dagger Spray","Eviscerate"],"picked":"PiercingWail","floor":1.0},{"not_picked":["Backflip","Catalyst"],"picked":"Noxious Fumes","floor":2.0},{"not_picked":["Dagger Throw","Poisoned Stab"],"picked":"Caltrops","floor":4.0},{"not_picked":["Caltrops","Dagger Throw"],"picked":"Backstab","floor":6.0},{"not_picked":["Dodge and Roll","Quick Slash"],"picked":"Backflip","floor":8.0},{"not_picked":["Flying Knee","Terror"],"picked":"Dodge and Roll","floor":10.0},{"not_picked":["Acrobatics","PiercingWail","Riddle With Holes"],"picked":"SKIP","floor":14.0},{"not_picked":["Doppelganger","Phantasmal Killer"],"picked":"Tools of the Trade","floor":16.0},{"not_picked":["Finisher","Flying Knee"],"picked":"Cloak And Dagger","floor":18.0},{"not_picked":["Dagger Throw+1","Outmaneuver+1","Deadly Poison+1"],"picked":"SKIP","floor":22.0},{"not_picked":["Masterful Stab","Bane"],"picked":"Dash","floor":24.0},{"not_picked":["Flying Knee","Night Terror"],"picked":"Underhanded Strike","floor":27.0},{"not_picked":["Distraction","Bane","Flying Knee"],"picked":"SKIP","floor":28.0},{"not_picked":["Deadly Poison","Blade Dance+1","Outmaneuver"],"picked":"SKIP","floor":30.0},{"not_picked":["Heel Hook","Prepared","Blade Dance"],"picked":"SKIP","floor":31.0},{"not_picked":["Tools of the Trade","Venomology"],"picked":"Adrenaline","floor":33.0},{"not_picked":["Setup+1","Slice+1"],"picked":"Infinite Blades+1","floor":35.0},{"not_picked":["Sucker Punch","Bane","Endless Agony"],"picked":"SKIP","floor":36.0},{"not_picked":["Distraction+1","Terror+1"],"picked":"Escape Plan+1","floor":37.0},{"not_picked":["Dodge and Roll","Flying Knee","Noxious Fumes"],"picked":"SKIP","floor":38.0},{"not_picked":["Glass Knife","Flechettes+1","Blade Dance"],"picked":"SKIP","floor":39.0},{"not_picked":["Slice+1","Dagger Throw"],"picked":"Night Terror","floor":41.0},{"not_picked":["The Bomb","Purity"],"picked":"Deep Breath","floor":44.0},{"not_picked":["Impatience","The Bomb"],"picked":"Blind","floor":44.0},{"not_picked":["Dagger Spray","Crippling Poison","Endless Agony"],"picked":"SKIP","floor":45},{"not_picked":["Dagger Spray","PiercingWail"],"picked":"Reflex+1","floor":48}],"player_experience":250135,"relics_obtained":[{"floor":6.0,"key":"Oddly Smooth Stone"},{"floor":9.0,"key":"Lantern"},{"floor":20.0,"key":"Necronomicon"},{"floor":26.0,"key":"Mercury Hourglass"},{"floor":27.0,"key":"Smiling Mask"},{"floor":41.0,"key":"Mummified Hand"},{"floor":43.0,"key":"Bronze Scales"}],"event_choices":[{"damage_healed":0.0,"max_hp_gain":0.0,"max_hp_loss":0.0,"gold_gain":0.0,"cards_transformed":["Strike_G"],"event_name":"Living Wall","player_choice":"Change","floor":3.0,"gold_loss":0.0,"damage_taken":0.0,"cards_obtained":["Concentrate"]},{"damage_healed":0.0,"max_hp_gain":0.0,"max_hp_loss":0.0,"gold_gain":0.0,"event_name":"Liars Game","player_choice":"Ignored","floor":5.0,"gold_loss":0.0,"damage_taken":0.0},{"damage_healed":0.0,"max_hp_gain":0.0,"max_hp_loss":0.0,"gold_gain":0.0,"event_name":"Shining Light","player_choice":"Ignored","floor":7.0,"gold_loss":0.0,"damage_taken":0.0},{"damage_healed":0.0,"max_hp_gain":0.0,"max_hp_loss":0.0,"gold_gain":0.0,"event_name":"Back to Basics","player_choice":"Simplicity","floor":19.0,"gold_loss":0.0,"damage_taken":0.0,"cards_upgraded":["Defend_G","Defend_G","Defend_G","Defend_G","Defend_G","Strike_G"]},{"damage_healed":0.0,"max_hp_gain":0.0,"max_hp_loss":0.0,"gold_gain":0.0,"event_name":"Cursed Tome","player_choice":"Obtained Book","floor":20.0,"gold_loss":0.0,"damage_taken":16.0},{"damage_healed":0.0,"max_hp_gain":0.0,"max_hp_loss":0.0,"gold_gain":0.0,"event_name":"SensoryStone","player_choice":"Memory 3","floor":44.0,"gold_loss":0.0,"damage_taken":10.0},{"damage_healed":0,"gold_gain":0,"player_choice":"Leave","damage_taken":0,"max_hp_gain":0,"max_hp_loss":0,"event_name":"FaceTrader","floor":47,"gold_loss":0}],"is_beta":false,"boss_relics":[{"not_picked":["Cursed Key","Orrery"],"picked":"Astrolabe"},{"not_picked":["Fusion Hammer","Busted Crown"],"picked":"Eternal Feather"}],"items_purged_floors":[],"is_endless":false,"potions_floor_spawned":[2,4,8,10,14,27,28,33,38,39,48],"ascension_level":8}