{"gold_per_floor":[113,113,38,57,57,75,75,100,125,125,149,149,169,198,198,299,299,310,62,62,62,74,74,104,104,128,3,33,44,44,73,73,174,174,185,197,208,0,0,0,0,14,63,95,95,114,114,139,139,139],"floor_reached":51,"playtime":1556,"items_purged":["Strike_B","Strike_B","Strike_B"],"score":1043,"play_id":"8a650d4d-2049-4690-9d80-9108081b286f","local_time":"20181004223400","is_ascension_mode":true,"campfire_choices":[{"floor":7,"key":"REST"},{"data":"Dualcast","floor":10,"key":"SMITH"},{"data":"Loop","floor":12,"key":"SMITH"},{"data":"Cold Snap","floor":15,"key":"SMITH"},{"data":"Chill","floor":23,"key":"SMITH"},{"floor":32,"key":"REST"},{"data":"Fission","floor":40,"key":"SMITH"},{"data":"Electrodynamics","floor":45,"key":"SMITH"},{"data":"Echo Form","floor":47,"key":"SMITH"},{"floor":49,"key":"REST"}],"neow_cost":"NONE","seed_source_timestamp":1907958075543160,"circlet_count":0,"master_deck":["Strike_B","Defend_B","Defend_B","Defend_B","Defend_B+1","Zap+1","Dualcast+1","Loop+1","FTL","Cold Snap+1","Doom and Gloom","Cold Snap","Electrodynamics+1","Ball Lightning","Chill+1","Ball Lightning","Glacier+1","Redo+1","Compile Driver","Cold Snap+1","Compile Driver+1","Fission+1","Seek","Conserve Battery+1","Redo+1","Reinforced Body+1","Go for the Eyes+1","Echo Form+1"],"relics":["Cracked Core","PreservedInsect","DataDisk","Lantern","Art of War","Happy Flower","Orrery","Bronze Scales","Bag of Preparation","Orichalcum","MutagenicStrength","War Paint","Anchor","Enchiridion","Mummified Hand","Nuclear Battery","Red Mask","Toxic Egg 2","Oddly Smooth Stone","Pear","Ice Cream"],"potions_floor_usage":[8,22,50,50,50],"damage_taken":[{"damage":3,"enemies":"Small Slimes","floor":1,"turns":3},{"damage":10,"enemies":"2 Louse","floor":4,"turns":2},{"damage":3,"enemies":"Jaw Worm","floor":6,"turns":4},{"damage":9,"enemies":"Lagavulin","floor":8,"turns":5},{"damage":3,"enemies":"Looter","floor":13,"turns":2},{"damage":5,"enemies":"Gremlin Nob","floor":14,"turns":3},{"damage":12,"enemies":"The Guardian","floor":16,"turns":8},{"damage":0,"enemies":"Spheric Guardian","floor":18,"turns":2},{"damage":0,"enemies":"Shell Parasite","floor":22,"turns":3},{"damage":8,"enemies":"Book of Stabbing","floor":24,"turns":5},{"damage":0,"enemies":"Gremlin Leader","floor":28,"turns":2},{"damage":0,"enemies":"Cultist and Chosen","floor":29,"turns":3},{"damage":0,"enemies":"Book of Stabbing","floor":31,"turns":3},{"damage":33,"enemies":"Champ","floor":33,"turns":7},{"damage":0,"enemies":"3 Shapes","floor":35,"turns":1},{"damage":0,"enemies":"3 Darklings","floor":36,"turns":3},{"damage":0,"enemies":"Spire Growth","floor":37,"turns":3},{"damage":15,"enemies":"Maw","floor":42,"turns":8},{"damage":0,"enemies":"2 Orb Walkers","floor":44,"turns":2},{"damage":0,"enemies":"Sphere and 2 Shapes","floor":46,"turns":1},{"damage":23,"enemies":"Giant Head","floor":48,"turns":7},{"damage":14,"enemies":"Time Eater","floor":50,"turns":7}],"seed_played":"-3618958973388470515","potions_obtained":[{"floor":4,"key":"SkillPotion"},{"floor":6,"key":"Ancient Potion"},{"floor":8,"key":"LiquidBronze"},{"floor":14,"key":"Block Potion"},{"floor":18,"key":"Swift Potion"},{"floor":22,"key":"FocusPotion"}],"is_trial":false,"path_per_floor":["M","?","$","M","?","M","R","E","T","R","T","R","M","E","R","B",null,"M","$","?","?","M","R","E","?","T","$","E","M","?","E","R","B",null,"M","M","M","?","?","R","$","M","T","E","R","M","R","E","R","B"],"character_chosen":"DEFECT","items_purchased":["Bronze Scales"],"campfire_rested":3,"item_purchase_floors":[19],"current_hp_per_floor":[72,60,60,50,50,47,69,60,60,60,60,60,57,52,52,40,66,66,66,66,66,66,66,58,58,58,58,58,58,42,42,64,31,64,64,64,64,64,64,64,64,49,49,59,59,59,59,36,61,47],"gold":139,"neow_bonus":"UPGRADE_CARD","is_prod":false,"is_daily":false,"chose_seed":false,"campfire_upgraded":7,"win_rate":0,"timestamp":1538685240,"path_taken":["M","?","$","M","?","M","R","E","T","R","?","R","M","E","R","BOSS","M","$","?","?","M","R","E","?","T","$","E","?","?","E","R","BOSS","M","M","M","?","?","R","?","M","T","E","R","M","R","E","R","BOSS"],"build_version":"2018-09-27","purchased_purges":3,"victory":true,"max_hp_per_floor":[75,75,75,75,75,75,75,75,75,75,75,75,75,75,75,75,75,75,75,75,75,75,75,75,75,75,75,75,75,75,75,75,75,75,75,75,75,75,75,75,75,75,75,85,85,85,85,85,85,85],"card_choices":[{"not_picked":["Gash","Sweeping Beam"],"picked":"Loop","floor":1},{"not_picked":["Hologram","Barrage","Redo"],"picked":"SKIP","floor":4},{"not_picked":["Storm","Recycle"],"picked":"FTL","floor":6},{"not_picked":["Ball Lightning","Fusion"],"picked":"Cold Snap","floor":8},{"not_picked":["Static Discharge","Stack"],"picked":"Doom and Gloom","floor":13},{"not_picked":["Heatsinks","Conserve Battery"],"picked":"Cold Snap","floor":14},{"not_picked":["All For One","Echo Form"],"picked":"Electrodynamics","floor":16},{"not_picked":["Coolheaded","Skim"],"picked":"Ball Lightning","floor":17},{"not_picked":["Sweeping Beam","Cold Snap"],"picked":"Chill","floor":17},{"not_picked":["Heatsinks","Skim"],"picked":"Ball Lightning","floor":17},{"not_picked":["Turbo","Streamline+1"],"picked":"Glacier","floor":18},{"not_picked":["Rebound","Darkness"],"picked":"Redo+1","floor":22},{"not_picked":["Hologram","Amplify"],"picked":"Compile Driver","floor":24},{"not_picked":["Consume","Self Repair"],"picked":"Cold Snap+1","floor":28},{"not_picked":["Go for the Eyes","Hologram"],"picked":"Compile Driver+1","floor":29},{"not_picked":["Cold Snap","Coolheaded+1"],"picked":"Fission","floor":31},{"not_picked":["Biased Cognition","Fission"],"picked":"Seek","floor":33},{"not_picked":["Turbo","Beam Cell"],"picked":"Conserve Battery+1","floor":35},{"not_picked":["Leap+1","Blizzard","Sweeping Beam"],"picked":"SKIP","floor":36},{"not_picked":["Lockon+1","Ball Lightning+1"],"picked":"Redo+1","floor":37},{"not_picked":["Steam+1","Turbo+1"],"picked":"Reinforced Body+1","floor":42},{"not_picked":["Auto Shields+1","Ball Lightning"],"picked":"Go for the Eyes+1","floor":44},{"not_picked":["Go for the Eyes+1","Compile Driver+1"],"picked":"Echo Form","floor":46},{"not_picked":["Rebound","Melter","Reinforced Body+1"],"picked":"SKIP","floor":48}],"player_experience":145795,"relics_obtained":[{"floor":8,"key":"DataDisk"},{"floor":9,"key":"Lantern"},{"floor":11,"key":"Art of War"},{"floor":14,"key":"Happy Flower"},{"floor":24,"key":"Orichalcum"},{"floor":26,"key":"War Paint"},{"floor":28,"key":"Anchor"},{"floor":30,"key":"Enchiridion"},{"floor":31,"key":"Mummified Hand"},{"floor":39,"key":"Toxic Egg 2"},{"floor":43,"key":"Oddly Smooth Stone"},{"floor":44,"key":"Pear"},{"floor":48,"key":"Ice Cream"}],"event_choices":[{"event_name":"Scrap Ooze","player_choice":"success","floor":2,"damage_taken":12},{"event_name":"Liars Game","player_choice":"disagreed","floor":5,"damage_taken":0},{"event_name":"The Mausoleum","player_choice":"Yes","floor":20,"damage_taken":0},{"event_name":"The Woman in Blue","player_choice":"Bought 0 Potions","floor":21,"damage_taken":0},{"event_name":"Drug Dealer","player_choice":"Inject Mutagens","floor":25,"damage_taken":0},{"event_name":"Cursed Tome","player_choice":"Obtained Book","floor":30,"damage_taken":0},{"event_name":"Tomb of Lord Red Mask","player_choice":"Paid","floor":38,"damage_taken":0},{"event_name":"Wheel of Change","player_choice":"Relic","floor":39,"damage_taken":0}],"is_beta":false,"boss_relics":[{"not_picked":["Busted Crown","Pandora\u0027s Box"],"picked":"Orrery"},{"not_picked":["Runic Pyramid","Velvet Choker"],"picked":"Nuclear Battery"}],"items_purged_floors":[3,19,27],"is_endless":false,"potions_floor_spawned":[4,6,8,14,18,22,29,35,46,48],"ascension_level":5}