{"gold_per_floor":[363,15,30,41,52,52,82,82,82,107,119,119],"floor_reached":12,"playtime":557,"items_purged":["Normality"],"score":99,"play_id":"d70d84dc-b2d4-4b42-ad02-b309cd648e1d","local_time":"20181025113646","is_ascension_mode":true,"campfire_choices":[{"data":"Creative AI","floor":6,"key":"SMITH"},{"data":"Metamorphosis","floor":8,"key":"SMITH"}],"neow_cost":"CURSE","seed_source_timestamp":130595765494964,"circlet_count":0,"master_deck":["Strike_B","Strike_B","Strike_B","Strike_B","Defend_B","Defend_B","Defend_B","Defend_B","Zap","Dualcast","Cold Snap","Capacitor","Metamorphosis+1","Melter","Rebound","Streamline","Creative AI+1","Force Field","Heatsinks"],"relics":["Cracked Core","Mummified Hand","Gambling Chip","Ginger"],"potions_floor_usage":[5],"damage_taken":[{"damage":1,"enemies":"Cultist","floor":1,"turns":3},{"damage":0,"enemies":"Jaw Worm","floor":3,"turns":3},{"damage":5,"enemies":"2 Louse","floor":4,"turns":2},{"damage":12,"enemies":"Lots of Slimes","floor":5,"turns":3},{"damage":34,"enemies":"3 Sentries","floor":7,"turns":6},{"damage":12,"enemies":"Gremlin Nob","floor":10,"turns":3},{"damage":6,"enemies":"2 Fungi Beasts","floor":11,"turns":3},{"damage":7,"enemies":"Exordium Thugs","floor":12,"turns":1}],"seed_played":"7397088732229218998","potions_obtained":[{"floor":1,"key":"Fire Potion"},{"floor":11,"key":"FocusPotion"}],"is_trial":false,"path_per_floor":["M","$","M","M","M","R","E","R","T","E","M"],"character_chosen":"DEFECT","items_purchased":["Capacitor","Metamorphosis","Melter"],"campfire_rested":0,"item_purchase_floors":[2,2,2],"current_hp_per_floor":[74,74,74,69,57,57,23,23,23,11,5,0],"gold":119,"neow_bonus":"TWO_FIFTY_GOLD","is_prod":false,"is_daily":false,"chose_seed":false,"campfire_upgraded":2,"win_rate":0,"timestamp":1540485406,"path_taken":["M","?","M","?","M","R","E","R","T","E","M","M"],"build_version":"2018-10-18","purchased_purges":1,"victory":false,"max_hp_per_floor":[75,75,75,75,75,75,75,75,75,75,75,75],"card_choices":[{"not_picked":["BootSequence","Redo"],"picked":"Cold Snap","floor":1},{"not_picked":["Self Repair","Compile Driver"],"picked":"Rebound","floor":3},{"not_picked":["Skim","Sweeping Beam"],"picked":"Streamline","floor":4},{"not_picked":["Coolheaded","Aggregate"],"picked":"Creative AI","floor":5},{"not_picked":["Go for the Eyes","Steam"],"picked":"Force Field","floor":7},{"not_picked":["Sunder","Undo","Rip and Tear"],"picked":"SKIP","floor":10},{"not_picked":["Sweeping Beam","Cold Snap"],"picked":"Heatsinks","floor":11}],"player_experience":195792,"relics_obtained":[{"floor":7,"key":"Mummified Hand"},{"floor":9,"key":"Gambling Chip"},{"floor":10,"key":"Ginger"}],"event_choices":[],"is_beta":false,"boss_relics":[],"items_purged_floors":[2],"is_endless":false,"potions_floor_spawned":[1,11],"killed_by":"Exordium Thugs","ascension_level":2}