{"gold_per_floor":[116,131,131,146,159,188,205,237,288,313,313,20,20,40,40,40],"floor_reached":16,"playtime":751,"items_purged":["Strike_G"],"score":189,"play_id":"4d857ea4-41b4-43c4-96bf-bf6cd7cfea87","local_time":"20190330153520","is_ascension_mode":true,"campfire_choices":[{"data":"Neutralize","floor":15,"key":"SMITH"}],"neow_cost":"NONE","seed_source_timestamp":1737373818717,"circlet_count":0,"master_deck":["AscendersBane","Defend_G","Defend_G","Defend_G","Defend_G","Defend_G","Strike_G","Strike_G","Survivor","Neutralize+1","Cloak And Dagger","Dagger Throw","Glass Knife","Dodge and Roll","Expertise","Escape Plan","Deflect","Cloak And Dagger","Tools of the Trade","Blur","Sucker Punch"],"relics":["Coffee Dripper","Happy Flower","Dodecahedron","Blood Vial","Paper Crane"],"potions_floor_usage":[6,6,10,16,16],"damage_taken":[{"damage":0,"enemies":"Cultist","floor":1,"turns":4},{"damage":0,"enemies":"2 Louse","floor":2,"turns":4},{"damage":0,"enemies":"Jaw Worm","floor":4,"turns":3},{"damage":18,"enemies":"Exordium Wildlife","floor":5,"turns":5},{"damage":18,"enemies":"Gremlin Nob","floor":6,"turns":5},{"damage":0,"enemies":"2 Fungi Beasts","floor":7,"turns":4},{"damage":7,"enemies":"3 Sentries","floor":8,"turns":10},{"damage":12,"enemies":"Lagavulin","floor":10,"turns":8},{"damage":0,"enemies":"Red Slaver","floor":14,"turns":5},{"damage":19,"enemies":"The Guardian","floor":16,"turns":2}],"seed_played":"-3717816477307774863","potions_obtained":[{"floor":1,"key":"Poison Potion"},{"floor":5,"key":"GamblersBrew"},{"floor":6,"key":"Fire Potion"},{"floor":10,"key":"Explosive Potion"},{"floor":14,"key":"Explosive Potion"}],"is_trial":false,"path_per_floor":["M","M","?","M","M","E","M","E","T","E","?","$","?","M","R","B"],"character_chosen":"THE_SILENT","items_purchased":["Tools of the Trade","Blur"],"campfire_rested":0,"item_purchase_floors":[12,12],"current_hp_per_floor":[63,63,63,63,45,27,27,20,20,10,3,3,3,5,5,0],"gold":40,"neow_bonus":"BOSS_RELIC","is_prod":false,"is_daily":false,"chose_seed":false,"campfire_upgraded":1,"win_rate":0,"timestamp":1553985320,"path_taken":["M","M","?","M","M","E","?","E","T","E","?","$","?","?","R","BOSS"],"build_version":"2019-01-23","purchased_purges":1,"victory":false,"max_hp_per_floor":[70,70,70,70,70,70,70,70,70,70,70,70,70,70,70,70],"card_choices":[{"not_picked":["Choke","Concentrate"],"picked":"Cloak And Dagger","floor":1},{"not_picked":["Skewer","Dodge and Roll"],"picked":"Dagger Throw","floor":2},{"not_picked":["Prepared","Setup"],"picked":"Dodge and Roll","floor":4},{"not_picked":["All Out Attack","Deadly Poison"],"picked":"Expertise","floor":5},{"not_picked":["Doppelganger","Blade Dance"],"picked":"Escape Plan","floor":6},{"not_picked":["Prepared","Acrobatics","Dagger Spray"],"picked":"SKIP","floor":7},{"not_picked":["Bouncing Flask","Underhanded Strike"],"picked":"Deflect","floor":8},{"not_picked":["Underhanded Strike","Caltrops"],"picked":"Cloak And Dagger","floor":10},{"not_picked":["Prepared","Grand Finale"],"picked":"Sucker Punch","floor":14}],"player_experience":300224,"relics_obtained":[{"floor":6,"key":"Happy Flower"},{"floor":8,"key":"Dodecahedron"},{"floor":9,"key":"Blood Vial"},{"floor":10,"key":"Paper Crane"}],"event_choices":[{"damage_healed":0,"gold_gain":0,"cards_transformed":["Strike_G"],"player_choice":"Transformed","damage_taken":0,"max_hp_gain":0,"max_hp_loss":0,"event_name":"Transmorgrifier","floor":3,"gold_loss":0,"cards_obtained":["Glass Knife"]},{"cards_removed":["Strike_G"],"damage_healed":0,"gold_gain":0,"player_choice":"Card Removal","damage_taken":7,"max_hp_gain":0,"max_hp_loss":0,"event_name":"Golden Wing","floor":11,"gold_loss":0},{"damage_healed":0,"gold_gain":0,"player_choice":"Leave","damage_taken":0,"max_hp_gain":0,"max_hp_loss":0,"event_name":"The Cleric","floor":13,"gold_loss":0}],"is_beta":false,"boss_relics":[],"items_purged_floors":[12],"is_endless":false,"potions_floor_spawned":[1,5,6,10,14],"killed_by":"The Guardian","ascension_level":11}