{"gold_per_floor":[116,116,135,147,117,117,192,192,264,282,282,25,51,51,51,51],"floor_reached":16,"playtime":1008,"items_purged":[],"score":98,"play_id":"91082d21-5688-4e59-9803-59080c5d8dd3","local_time":"20190409082139","is_ascension_mode":false,"campfire_choices":[{"data":"Burst","floor":6,"key":"SMITH"},{"floor":8,"key":"RECALL"},{"data":"Flying Knee","floor":11,"key":"SMITH"},{"floor":15,"key":"REST"}],"neow_cost":"NONE","seed_source_timestamp":6822970084951780,"circlet_count":0,"master_deck":["Defend_G","Defend_G","Defend_G","Defend_G","Strike_G","Strike_G","Strike_G","Strike_G","Strike_G","Survivor","Neutralize","Wraith Form v2","Reflex","Burst+1","Flying Knee+1","Well Laid Plans","Prepared"],"relics":["Ring of the Snake","Bottled Flame","Gremlin Horn","Snake Skull"],"potions_floor_usage":[16,16],"damage_taken":[{"damage":1,"enemies":"Cultist","floor":1,"turns":4},{"damage":0,"enemies":"2 Louse","floor":3,"turns":3},{"damage":8,"enemies":"Jaw Worm","floor":4,"turns":4},{"damage":5,"enemies":"Looter","floor":5,"turns":4},{"damage":0,"enemies":"Exordium Wildlife","floor":10,"turns":5},{"damage":32,"enemies":"Lagavulin","floor":13,"turns":9},{"damage":31,"enemies":"Slime Boss","floor":16,"turns":8}],"seed_played":"-7713276049098332734","potions_obtained":[{"floor":1,"key":"Dexterity Potion"},{"floor":13,"key":"LiquidBronze"}],"is_trial":false,"path_per_floor":["M","?","M","M","M","R","?","R","T","M","R","$","E","$","R","B"],"character_chosen":"THE_SILENT","items_purchased":["Gremlin Horn"],"campfire_rested":1,"item_purchase_floors":[12],"current_hp_per_floor":[69,69,69,61,56,56,45,45,45,45,45,45,13,13,34,3],"gold":51,"neow_bonus":"ONE_RANDOM_RARE_CARD","is_prod":false,"is_daily":false,"chose_seed":false,"campfire_upgraded":2,"win_rate":0,"timestamp":1554812499,"path_taken":["M","?","?","M","M","R","?","R","T","M","R","$","E","?","R","BOSS"],"build_version":"2019-01-23","purchased_purges":0,"victory":false,"max_hp_per_floor":[70,70,70,70,70,70,70,70,70,70,70,70,70,70,70,70],"card_choices":[{"not_picked":["Deflect","Acrobatics"],"picked":"Reflex","floor":1},{"not_picked":["PiercingWail","Cloak And Dagger","Quick Slash"],"picked":"SKIP","floor":3},{"not_picked":["Bane","Skewer"],"picked":"Flying Knee","floor":4},{"not_picked":["Blur","Sucker Punch","Concentrate"],"picked":"SKIP","floor":5},{"not_picked":["Dagger Spray","Deflect"],"picked":"Well Laid Plans","floor":10},{"not_picked":["Underhanded Strike","Crippling Poison"],"picked":"Prepared","floor":13}],"player_experience":254199,"relics_obtained":[{"floor":9,"key":"Bottled Flame"},{"floor":13,"key":"Snake Skull"}],"event_choices":[{"damage_healed":0,"gold_gain":0,"cards_transformed":["Defend_G"],"player_choice":"Transformed","damage_taken":0,"max_hp_gain":0,"max_hp_loss":0,"event_name":"Transmorgrifier","floor":2,"gold_loss":0,"cards_obtained":["Burst"]},{"damage_healed":0,"gold_gain":75,"player_choice":"Gather Gold","damage_taken":11,"max_hp_gain":0,"max_hp_loss":0,"event_name":"World of Goop","floor":7,"gold_loss":0}],"is_beta":false,"boss_relics":[],"items_purged_floors":[],"is_endless":false,"potions_floor_spawned":[1,13],"killed_by":"Slime Boss","ascension_level":0}