{"gold_per_floor":[119,137,153,153,168,198,198,223,223,243,243,203,236,247,247,350,350,363,363,382,382,400,432,170,170,170,201,6,6,34,52,52,154,154,173,70,86,54,64,64,4,4,86,86,116,116,132,144,144,144],"floor_reached":51,"playtime":6414,"items_purged":[],"score":1193,"play_id":"5f662311-2438-4275-81e4-7c3380c7a4fb","local_time":"20190412221716","is_ascension_mode":true,"campfire_choices":[{"floor":7.0,"key":"REST"},{"floor":11.0,"key":"REST"},{"data":"Cloak And Dagger","floor":15.0,"key":"SMITH"},{"data":"Noxious Fumes","floor":25.0,"key":"SMITH"},{"data":"Well Laid Plans","floor":29.0,"key":"SMITH"},{"floor":32.0,"key":"REST"},{"floor":40.0,"key":"REST"},{"floor":42.0,"key":"REST"},{"data":"After Image","floor":44.0,"key":"SMITH"},{"floor":46.0,"key":"REST"},{"floor":49.0,"key":"REST"}],"neow_cost":"NONE","seed_source_timestamp":183389287123700,"circlet_count":0,"master_deck":["AscendersBane","Survivor","Neutralize","Dash","Backstab","Slice","Dagger Spray","Deflect","Cloak And Dagger+1","Blade Dance+1","Noxious Fumes","Backflip","Corpse Explosion","Cloak And Dagger","Choke","A Thousand Cuts","After Image+1","Bane","Infinite Blades","Bullet Time","Masterful Stab","Noxious Fumes+1","Dodge and Roll+1","Endless Agony","Footwork","Well Laid Plans+1","PiercingWail+1","Blur","PiercingWail","Night Terror","Burst","Footwork","Prepared+1","Well Laid Plans","Calculated Gamble","Expertise+1","PiercingWail","Backflip"],"special_seed":0,"relics":["Ring of the Snake","Orichalcum","Oddly Smooth Stone","Boot","Centennial Puzzle","Pantograph","Pandora\u0027s Box","Shuriken","Snake Skull","Ancient Tea Set","Dream Catcher","War Paint","The Courier","HoveringKite","Ornamental Fan","Kunai","PreservedInsect"],"potions_floor_usage":[],"damage_taken":[{"damage":6.0,"enemies":"Small Slimes","floor":1.0,"turns":4.0},{"damage":2.0,"enemies":"2 Louse","floor":2.0,"turns":4.0},{"damage":0.0,"enemies":"Cultist","floor":3.0,"turns":3.0},{"damage":3.0,"enemies":"Exordium Wildlife","floor":5.0,"turns":6.0},{"damage":27.0,"enemies":"3 Sentries","floor":6.0,"turns":9.0},{"damage":24.0,"enemies":"Lagavulin","floor":8.0,"turns":8.0},{"damage":0.0,"enemies":"Lots of Slimes","floor":10.0,"turns":2.0},{"damage":4.0,"enemies":"3 Sentries","floor":13.0,"turns":4.0},{"damage":0.0,"enemies":"Blue Slaver","floor":14.0,"turns":2.0},{"damage":9.0,"enemies":"The Guardian","floor":16.0,"turns":14.0},{"damage":0.0,"enemies":"3 Byrds","floor":18.0,"turns":3.0},{"damage":0.0,"enemies":"Chosen","floor":20.0,"turns":4.0},{"damage":4.0,"enemies":"Shelled Parasite and Fungi","floor":22.0,"turns":6.0},{"damage":13.0,"enemies":"Book of Stabbing","floor":23.0,"turns":5.0},{"damage":0.0,"enemies":"Gremlin Leader","floor":27.0,"turns":4.0},{"damage":16.0,"enemies":"Book of Stabbing","floor":30.0,"turns":5.0},{"damage":6.0,"enemies":"Snake Plant","floor":31.0,"turns":3.0},{"damage":9.0,"enemies":"Collector","floor":33.0,"turns":8.0},{"damage":12.0,"enemies":"3 Shapes","floor":35.0,"turns":6.0},{"damage":5.0,"enemies":"Orb Walker","floor":37.0,"turns":3.0},{"damage":42.0,"enemies":"Spire Growth","floor":39.0,"turns":6.0},{"damage":42.0,"enemies":"Giant Head","floor":45.0,"turns":14.0},{"damage":0.0,"enemies":"4 Shapes","floor":47.0,"turns":4.0},{"damage":6.0,"enemies":"Sphere and 2 Shapes","floor":48.0,"turns":8.0},{"damage":39,"enemies":"Awakened One","floor":50,"turns":19}],"seed_played":"-5039990248753917781","potions_obtained":[{"floor":1.0,"key":"GamblersBrew"},{"floor":2.0,"key":"Weak Potion"},{"floor":6.0,"key":"Swift Potion"},{"floor":12.0,"key":"GhostInAJar"},{"floor":12.0,"key":"Fire Potion"},{"floor":20.0,"key":"Weak Potion"},{"floor":22.0,"key":"Fire Potion"},{"floor":31.0,"key":"SkillPotion"},{"floor":39.0,"key":"Dexterity Potion"}],"is_trial":false,"path_per_floor":["M","M","M","?","M","E","R","E","T","M","R","?","E","M","R","B",null,"M","?","M","?","M","E","$","R","T","E","$","R","E","M","R","B",null,"M","$","M","$","M","R","?","R","T","R","E","R","M","M","R","B",null],"character_chosen":"THE_SILENT","items_purchased":["Snake Skull","Footwork","Fire Potion","PiercingWail","War Paint","GhostInAJar","AttackPotion","Footwork"],"campfire_rested":7,"item_purchase_floors":[24,24,24,28,28,36,36,38],"current_hp_per_floor":[57,55,55,55,52,25,46,22,22,22,43,43,39,39,39,55,66,66,66,66,70,66,53,53,53,53,53,53,53,37,31,52,61,68,56,56,51,51,9,30,30,51,51,51,9,30,30,24,45,31],"gold":144,"neow_bonus":"RANDOM_COMMON_RELIC","is_prod":false,"is_daily":false,"chose_seed":false,"campfire_upgraded":4,"win_rate":0,"timestamp":1555132636,"path_taken":["M","M","M","?","M","E","R","E","T","M","R","?","E","?","R","BOSS","M","?","?","?","M","E","$","R","T","E","$","R","E","M","R","BOSS","M","$","M","$","?","R","?","R","T","R","E","R","M","M","R","BOSS"],"build_version":"2019-01-23","purchased_purges":0,"victory":true,"max_hp_per_floor":[70,70,70,70,70,70,70,70,70,70,70,70,70,70,70,70,70,70,70,70,70,70,70,70,70,70,70,70,70,70,70,70,70,70,70,70,70,70,70,70,70,70,70,70,70,70,70,70,70,70],"card_choices":[{"not_picked":["Distraction","Prepared"],"picked":"Dash","floor":1.0},{"not_picked":["Backflip","Acrobatics"],"picked":"Backstab","floor":2.0},{"not_picked":["Dodge and Roll","Acrobatics"],"picked":"Slice","floor":3.0},{"not_picked":["Bouncing Flask","Noxious Fumes"],"picked":"Dagger Spray","floor":5.0},{"not_picked":["Slice","Dagger Spray"],"picked":"Deflect","floor":6.0},{"not_picked":["Expertise","Flechettes"],"picked":"Cloak And Dagger","floor":8.0},{"not_picked":["Reflex","Acrobatics"],"picked":"Blade Dance","floor":10.0},{"not_picked":["Well Laid Plans","Tools of the Trade"],"picked":"Noxious Fumes","floor":13.0},{"not_picked":["Flying Knee","Expertise"],"picked":"Backflip","floor":14.0},{"not_picked":["Unload","Bullet Time"],"picked":"Corpse Explosion","floor":16.0},{"not_picked":["Dagger Spray","Underhanded Strike","Choke"],"picked":"SKIP","floor":18.0},{"not_picked":["Flechettes","Outmaneuver+1"],"picked":"Dodge and Roll+1","floor":20.0},{"not_picked":["Reflex","Cloak And Dagger","Underhanded Strike"],"picked":"SKIP","floor":22.0},{"not_picked":["Prepared+1","Dagger Throw"],"picked":"Endless Agony","floor":23.0},{"not_picked":["Outmaneuver","Adrenaline"],"picked":"Well Laid Plans","floor":27.0},{"not_picked":["Underhanded Strike","Reflex"],"picked":"Blur","floor":30.0},{"not_picked":["Finisher","Prepared"],"picked":"PiercingWail","floor":31.0},{"not_picked":["Flying Knee","Distraction"],"picked":"Night Terror","floor":32.0},{"not_picked":["A Thousand Cuts","Glass Knife"],"picked":"Burst","floor":33.0},{"not_picked":["Acrobatics","Sucker Punch","Blade Dance"],"picked":"SKIP","floor":35.0},{"not_picked":["Bane+1","Corpse Explosion","Flying Knee+1"],"picked":"SKIP","floor":37.0},{"not_picked":["Dagger Spray","Choke"],"picked":"Prepared+1","floor":39.0},{"not_picked":["Bane","Dodge and Roll+1"],"picked":"Well Laid Plans","floor":40.0},{"not_picked":["Sucker Punch","Footwork+1"],"picked":"Calculated Gamble","floor":45.0},{"not_picked":["Heel Hook","Poisoned Stab"],"picked":"Expertise+1","floor":46.0},{"not_picked":["Dash","Dagger Spray","Expertise"],"picked":"SKIP","floor":47.0},{"not_picked":["Cloak And Dagger","Slice+1"],"picked":"PiercingWail","floor":48.0},{"not_picked":["Underhanded Strike","Unload"],"picked":"Backflip","floor":49.0}],"player_experience":792304,"relics_obtained":[{"floor":6.0,"key":"Oddly Smooth Stone"},{"floor":8.0,"key":"Boot"},{"floor":9.0,"key":"Centennial Puzzle"},{"floor":13.0,"key":"Pantograph"},{"floor":23.0,"key":"Shuriken"},{"floor":26.0,"key":"Ancient Tea Set"},{"floor":27.0,"key":"Dream Catcher"},{"floor":30.0,"key":"The Courier"},{"floor":43.0,"key":"Kunai"},{"floor":45.0,"key":"PreservedInsect"}],"event_choices":[{"damage_healed":0.0,"max_hp_gain":0.0,"max_hp_loss":0.0,"gold_gain":0.0,"event_name":"Shining Light","player_choice":"Ignored","floor":4.0,"gold_loss":0.0,"damage_taken":0.0},{"damage_healed":0.0,"max_hp_gain":0.0,"max_hp_loss":0.0,"gold_gain":0.0,"event_name":"The Woman in Blue","player_choice":"Bought 3 Potions","floor":12.0,"gold_loss":0.0,"damage_taken":0.0},{"damage_healed":0.0,"max_hp_gain":0.0,"max_hp_loss":0.0,"gold_gain":0.0,"cards_transformed":["Masterful Stab"],"event_name":"Transmorgrifier","player_choice":"Transformed","floor":19.0,"gold_loss":0.0,"damage_taken":0.0,"cards_obtained":["Noxious Fumes"]},{"cards_removed":["Riddle With Holes"],"damage_healed":4.0,"max_hp_gain":0.0,"max_hp_loss":0.0,"gold_gain":0.0,"event_name":"Bonfire Elementals","player_choice":"Offered Uncommon","floor":21.0,"gold_loss":0.0,"damage_taken":0.0},{"damage_healed":0.0,"max_hp_gain":0.0,"max_hp_loss":0.0,"gold_gain":0.0,"event_name":"WeMeetAgain","player_choice":"Paid Gold","floor":41.0,"gold_loss":60.0,"damage_taken":0.0,"relics_obtained":["Ornamental Fan"]}],"is_beta":false,"boss_relics":[{"not_picked":["Calling Bell","Busted Crown"],"picked":"Pandora\u0027s Box"},{"not_picked":["Velvet Choker","Snecko Eye"],"picked":"HoveringKite"}],"items_purged_floors":[],"is_endless":false,"potions_floor_spawned":[1,2,6,20,22,31,39],"ascension_level":12}