{"gold_per_floor":[112,128,147,222,222,252,310,310,310,310],"floor_reached":10,"playtime":290,"items_purged":[],"score":92,"play_id":"2bf4e972-c644-4481-9ab9-b6f2a47bc24d","local_time":"20190306222823","is_ascension_mode":true,"campfire_choices":[{"floor":8,"key":"REST"}],"neow_cost":"NONE","seed_source_timestamp":1306110768975248,"circlet_count":0,"master_deck":["Strike_B","Strike_B+1","Strike_B","Strike_B","Defend_B","Defend_B","Defend_B","Defend_B","Zap","Dualcast+1","Rainbow","Melter","Ball Lightning","Sweeping Beam","Coolheaded+1","Darkness+1"],"relics":["Cracked Core","Toxic Egg 2","Unceasing Top","Smiling Mask"],"potions_floor_usage":[7,10],"damage_taken":[{"damage":0,"enemies":"Cultist","floor":1,"turns":4},{"damage":0,"enemies":"2 Louse","floor":2,"turns":2},{"damage":0,"enemies":"Small Slimes","floor":3,"turns":2},{"damage":24,"enemies":"Gremlin Nob","floor":6,"turns":4},{"damage":7,"enemies":"3 Sentries","floor":7,"turns":9},{"damage":34,"enemies":"Lagavulin","floor":10,"turns":5}],"seed_played":"-9177292716428081957","potions_obtained":[{"floor":3,"key":"EssenceOfSteel"},{"floor":7,"key":"GamblersBrew"}],"is_trial":false,"path_per_floor":["M","M","M","?","?","E","?","R","T","E"],"character_chosen":"DEFECT","items_purchased":[],"campfire_rested":1,"item_purchase_floors":[],"current_hp_per_floor":[68,68,68,57,42,18,11,33,33,0],"gold":310,"neow_bonus":"ONE_RANDOM_RARE_CARD","is_prod":false,"is_daily":false,"chose_seed":false,"campfire_upgraded":0,"win_rate":0,"timestamp":1551907703,"path_taken":["M","?","M","?","?","E","?","R","T","E"],"build_version":"2019-01-23","purchased_purges":0,"victory":false,"max_hp_per_floor":[75,75,75,75,75,75,75,75,75,75],"card_choices":[{"not_picked":["Steam","Skim"],"picked":"Melter","floor":1},{"not_picked":["Compile Driver","Loop"],"picked":"Ball Lightning","floor":2},{"not_picked":["Storm","Sunder"],"picked":"Sweeping Beam","floor":3},{"not_picked":["Doom and Gloom","Consume"],"picked":"Coolheaded","floor":6},{"not_picked":["Reprogram+1","Beam Cell"],"picked":"Darkness+1","floor":7}],"player_experience":291429,"relics_obtained":[{"floor":6,"key":"Toxic Egg 2"},{"floor":7,"key":"Unceasing Top"},{"floor":9,"key":"Smiling Mask"}],"event_choices":[{"damage_healed":0,"gold_gain":75,"player_choice":"Gather Gold","damage_taken":11,"max_hp_gain":0,"max_hp_loss":0,"event_name":"World of Goop","floor":4,"gold_loss":0},{"damage_healed":0,"gold_gain":0,"player_choice":"Entered Light","damage_taken":15,"max_hp_gain":0,"max_hp_loss":0,"event_name":"Shining Light","floor":5,"gold_loss":0,"cards_upgraded":["Strike_B","Dualcast"]},{"damage_healed":0,"gold_gain":0,"player_choice":"Searched \u00271\u0027 times","damage_taken":0,"max_hp_gain":0,"max_hp_loss":0,"event_name":"Dead Adventurer","floor":7,"gold_loss":0}],"is_beta":false,"boss_relics":[],"items_purged_floors":[],"is_endless":false,"potions_floor_spawned":[3,7],"killed_by":"Lagavulin","ascension_level":8}