{"gold_per_floor":[118,118,132,132,147,147,178,161,188,198,198,212,212,270,270,368,368,384,384,384,384,402,402],"floor_reached":23,"playtime":3296,"items_purged":[],"score":248,"play_id":"b1812188-5d98-418e-98b5-7617cb13df80","local_time":"20190129154649","is_ascension_mode":true,"campfire_choices":[{"data":"Double Energy","floor":6,"key":"SMITH"},{"floor":11,"key":"REST"},{"data":"Chaos","floor":15,"key":"SMITH"}],"neow_cost":"NONE","seed_source_timestamp":2416127000482,"circlet_count":0,"master_deck":["Defend_B","Defend_B","Defend_B","Defend_B","Zap+1","Dualcast","Rip and Tear","Blizzard","Double Energy+1","Glacier","Cold Snap","Chaos+1","Meteor Strike","Echo Form","Redo+1","Darkness+1","Force Field+1","Storm"],"relics":["Cracked Core","NeowsBlessing","Regal Pillow","Bag of Preparation","Toxic Egg 2","Black Star"],"potions_floor_usage":[1,22],"damage_taken":[{"damage":0,"enemies":"Jaw Worm","floor":1,"turns":1},{"damage":0,"enemies":"2 Louse","floor":3,"turns":1},{"damage":0,"enemies":"Cultist","floor":5,"turns":1},{"damage":37,"enemies":"Lagavulin","floor":7,"turns":6},{"damage":21,"enemies":"Exordium Thugs","floor":8,"turns":4},{"damage":0,"enemies":"Blue Slaver","floor":10,"turns":4},{"damage":0,"enemies":"3 Louse","floor":12,"turns":3},{"damage":28,"enemies":"The Guardian","floor":16,"turns":15},{"damage":17,"enemies":"2 Thieves","floor":18,"turns":4},{"damage":21,"enemies":"Shell Parasite","floor":22,"turns":7},{"damage":29,"enemies":"Slavers","floor":23,"turns":1}],"seed_played":"2538165573737665119","potions_obtained":[{"floor":1,"key":"Fruit Juice"},{"floor":8,"key":"Fire Potion"},{"floor":16,"key":"Ancient Potion"},{"floor":18,"key":"Poison Potion"}],"is_trial":false,"path_per_floor":["M","?","M","?","M","R","E","M","T","M","R","M","T","?","R","B",null,"M","?","?","?","M","E"],"character_chosen":"DEFECT","items_purchased":[],"campfire_rested":1,"item_purchase_floors":[],"current_hp_per_floor":[73,73,73,73,73,73,36,15,15,15,54,54,54,54,54,26,67,50,50,50,50,29,0],"gold":402,"neow_bonus":"THREE_ENEMY_KILL","is_prod":false,"is_daily":false,"chose_seed":false,"campfire_upgraded":2,"win_rate":0,"timestamp":1548798409,"path_taken":["M","?","M","?","M","R","E","?","T","M","R","M","?","?","R","BOSS","M","?","?","?","M","E"],"build_version":"2019-01-23","purchased_purges":0,"victory":false,"max_hp_per_floor":[80,80,80,80,80,80,80,80,80,80,80,80,80,80,80,80,80,80,80,80,80,80,80],"card_choices":[{"not_picked":["Hologram","Cold Snap"],"picked":"Rip and Tear","floor":1},{"not_picked":["Compile Driver","Go for the Eyes"],"picked":"Blizzard","floor":3},{"not_picked":["Steam","Rebound"],"picked":"Double Energy","floor":5},{"not_picked":["Coolheaded","BootSequence"],"picked":"Glacier","floor":7},{"not_picked":["Coolheaded","Sweeping Beam"],"picked":"Cold Snap","floor":8},{"not_picked":["White Noise","Stack"],"picked":"Chaos","floor":10},{"not_picked":["Barrage","Double Energy"],"picked":"Meteor Strike","floor":12},{"not_picked":["All For One","Meteor Strike"],"picked":"Echo Form","floor":16},{"not_picked":["Genetic Algorithm+1","Rebound"],"picked":"Redo+1","floor":18},{"not_picked":["Rebound+1","BootSequence+1"],"picked":"Storm","floor":22}],"player_experience":373152,"relics_obtained":[{"floor":7,"key":"Regal Pillow"},{"floor":9,"key":"Bag of Preparation"},{"floor":13,"key":"Toxic Egg 2"}],"event_choices":[{"damage_healed":0,"gold_gain":0,"player_choice":"Grow","damage_taken":0,"max_hp_gain":0,"max_hp_loss":0,"event_name":"Living Wall","floor":2,"gold_loss":0,"cards_upgraded":["Zap"]},{"cards_removed":["Strike_B"],"damage_healed":0,"gold_gain":0,"player_choice":"Offered Basic","damage_taken":0,"max_hp_gain":0,"max_hp_loss":0,"event_name":"Bonfire Elementals","floor":4,"gold_loss":0},{"damage_healed":0,"gold_gain":58,"player_choice":"Gained Gold","damage_taken":0,"max_hp_gain":0,"max_hp_loss":0,"event_name":"Golden Wing","floor":14,"gold_loss":0},{"cards_removed":["Strike_B"],"damage_healed":0,"gold_gain":0,"player_choice":"Elegance","damage_taken":0,"max_hp_gain":0,"max_hp_loss":0,"event_name":"Back to Basics","floor":19,"gold_loss":0},{"damage_healed":0,"gold_gain":0,"player_choice":"Ignored","damage_taken":0,"max_hp_gain":0,"max_hp_loss":0,"event_name":"Vampires","floor":20,"gold_loss":0},{"damage_healed":0,"gold_gain":0,"cards_transformed":["Strike_B","Strike_B"],"player_choice":"Became Test Subject","damage_taken":0,"max_hp_gain":0,"max_hp_loss":0,"event_name":"Drug Dealer","floor":21,"gold_loss":0,"cards_obtained":["Darkness","Force Field"]}],"is_beta":false,"boss_relics":[{"not_picked":["Eternal Feather","Coffee Dripper"],"picked":"Black Star"}],"items_purged_floors":[],"is_endless":false,"potions_floor_spawned":[1,8,16,18],"killed_by":"Slavers","ascension_level":6}