{"gold_per_floor":[115,131,151,162,113,113,147,162,162,162,162,191,208,218,218,321,321,331,256,273,283,198,198,226,226,226,66,66,29,29,49,49,144,144,159,87,102,12,22,22,22,48,73,73,85,120,120,155,155,155],"floor_reached":51,"playtime":10278,"items_purged":["Strike_G"],"score":830,"play_id":"486836d4-86ed-4456-a51d-f37503b46364","local_time":"20190130183122","is_ascension_mode":true,"campfire_choices":[{"data":"Prepared","floor":6,"key":"SMITH"},{"floor":11,"key":"REST"},{"floor":15,"key":"REST"},{"data":"Noxious Fumes","floor":23,"key":"SMITH"},{"floor":25,"key":"DIG"},{"floor":32,"key":"DIG"},{"floor":40,"key":"DIG"},{"data":"Burst","floor":44,"key":"SMITH"},{"floor":47,"key":"DIG"},{"floor":49,"key":"REST"}],"neow_cost":"NONE","seed_source_timestamp":91654261594574,"circlet_count":0,"master_deck":["Defend_G","Defend_G","Defend_G+1","Defend_G","Defend_G+1","Strike_G+1","Survivor","Neutralize","Underhanded Strike","Prepared+1","Underhanded Strike","Predator","Flying Knee","Escape Plan","Backflip","Dodge and Roll","Noxious Fumes+1","Distraction","Venomology","Predator","Underhanded Strike+1","Escape Plan","Discovery","Infinite Blades+1","A Thousand Cuts+1","Underhanded Strike+1","After Image+1","Tactician","Expertise","Burst+1","Well Laid Plans+1"],"relics":["Ring of the Snake","NeowsBlessing","Pen Nib","Ancient Tea Set","Art of War","HoveringKite","Frozen Egg 2","Shovel","Bird Faced Urn","Pantograph","Kunai","Busted Crown","The Courier","Blood Vial","Vajra","Oddly Smooth Stone","Strawberry","Unceasing Top"],"potions_floor_usage":[7,13,18,20,20,21,24,28,31,33,33,35,35,39,39,42,45,45,46,46,50,50],"damage_taken":[{"damage":0,"enemies":"Cultist","floor":1,"turns":1},{"damage":0,"enemies":"Jaw Worm","floor":2,"turns":1},{"damage":0,"enemies":"2 Louse","floor":3,"turns":1},{"damage":0,"enemies":"Exordium Wildlife","floor":4,"turns":3},{"damage":43,"enemies":"Lagavulin","floor":7,"turns":7},{"damage":5,"enemies":"Looter","floor":8,"turns":4},{"damage":6,"enemies":"3 Sentries","floor":12,"turns":8},{"damage":0,"enemies":"2 Fungi Beasts","floor":13,"turns":2},{"damage":1,"enemies":"Exordium Thugs","floor":14,"turns":4},{"damage":25,"enemies":"Slime Boss","floor":16,"turns":11},{"damage":11,"enemies":"Shell Parasite","floor":18,"turns":8},{"damage":0,"enemies":"Chosen","floor":20,"turns":4},{"damage":6,"enemies":"Snecko","floor":21,"turns":4},{"damage":16,"enemies":"Book of Stabbing","floor":24,"turns":6},{"damage":0,"enemies":"Centurion and Healer","floor":28,"turns":1},{"damage":14,"enemies":"Shelled Parasite and Fungi","floor":31,"turns":5},{"damage":49,"enemies":"Collector","floor":33,"turns":7},{"damage":8,"enemies":"3 Shapes","floor":35,"turns":4},{"damage":0,"enemies":"Orb Walker","floor":37,"turns":4},{"damage":7,"enemies":"3 Darklings","floor":39,"turns":4},{"damage":9,"enemies":"Giant Head","floor":42,"turns":7},{"damage":11,"enemies":"Jaw Worm Horde","floor":45,"turns":4},{"damage":11,"enemies":"Nemesis","floor":46,"turns":7},{"damage":76,"enemies":"Reptomancer","floor":48,"turns":7},{"damage":0,"enemies":"Awakened One","floor":50,"turns":12}],"seed_played":"-1208202731048431596","potions_obtained":[{"floor":3,"key":"Dexterity Potion"},{"floor":4,"key":"FearPotion"},{"floor":12,"key":"Explosive Potion"},{"floor":13,"key":"GamblersBrew"},{"floor":14,"key":"Block Potion"},{"floor":20,"key":"Ancient Potion"},{"floor":24,"key":"SmokeBomb"},{"floor":33,"key":"Fire Potion"},{"floor":37,"key":"Ancient Potion"},{"floor":39,"key":"SteroidPotion"},{"floor":45,"key":"Block Potion"}],"is_trial":false,"path_per_floor":["M","M","M","M","$","R","E","M","T","?","R","E","M","M","R","B",null,"M","?","M","M","?","R","E","R","T","$","M","$","?","M","R","B",null,"M","$","M","?","M","R","$","E","T","R","M","E","R","E","R","B",null],"character_chosen":"THE_SILENT","items_purchased":["Flying Knee","Discovery","Infinite Blades+1","Tactician"],"campfire_rested":3,"item_purchase_floors":[5,27,29,36],"current_hp_per_floor":[70,70,70,70,70,70,27,22,22,8,29,23,23,22,43,18,70,59,59,59,53,53,53,37,37,37,37,37,37,37,31,31,13,70,62,62,68,68,65,65,65,64,64,64,63,63,70,5,28,77],"gold":155,"neow_bonus":"THREE_ENEMY_KILL","is_prod":false,"is_daily":false,"chose_seed":false,"campfire_upgraded":3,"win_rate":0,"timestamp":1548894682,"path_taken":["M","M","M","M","$","R","E","M","T","?","R","E","M","M","R","BOSS","M","?","M","M","?","R","E","R","T","$","M","?","?","M","R","BOSS","M","$","M","?","M","R","?","E","T","R","M","E","R","E","R","BOSS"],"build_version":"2019-01-23","purchased_purges":1,"victory":true,"max_hp_per_floor":[70,70,70,70,70,70,70,70,70,70,70,70,70,70,70,70,70,70,70,70,70,70,70,70,70,70,70,70,70,70,70,70,70,70,70,70,70,70,70,70,70,70,70,70,70,70,77,77,77,77],"card_choices":[{"not_picked":["Slice","Dagger Spray"],"picked":"Underhanded Strike","floor":1},{"not_picked":["Bane","Tactician"],"picked":"Prepared","floor":2},{"not_picked":["Masterful Stab","Sucker Punch"],"picked":"Underhanded Strike","floor":3},{"not_picked":["Deadly Poison","Bouncing Flask"],"picked":"Predator","floor":4},{"not_picked":["Cloak And Dagger","Backflip"],"picked":"Escape Plan","floor":7},{"not_picked":["Dodge and Roll","Cloak And Dagger"],"picked":"Backflip","floor":8},{"not_picked":["Dagger Spray","Deflect"],"picked":"Dodge and Roll","floor":12},{"not_picked":["Cloak And Dagger","Backstab"],"picked":"Noxious Fumes","floor":13},{"not_picked":["Sucker Punch","PiercingWail"],"picked":"Distraction","floor":14},{"not_picked":["Night Terror","Storm of Steel"],"picked":"Venomology","floor":16},{"not_picked":["Deflect","Tactician"],"picked":"Predator","floor":18},{"not_picked":["PiercingWail","Poisoned Stab+1"],"picked":"Underhanded Strike+1","floor":20},{"not_picked":["Terror","Blur","Blade Dance"],"picked":"SKIP","floor":21},{"not_picked":["Terror","Prepared+1"],"picked":"Escape Plan","floor":24},{"not_picked":["Leg Sweep","Heel Hook"],"picked":"Underhanded Strike+1","floor":31},{"not_picked":["Die Die Die","Envenom+1"],"picked":"After Image+1","floor":33},{"not_picked":["Bouncing Flask+1"],"picked":"SKIP","floor":35},{"not_picked":["Dagger Spray"],"picked":"SKIP","floor":37},{"not_picked":[],"picked":"Expertise","floor":39},{"not_picked":[],"picked":"Burst","floor":42},{"not_picked":["Catalyst+1"],"picked":"SKIP","floor":45},{"not_picked":[],"picked":"Well Laid Plans+1","floor":46},{"not_picked":["Deadly Poison+1"],"picked":"SKIP","floor":48}],"player_experience":425254,"relics_obtained":[{"floor":7,"key":"Pen Nib"},{"floor":9,"key":"Ancient Tea Set"},{"floor":12,"key":"Art of War"},{"floor":24,"key":"Shovel"},{"floor":25,"key":"Bird Faced Urn"},{"floor":26,"key":"Pantograph"},{"floor":32,"key":"Kunai"},{"floor":40,"key":"The Courier"},{"floor":42,"key":"Blood Vial"},{"floor":43,"key":"Vajra"},{"floor":46,"key":"Oddly Smooth Stone"},{"floor":47,"key":"Strawberry"},{"floor":48,"key":"Unceasing Top"}],"event_choices":[{"damage_healed":0,"gold_gain":0,"player_choice":"Entered Light","damage_taken":14,"max_hp_gain":0,"max_hp_loss":0,"event_name":"Shining Light","floor":10,"gold_loss":0,"cards_upgraded":["Defend_G","Defend_G"]},{"cards_removed":["Strike_G"],"damage_healed":0,"gold_gain":0,"player_choice":"Gave Gold","damage_taken":0,"max_hp_gain":0,"max_hp_loss":0,"event_name":"Beggar","floor":19,"gold_loss":75},{"damage_healed":0,"gold_gain":0,"player_choice":"Obtained Relic","damage_taken":0,"relics_obtained":["Frozen Egg 2"],"max_hp_gain":0,"max_hp_loss":0,"event_name":"Addict","floor":22,"gold_loss":85},{"damage_healed":0,"gold_gain":0,"cards_transformed":["Strike_G","Strike_G"],"player_choice":"Became Test Subject","damage_taken":0,"max_hp_gain":0,"max_hp_loss":0,"event_name":"Drug Dealer","floor":30,"gold_loss":0,"cards_obtained":["Malaise","A Thousand Cuts"]},{"cards_removed":["Malaise"],"damage_healed":0,"gold_gain":0,"player_choice":"Upgrade and Remove","damage_taken":0,"max_hp_gain":0,"max_hp_loss":0,"event_name":"Designer","floor":38,"gold_loss":90,"cards_upgraded":["Strike_G"]}],"is_beta":false,"boss_relics":[{"not_picked":["Coffee Dripper","Astrolabe"],"picked":"HoveringKite"},{"not_picked":["White Beast Statue","Ring of the Serpent"],"picked":"Busted Crown"}],"items_purged_floors":[27],"is_endless":false,"potions_floor_spawned":[3,4,12,13,14,20,24,33,37,39,45],"ascension_level":1}