{"path_per_floor":["M","M","?","$","M","R","E","R","T","M","M","E","M","$","R","B",null,"M","$","M","?","M","E","R","E","T"],"character_chosen":"IRONCLAD","items_purchased":["Lantern","Flex","Blood Vial","Regen Potion"],"gold_per_floor":[111,122,372,102,118,118,145,145,145,161,173,208,224,23,23,118,118,131,31,46,46,60,95,95,120,420,420],"floor_reached":27,"campfire_rested":1,"playtime":1027,"current_hp_per_floor":[80,80,80,80,80,80,58,58,58,55,53,29,42,42,66,35,80,76,76,80,80,80,51,51,18,18,0],"items_purged":["Regret","True Grit"],"gold":420,"score":302,"play_id":"9eb13af5-142d-49f9-9c68-d99a4a819422","local_time":"20180329100450","is_prod":false,"is_daily":false,"is_ascension_mode":true,"campfire_upgraded":3,"timestamp":1522310690,"path_taken":["M","M","?","$","?","R","E","R","T","M","M","E","M","$","R","BOSS","M","$","M","?","M","E","R","E","T","E"],"build_version":"2018-03-22v2","purchased_purges":2,"victory":false,"master_deck":["Bash+1","Flex","Rampage","Flex+1","Burning Pact","Ghostly Armor","Thunderclap","Shrug It Off","Limit Break","Headbutt","Pummel","Iron Wave","Shrug It Off","Dropkick","Pummel","Sword Boomerang","Flex","Flex","Heavy Blade","Dark Embrace+1"],"max_hp_per_floor":[80,80,80,80,80,80,80,80,80,80,80,80,80,80,80,80,80,80,80,80,80,80,80,80,80,80,80],"relics":["Burning Blood","Lantern","Bottled Lightning","Kunai","Anchor","Blood Vial","Pandora\u0027s Box","Toxic Egg 2","Mummified Hand","Old Coin"],"card_choices":[{"not_picked":["Metallicize","Twin Strike"],"picked":"Flex","floor":1},{"not_picked":["Iron Wave","Entrench"],"picked":"Rampage","floor":2},{"not_picked":["Flame Barrier","Spot Weakness"],"picked":"Burning Pact","floor":5},{"not_picked":["Rampage","Clothesline"],"picked":"Ghostly Armor","floor":7},{"not_picked":["Evolve","Blood for Blood"],"picked":"Thunderclap","floor":10},{"not_picked":["Inflame","Havoc"],"picked":"True Grit","floor":11},{"not_picked":["Hemokinesis","Fire Breathing"],"picked":"Shrug It Off","floor":13},{"not_picked":["Dark Embrace","Reaper"],"picked":"Limit Break","floor":16},{"not_picked":["Rampage","Bloodletting"],"picked":"Flex","floor":18},{"not_picked":["Thunderclap","Combust"],"picked":"Heavy Blade","floor":20},{"not_picked":["Anger","Twin Strike"],"picked":"Dark Embrace","floor":23}],"player_experience":122881,"potions_floor_usage":[11,12,13,16,16,25,27,27],"damage_taken":[{"damage":6,"enemies":"Jaw Worm","floor":1,"turns":4},{"damage":1,"enemies":"Cultist","floor":2,"turns":3},{"damage":2,"enemies":"Small Slimes","floor":5,"turns":3},{"damage":28,"enemies":"3 Sentries","floor":7,"turns":9},{"damage":9,"enemies":"Blue Slaver","floor":10,"turns":3},{"damage":8,"enemies":"2 Fungi Beasts","floor":11,"turns":3},{"damage":30,"enemies":"Lagavulin","floor":12,"turns":6},{"damage":5,"enemies":"Exordium Thugs","floor":13,"turns":5},{"damage":54,"enemies":"The Guardian","floor":16,"turns":12},{"damage":10,"enemies":"3 Byrds","floor":18,"turns":4},{"damage":0,"enemies":"2 Thieves","floor":20,"turns":2},{"damage":2,"enemies":"Centurion and Healer","floor":22,"turns":3},{"damage":35,"enemies":"Gremlin Leader","floor":23,"turns":6},{"damage":41,"enemies":"Book of Stabbing","floor":25,"turns":5},{"damage":25,"enemies":"Slavers","floor":27,"turns":4}],"event_choices":[{"event_name":"Golden Shrine","player_choice":"Desecrate","floor":3,"damage_taken":0},{"event_name":"Back to Basics","player_choice":"Elegance","floor":21,"damage_taken":0}],"boss_relics":[{"not_picked":["Runic Dome","Lizard Tail"],"picked":"Pandora\u0027s Box"}],"potions_floor_spawned":[2,5,10,12,16,23,25],"seed_played":"-7744911858148895184","killed_by":"Slavers","ascension_level":1,"is_trial":false}