{"path_per_floor":["M","?","?","?","M","E","R","$","T","M","E","R","E","M","R","B",null,"M","M","$","M","?","R","?","R","T","M","$","?","M","M","R","B",null,"M","?","M","M","M","R","M","R","T","R","$","M","R","M","R","B"],"character_chosen":"THE_SILENT","items_purchased":["Oddly Smooth Stone","Predator","Footwork","Outmaneuver","Footwork","Kunai"],"gold_per_floor":[115,365,365,365,389,428,428,138,193,207,246,246,279,295,295,414,414,428,446,276,300,300,300,300,300,300,313,66,66,81,105,105,225,225,246,346,365,389,412,412,433,433,460,460,69,93,93,107,107,107],"floor_reached":51,"campfire_rested":3,"playtime":7126,"current_hp_per_floor":[66,66,66,49,46,53,53,53,53,53,55,55,43,43,43,36,77,70,71,71,25,25,48,48,48,48,24,24,24,26,23,23,40,77,59,59,57,3,19,42,55,55,55,55,55,42,42,52,75,71],"items_purged":["Strike_G","Pain","Doubt","Injury"],"gold":107,"play_id":"75b9bfc1-f6c0-44a4-9699-0c3afd8836b4","is_prod":false,"is_daily":false,"is_ascension_mode":false,"campfire_upgraded":8,"path_taken":["M","?","?","?","M","E","R","$","T","M","E","R","E","M","R","BOSS","M","M","$","M","?","R","?","R","T","M","$","?","M","?","R","BOSS","M","?","M","?","M","R","M","R","T","R","?","M","R","M","R","BOSS"],"build_version":"2018-02-01-PROD3","purchased_purges":6,"victory":true,"master_deck":["Defend_G","Defend_G","Defend_G","Defend_G","Defend_G","Strike_G","Strike_G","Strike_G","Strike_G","Survivor","Neutralize","Quick Slash","Well Laid Plans+1","Wraith Form+1","Predator","Escape Plan","Terror","Crippling Poison","Burst+1","Wraith Form","Parasite","Caltrops+1","Backflip+1","Footwork+1","Deadly Poison","Backflip+1","Night Terror+1","Neutralize","Backflip+1","Outmaneuver+1","Footwork+1","Flying Knee","Leg Sweep","Venomology","Noxious Fumes+1","Escape Plan+1","Deflect","Flying Knee","Heel Hook","Footwork+1","Clumsy","Outmaneuver+1","Prepared"],"max_hp_per_floor":[70,70,70,70,70,77,77,77,77,77,77,77,77,77,77,77,77,77,77,77,77,77,77,77,77,77,77,77,77,77,77,77,77,77,77,77,77,77,77,77,77,77,77,77,77,77,77,77,77,77],"relics":["White Beast Statue","Golden Idol","Strawberry","Oddly Smooth Stone","Tiny Chest","Orichalcum","Dream Catcher","Calling Bell","Bird Faced Urn","Paper Crane","Ginger","Frozen Eye","Cursed Key","Juzu Bracelet","Kunai"],"card_choices":[{"not_picked":["Bane","Catalyst"],"picked":"Quick Slash"},{"not_picked":["Dagger Throw","Calculated Gamble"],"picked":"Well Laid Plans"},{"not_picked":["Glass Knife","Endless Agony"],"picked":"Wraith Form"},{"not_picked":["Deflect","Dagger Throw"],"picked":"Escape Plan"},{"not_picked":["Endless Agony","Choke"],"picked":"Terror"},{"not_picked":["Deadly Poison","Dagger Spray"],"picked":"Crippling Poison"},{"not_picked":["Slice","Catalyst"],"picked":"Burst"},{"not_picked":["Night Terror","Die Die Die"],"picked":"Wraith Form"},{"not_picked":["Bane","Deadly Poison"],"picked":"Caltrops"},{"not_picked":["Acrobatics","Underhanded Strike"],"picked":"Backflip"},{"not_picked":["Crippling Poison","Sucker Punch"],"picked":"Deadly Poison"},{"not_picked":["Reflex","PiercingWail"],"picked":"Backflip"},{"not_picked":["Well Laid Plans","Flechettes"],"picked":"Backflip"},{"not_picked":["Underhanded Strike","Malaise"],"picked":"Flying Knee"},{"not_picked":["Slice","Choke"],"picked":"Leg Sweep"},{"not_picked":["Glass Knife","Tools of the Trade"],"picked":"Venomology"},{"not_picked":["Well Laid Plans","Bane"],"picked":"Noxious Fumes"},{"not_picked":["Choke","Calculated Gamble"],"picked":"Escape Plan"},{"not_picked":["Dagger Throw","Sucker Punch"],"picked":"Deflect"},{"not_picked":["Underhanded Strike","Reflex"],"picked":"Flying Knee"},{"not_picked":["Slice","Dagger Throw"],"picked":"Heel Hook"},{"not_picked":["Outmaneuver","Well Laid Plans"],"picked":"Footwork"},{"not_picked":["Underhanded Strike","Leg Sweep"],"picked":"Outmaneuver"},{"not_picked":["Acrobatics","Reflex"],"picked":"Prepared"}],"player_experience":42451,"potions_floor_usage":[6,6,11,11,18,19,19,21,27,27,35,38,38,39,41,46,46,48,48,50,50,50,50],"damage_taken":[{"damage":4,"enemies":"Blue Slaver","floor":1,"turns":5},{"damage":3,"enemies":"Jaw Worm","floor":5,"turns":4},{"damage":15,"enemies":"3 Sentries","floor":6,"turns":10},{"damage":0,"enemies":"Cultist","floor":10,"turns":3},{"damage":10,"enemies":"Lagavulin","floor":11,"turns":9},{"damage":12,"enemies":"3 Sentries","floor":13,"turns":9},{"damage":0,"enemies":"2 Fungi Beasts","floor":14,"turns":5},{"damage":7,"enemies":"Hexaghost","floor":16,"turns":11},{"damage":27,"enemies":"Spheric Guardian","floor":18,"turns":16},{"damage":3,"enemies":"3 Byrds","floor":19,"turns":6},{"damage":54,"enemies":"Cultist and Chosen","floor":21,"turns":11},{"damage":34,"enemies":"Sentry and Sphere","floor":27,"turns":9},{"damage":8,"enemies":"Snecko","floor":30,"turns":5},{"damage":13,"enemies":"Snake Plant","floor":31,"turns":7},{"damage":1,"enemies":"Champ","floor":33,"turns":16},{"damage":26,"enemies":"3 Darklings","floor":35,"turns":10},{"damage":14,"enemies":"Orb Walker","floor":37,"turns":6},{"damage":72,"enemies":"Sphere and 2 Shapes","floor":38,"turns":11},{"damage":0,"enemies":"3 Darklings","floor":39,"turns":8},{"damage":16,"enemies":"Maw","floor":41,"turns":9},{"damage":33,"enemies":"Sphere and 2 Shapes","floor":46,"turns":7},{"damage":19,"enemies":"4 Shapes","floor":48,"turns":7},{"damage":23,"enemies":"Time Eater","floor":50,"turns":14}],"event_choices":[{"event_name":"Golden Shrine","player_choice":"Desecrate","floor":2,"damage_taken":0},{"event_name":"Fountain of Cleansing","player_choice":"Removed Curse","floor":3,"damage_taken":0},{"event_name":"Golden Idol","player_choice":"Take Damage","floor":4,"damage_taken":0},{"event_name":"Vampires","player_choice":"Ignored","floor":22,"damage_taken":0},{"event_name":"Match and Keep!","player_choice":"2 cards matched","floor":24,"damage_taken":0},{"event_name":"Accursed Blacksmith","player_choice":"Forge","floor":29,"damage_taken":0},{"event_name":"Golden Shrine","player_choice":"Pray","floor":36,"damage_taken":0}],"boss_relics":[{"not_picked":["Snecko Eye","Philosopher\u0027s Stone"],"picked":"Calling Bell"},{"not_picked":["Black Star","Tiny House"],"picked":"Cursed Key"}],"potions_floor_spawned":[1,5,6,10,11,13,14,16,18,19,21,27,30,31,33,35,37,38,39,41,46,48],"seed_played":"-1193886417778186307","ascension_level":0,"is_trial":false}