{"gold_per_floor":[369,369,103,121,121,121,132,142,142,142,142,171,101,116,116,212,262,277,277,277,291,291,291,323,323,323,338,338],"floor_reached":28,"playtime":18763,"items_purged":["Dark Shackles"],"score":236,"play_id":"61ca3011-719a-46ff-bace-5bb33395772a","local_time":"20190129232158","is_ascension_mode":false,"campfire_choices":[{"data":"Rampage","floor":6,"key":"SMITH"},{"data":"Perfected Strike","floor":10,"key":"SMITH"},{"floor":15,"key":"REST"},{"floor":23,"key":"REST"},{"floor":25,"key":"REST"}],"neow_cost":"TEN_PERCENT_HP_LOSS","seed_source_timestamp":14218986879023,"circlet_count":0,"master_deck":["Strike_R","Strike_R","Strike_R","Strike_R","Strike_R","Defend_R","Defend_R","Defend_R","Bash","Rampage+1","Bash","Magnetism+1","Flex","Perfected Strike+1","Armaments","Armaments","Battle Trance","Rage+1","Immolate","Anger","Pummel","Inflame","Headbutt","Infernal Blade+1"],"relics":["Burning Blood","Bronze Scales","Self Forming Clay","Tiny House","Nilry\u0027s Codex","Nunchaku","FossilizedHelix"],"potions_floor_usage":[14,18,28],"damage_taken":[{"damage":10,"enemies":"2 Louse","floor":1,"turns":3},{"damage":10,"enemies":"Cultist","floor":4,"turns":4},{"damage":10,"enemies":"Small Slimes","floor":7,"turns":3},{"damage":15,"enemies":"2 Fungi Beasts","floor":8,"turns":3},{"damage":41,"enemies":"Lagavulin","floor":12,"turns":6},{"damage":6,"enemies":"Exordium Wildlife","floor":14,"turns":3},{"damage":27,"enemies":"Slime Boss","floor":16,"turns":7},{"damage":0,"enemies":"Chosen","floor":18,"turns":4},{"damage":18,"enemies":"Shell Parasite","floor":21,"turns":4},{"damage":27,"enemies":"Slavers","floor":24,"turns":5},{"damage":43,"enemies":"3 Cultists","floor":27,"turns":6},{"damage":40,"enemies":"Book of Stabbing","floor":28,"turns":5}],"seed_played":"9156257446400717386","potions_obtained":[{"floor":1,"key":"Strength Potion"},{"floor":16,"key":"GamblersBrew"},{"floor":17,"key":"Fire Potion"}],"is_trial":false,"path_per_floor":["M","?","$","M","?","R","M","M","T","R","?","E","$","M","R","B",null,"M","?","?","M","?","R","E","R","T","M","E"],"character_chosen":"IRONCLAD","items_purchased":["Magnetism","Battle Trance"],"campfire_rested":3,"item_purchase_floors":[3,13],"current_hp_per_floor":[68,68,68,64,64,64,60,51,51,51,44,9,9,9,30,9,77,77,61,61,49,35,59,38,62,62,25,0],"gold":338,"neow_bonus":"TWO_FIFTY_GOLD","is_prod":false,"is_daily":false,"chose_seed":false,"campfire_upgraded":2,"win_rate":0,"timestamp":1548825718,"path_taken":["M","?","$","?","?","R","M","M","T","R","?","E","$","M","R","BOSS","M","?","?","M","?","R","E","R","T","M","E"],"build_version":"2019-01-23","purchased_purges":1,"victory":false,"max_hp_per_floor":[72,72,72,72,72,72,72,72,72,72,72,72,72,72,72,72,77,77,77,77,77,82,82,82,82,82,82,82],"card_choices":[{"not_picked":["Burning Pact","Infernal Blade"],"picked":"Rampage","floor":1},{"not_picked":["Warcry","Thunderclap"],"picked":"Flex","floor":4},{"not_picked":["Reckless Charge","Corruption"],"picked":"Perfected Strike","floor":7},{"not_picked":["Power Through","True Grit"],"picked":"Armaments","floor":8},{"not_picked":["Cleave","Body Slam"],"picked":"Armaments","floor":12},{"not_picked":["Shrug It Off","Dark Embrace"],"picked":"Rage","floor":14},{"not_picked":["Dark Embrace","Barricade"],"picked":"Immolate","floor":16},{"not_picked":["Cleave","Clash"],"picked":"Anger","floor":17},{"not_picked":["Thunderclap+1","Hemokinesis"],"picked":"Pummel","floor":18},{"not_picked":["Clash+1","Shrug It Off","Uppercut"],"picked":"SKIP","floor":21},{"not_picked":["Clothesline","Shrug It Off"],"picked":"Headbutt","floor":24},{"not_picked":["Demon Form","Combust"],"picked":"Infernal Blade+1","floor":27}],"player_experience":380956,"relics_obtained":[{"floor":9,"key":"Bronze Scales"},{"floor":12,"key":"Self Forming Clay"},{"floor":19,"key":"Nilry\u0027s Codex"},{"floor":24,"key":"Nunchaku"},{"floor":26,"key":"FossilizedHelix"}],"event_choices":[{"damage_healed":0,"gold_gain":0,"player_choice":"2 cards matched","damage_taken":0,"max_hp_gain":0,"max_hp_loss":0,"event_name":"Match and Keep!","floor":2,"gold_loss":0,"cards_obtained":["Dark Shackles","Bash"]},{"damage_healed":0,"gold_gain":0,"player_choice":"Grow","damage_taken":0,"max_hp_gain":0,"max_hp_loss":0,"event_name":"Living Wall","floor":5,"gold_loss":0,"cards_upgraded":["Magnetism"]},{"cards_removed":["Defend_R"],"damage_healed":0,"gold_gain":0,"player_choice":"Card Removal","damage_taken":7,"max_hp_gain":0,"max_hp_loss":0,"event_name":"Golden Wing","floor":11,"gold_loss":0},{"damage_healed":0,"gold_gain":0,"player_choice":"Obtained Book","damage_taken":16,"max_hp_gain":0,"max_hp_loss":0,"event_name":"Cursed Tome","floor":19,"gold_loss":0},{"damage_healed":0,"gold_gain":0,"player_choice":"Read","damage_taken":0,"max_hp_gain":0,"max_hp_loss":0,"event_name":"The Library","floor":20,"gold_loss":0,"cards_obtained":["Inflame"]},{"damage_healed":0,"gold_gain":0,"player_choice":"Shed Blood","damage_taken":19,"max_hp_gain":5,"max_hp_loss":0,"event_name":"Forgotten Altar","floor":22,"gold_loss":0}],"is_beta":false,"boss_relics":[{"not_picked":["Ectoplasm","Sozu"],"picked":"Tiny House"}],"items_purged_floors":[3],"is_endless":false,"potions_floor_spawned":[1,16],"killed_by":"Book of Stabbing","ascension_level":0}