{"path_per_floor":["M","?","?","M","$","E","R","M","T","M","M","M","M","?","R","B",null,"M","M","?","M","$","R","?","?","T","M","?","?","M","$","R","B",null,"M","?","M","M","?","E","R","?","T","M","?","$","?","E","R"],"character_chosen":"DEFECT","items_purchased":["Matryoshka","Defragment"],"gold_per_floor":[119,119,84,103,28,69,69,90,90,103,122,137,156,156,156,275,275,296,315,315,338,19,19,19,19,19,43,43,43,64,64,64,195,195,216,216,229,253,253,287,287,0,76,95,195,95,158,199,199,199],"floor_reached":50,"campfire_rested":6,"playtime":2902,"current_hp_per_floor":[74,56,56,56,56,39,61,61,61,60,53,51,45,42,64,2,75,70,67,67,43,43,65,65,65,65,40,40,40,40,40,62,1,75,69,69,39,19,10,14,39,39,39,46,46,46,48,47,72,0],"items_purged":["Strike_B","Strike_B"],"gold":199,"score":527,"play_id":"51c4d13d-c31f-4a21-82e8-2206c1e3c446","local_time":"20180504212137","is_prod":false,"is_daily":false,"chose_seed":false,"is_ascension_mode":false,"campfire_upgraded":0,"timestamp":1525461697,"path_taken":["M","?","?","M","$","E","R","M","T","?","M","M","M","?","R","BOSS","M","M","?","M","$","R","?","?","T","M","?","?","M","$","R","BOSS","M","?","M","M","?","E","R","?","T","M","?","?","?","E","R","BOSS"],"build_version":"2018-05-03","seed_source_timestamp":391753224140739,"purchased_purges":2,"victory":false,"master_deck":["Strike_B+1","Strike_B+1","Defend_B+1","Defend_B+1","Defend_B+1","Defend_B+1","Zap+1","Dualcast","Gash","FTL","Chill+1","Leap+1","Rainbow+1","Leap+1","Defragment","White Noise+1","Genetic Algorithm+1","Echo Form","Rebound+1","Reboot+1","Madness+1","Madness+1","FTL+1","Capacitor"],"max_hp_per_floor":[75,75,75,75,75,75,75,75,75,75,75,75,75,75,75,75,75,75,75,75,75,75,75,75,75,75,75,75,75,75,75,75,75,75,75,75,75,75,75,85,85,85,85,85,85,85,85,85,85,85],"relics":["Cracked Core","Golden Idol","Girya","Toxic Egg 2","Juzu Bracelet","Black Star","Matryoshka","Vajra","Mummified Hand","Lizard Tail","Blood Vial","Pear","Ornamental Fan","Red Mask","Bag of Marbles","Bottled Lightning","Peace Pipe","Lantern","Dream Catcher"],"card_choices":[{"not_picked":["Capacitor","Hello World"],"picked":"Gash","floor":1},{"not_picked":["Lockon","Auto Shields"],"picked":"FTL","floor":10},{"not_picked":["Reprogram","Chaos"],"picked":"Chill","floor":11},{"not_picked":["Barrage","Steam Power"],"picked":"Leap","floor":13},{"not_picked":["Creative AI","Thunder Strike"],"picked":"Rainbow","floor":16},{"not_picked":["Coolheaded","Ball Lightning"],"picked":"Leap","floor":18},{"not_picked":["Sunder","Sweeping Beam"],"picked":"Genetic Algorithm","floor":27},{"not_picked":["Amplify","Fusion"],"picked":"Echo Form","floor":33},{"not_picked":["Ball Lightning","Streamline"],"picked":"Rebound","floor":37},{"not_picked":["Ball Lightning","Cold Snap"],"picked":"Reboot","floor":38},{"not_picked":["Impulse","Chaos"],"picked":"FTL","floor":47},{"not_picked":["Barrage","Lockon"],"picked":"Capacitor","floor":49}],"player_experience":38822,"potions_floor_usage":[6,13,16,16,21,30,35,44,48,48],"damage_taken":[{"damage":1,"enemies":"Jaw Worm","floor":1,"turns":3},{"damage":0,"enemies":"Small Slimes","floor":4,"turns":2},{"damage":17,"enemies":"3 Sentries","floor":6,"turns":8},{"damage":0,"enemies":"Cultist","floor":8,"turns":3},{"damage":1,"enemies":"Exordium Thugs","floor":10,"turns":4},{"damage":7,"enemies":"Blue Slaver","floor":11,"turns":3},{"damage":2,"enemies":"Exordium Wildlife","floor":12,"turns":4},{"damage":6,"enemies":"Red Slaver","floor":13,"turns":2},{"damage":62,"enemies":"Hexaghost","floor":16,"turns":13},{"damage":5,"enemies":"3 Byrds","floor":18,"turns":7},{"damage":3,"enemies":"Spheric Guardian","floor":19,"turns":4},{"damage":39,"enemies":"Centurion and Healer","floor":21,"turns":11},{"damage":25,"enemies":"3 Cultists","floor":27,"turns":6},{"damage":0,"enemies":"Slaver and Parasite","floor":30,"turns":8},{"damage":61,"enemies":"Collector","floor":33,"turns":19},{"damage":6,"enemies":"Flame Bruiser 1 Orb","floor":35,"turns":8},{"damage":32,"enemies":"3 Darklings","floor":37,"turns":7},{"damage":22,"enemies":"4 Shapes","floor":38,"turns":7},{"damage":54,"enemies":"Nemesis","floor":40,"turns":12},{"damage":2,"enemies":"Spire Growth","floor":44,"turns":7},{"damage":0,"enemies":"Mysterious Sphere","floor":47,"turns":5},{"damage":18,"enemies":"Giant Head","floor":48,"turns":10},{"damage":79,"enemies":"Time Eater","floor":50,"turns":12}],"event_choices":[{"event_name":"Golden Idol","player_choice":"Take Damage","floor":2,"damage_taken":0},{"event_name":"World of Goop","player_choice":"Left","floor":3,"damage_taken":0},{"event_name":"Scrap Ooze","player_choice":"success","floor":14,"damage_taken":3},{"event_name":"N\u0027loth","player_choice":"Ignored","floor":20,"damage_taken":0},{"event_name":"The Library","player_choice":"Read","floor":24,"damage_taken":0},{"event_name":"Drug Dealer","player_choice":"Ignored","floor":25,"damage_taken":0},{"event_name":"Ghosts","player_choice":"Ignored","floor":28,"damage_taken":0},{"event_name":"Back to Basics","player_choice":"Simplicity","floor":29,"damage_taken":0},{"event_name":"Accursed Blacksmith","player_choice":"Rummage","floor":36,"damage_taken":0},{"event_name":"Winding Halls","player_choice":"Embrace Madness","floor":39,"damage_taken":0},{"event_name":"Tomb of Lord Red Mask","player_choice":"Paid","floor":42,"damage_taken":0},{"event_name":"Golden Shrine","player_choice":"Pray","floor":45,"damage_taken":0},{"event_name":"Mysterious Sphere","player_choice":"Fight","floor":47,"damage_taken":0}],"boss_relics":[{"not_picked":["Ectoplasm","Snecko Eye"],"picked":"Black Star"},{"not_picked":["Sozu","Philosopher\u0027s Stone"],"picked":"Lizard Tail"}],"potions_floor_spawned":[4,10,11,13,18,27,33,40,44,47],"seed_played":"-9062987443719857401","killed_by":"Time Eater","ascension_level":0,"is_trial":false}