{"gold_per_floor":[112,112,42,62,77,104,104,138,138,172,172,11,22,55,55,155,155,175,193,118,130,13,13,48,59,59,59,59,72,90,109,109,207,207,221,231,231,231,171,196,196,196,196,227,147,30,62,82,82,82],"floor_reached":51,"playtime":2262,"items_purged":["Normality","Parasite"],"score":1029,"play_id":"3f60bf06-c8df-44ee-b942-2eae461cbec6","local_time":"20180928033144","is_ascension_mode":true,"campfire_choices":[{"floor":7,"key":"REST"},{"floor":11,"key":"REST"},{"data":"Go for the Eyes","floor":15,"key":"SMITH"},{"floor":23,"key":"REST"},{"floor":27,"key":"DIG"},{"floor":32,"key":"REST"},{"floor":41,"key":"REST"},{"data":"Madness","floor":42,"key":"SMITH"},{"floor":49,"key":"DIG"}],"neow_cost":"NONE","seed_source_timestamp":1320319176598978,"circlet_count":0,"master_deck":["Defend_B","Defend_B","Defend_B","Defend_B","Zap","Dualcast","Reboot","Compile Driver","Scrape","Compile Driver","Stack","Go for the Eyes+1","Leap","Streamline","Glacier","Ball Lightning","Conserve Battery","Sadistic Nature","Beam Cell","Gash","All For One","Hologram+1","Hyperbeam+1","Tempest+1","Coolheaded","Steam+1","Rebound","Beam Cell+1","Gash+1","Blizzard+1","Go for the Eyes","Electrodynamics","Parasite","Loop+1","Gash","Conserve Battery+1","Madness","Madness+1","Scrape+1","Beam Cell+1","Flash of Steel","Gash","Go for the Eyes","FTL+1"],"relics":["Cracked Core","The Courier","Meat on the Bone","Pantograph","Torii","Letter Opener","Astrolabe","Blood Vial","Singing Bowl","Shovel","Dead Branch","Prayer Wheel","Calling Bell","Oddly Smooth Stone","Kunai","Incense Burner","WingedGreaves","Anchor","Mercury Hourglass","Question Card","Pen Nib","Bag of Marbles"],"potions_floor_usage":[6,19,24,33,38,40,40,47,50],"damage_taken":[{"damage":18,"enemies":"Small Slimes","floor":1,"turns":3},{"damage":1,"enemies":"Cultist","floor":4,"turns":3},{"damage":0,"enemies":"Jaw Worm","floor":5,"turns":3},{"damage":17,"enemies":"Gremlin Nob","floor":6,"turns":4},{"damage":6,"enemies":"Lagavulin","floor":8,"turns":8},{"damage":17,"enemies":"3 Sentries","floor":10,"turns":6},{"damage":8,"enemies":"Lots of Slimes","floor":13,"turns":5},{"damage":1,"enemies":"Lagavulin","floor":14,"turns":5},{"damage":27,"enemies":"The Guardian","floor":16,"turns":10},{"damage":20,"enemies":"Spheric Guardian","floor":18,"turns":4},{"damage":28,"enemies":"2 Thieves","floor":19,"turns":3},{"damage":9,"enemies":"Centurion and Healer","floor":21,"turns":6},{"damage":45,"enemies":"Book of Stabbing","floor":24,"turns":6},{"damage":9,"enemies":"Snake Plant","floor":25,"turns":5},{"damage":16,"enemies":"Cultist and Chosen","floor":29,"turns":5},{"damage":19,"enemies":"Shelled Parasite and Fungi","floor":30,"turns":5},{"damage":19,"enemies":"Snake Plant","floor":31,"turns":4},{"damage":50,"enemies":"Collector","floor":33,"turns":8},{"damage":18,"enemies":"Orb Walker","floor":35,"turns":4},{"damage":21,"enemies":"3 Shapes","floor":36,"turns":2},{"damage":20,"enemies":"Mind Bloom Boss Battle","floor":38,"turns":8},{"damage":13,"enemies":"Giant Head","floor":40,"turns":5},{"damage":34,"enemies":"Nemesis","floor":44,"turns":9},{"damage":0,"enemies":"2 Orb Walkers","floor":47,"turns":5},{"damage":1,"enemies":"Spire Growth","floor":48,"turns":5},{"damage":71,"enemies":"Donu and Deca","floor":50,"turns":10}],"seed_played":"-357790957663767997","potions_obtained":[{"floor":5,"key":"GamblersBrew"},{"floor":14,"key":"GamblersBrew"},{"floor":16,"key":"FocusPotion"},{"floor":21,"key":"SkillPotion"},{"floor":24,"key":"Energy Potion"},{"floor":30,"key":"AttackPotion"},{"floor":33,"key":"PowerPotion"},{"floor":40,"key":"Explosive Potion"},{"floor":48,"key":"Fire Potion"}],"is_trial":false,"path_per_floor":["M","?","$","M","M","E","R","E","T","E","R","$","M","E","R","B",null,"M","M","?","M","$","R","E","M","T","R","T","M","M","M","R","B",null,"M","M","?","?","$","E","R","R","T","E","$","$","E","M","R","B"],"character_chosen":"DEFECT","items_purchased":["Stack","Go for the Eyes","Sadistic Nature","Blood Vial","Flash of Steel","Gash"],"campfire_rested":5,"item_purchase_floors":[3,3,12,22,46,46],"current_hp_per_floor":[57,57,57,56,56,39,61,55,55,38,60,60,52,51,51,48,75,55,39,39,42,42,64,35,42,42,42,42,40,35,34,58,45,83,65,48,37,44,44,47,73,73,73,53,53,53,57,58,58,26],"gold":82,"neow_bonus":"ONE_RANDOM_RARE_CARD","is_prod":false,"is_daily":false,"chose_seed":false,"campfire_upgraded":2,"win_rate":0,"timestamp":1538098304,"path_taken":["M","?","$","M","?","E","R","E","T","E","R","$","M","E","R","BOSS","M","M","?","?","$","R","E","M","T","R","?","?","M","M","R","BOSS","M","M","?","?","$","E","R","R","T","E","?","$","E","M","R","BOSS"],"build_version":"2018-09-27","purchased_purges":2,"victory":true,"max_hp_per_floor":[75,75,75,75,75,75,75,75,75,75,75,75,75,75,75,75,75,75,75,75,75,75,75,77,79,79,79,79,79,79,83,83,83,83,83,85,85,85,85,87,87,87,87,87,84,84,86,86,86,86],"card_choices":[{"not_picked":["Steam","Turbo"],"picked":"Compile Driver","floor":1},{"not_picked":["Barrage","Turbo"],"picked":"Leap","floor":4},{"not_picked":["FTL","Hyperbeam"],"picked":"Streamline","floor":5},{"not_picked":["White Noise","Darkness"],"picked":"Glacier","floor":6},{"not_picked":["Hologram","Consume"],"picked":"Ball Lightning","floor":8},{"not_picked":["Streamline","Hello World"],"picked":"Conserve Battery","floor":10},{"not_picked":["Sweeping Beam","Cold Snap"],"picked":"Beam Cell","floor":13},{"not_picked":["Seek","White Noise"],"picked":"Gash","floor":14},{"not_picked":["Reboot","Seek"],"picked":"All For One","floor":16},{"not_picked":["Compile Driver","Rip and Tear+1"],"picked":"Coolheaded","floor":18},{"not_picked":["Genetic Algorithm","Barrage"],"picked":"Steam+1","floor":19},{"not_picked":["Fission","Tempest+1"],"picked":"Rebound","floor":21},{"not_picked":["Stack","Compile Driver","Reprogram"],"picked":"Singing Bowl","floor":24},{"not_picked":["Ball Lightning+1","Hologram","Compile Driver"],"picked":"Singing Bowl","floor":25},{"not_picked":["Auto Shields","Glacier"],"picked":"Beam Cell+1","floor":29},{"not_picked":["Undo","Sweeping Beam"],"picked":"Gash+1","floor":29},{"not_picked":["Reboot","Consume"],"picked":"Blizzard+1","floor":30},{"not_picked":["Ball Lightning","White Noise"],"picked":"Go for the Eyes","floor":30},{"not_picked":["Stack","Barrage+1","Ball Lightning"],"picked":"Singing Bowl","floor":31},{"not_picked":["Recycle","Rebound","Sweeping Beam"],"picked":"Singing Bowl","floor":31},{"not_picked":["Buffer","Thunder Strike"],"picked":"Electrodynamics","floor":33},{"not_picked":["Beam Cell","Turbo+1"],"picked":"Loop+1","floor":35},{"not_picked":["Aggregate","Leap"],"picked":"Gash","floor":35},{"not_picked":["Doom and Gloom+1","Ball Lightning","Consume+1"],"picked":"Singing Bowl","floor":36},{"not_picked":["Steam","Hyperbeam"],"picked":"Conserve Battery+1","floor":36},{"not_picked":["Lockon","Leap"],"picked":"Scrape+1","floor":38},{"not_picked":["Streamline+1","Ball Lightning+1","Sunder"],"picked":"Singing Bowl","floor":40},{"not_picked":["Turbo","Hologram+1"],"picked":"Beam Cell+1","floor":44},{"not_picked":["Amplify","Compile Driver+1","Ball Lightning+1","Hello World"],"picked":"Singing Bowl","floor":47},{"not_picked":["Barrage","Redo","Consume"],"picked":"Go for the Eyes","floor":48},{"not_picked":["Static Discharge","Barrage+1","Coolheaded+1"],"picked":"FTL+1","floor":48}],"player_experience":136418,"relics_obtained":[{"floor":6,"key":"The Courier"},{"floor":8,"key":"Meat on the Bone"},{"floor":9,"key":"Pantograph"},{"floor":10,"key":"Torii"},{"floor":14,"key":"Letter Opener"},{"floor":24,"key":"Singing Bowl"},{"floor":26,"key":"Shovel"},{"floor":27,"key":"Dead Branch"},{"floor":28,"key":"Prayer Wheel"},{"floor":34,"key":"Oddly Smooth Stone"},{"floor":34,"key":"Kunai"},{"floor":34,"key":"Incense Burner"},{"floor":38,"key":"WingedGreaves"},{"floor":40,"key":"Anchor"},{"floor":43,"key":"Mercury Hourglass"},{"floor":44,"key":"Question Card"},{"floor":47,"key":"Pen Nib"},{"floor":49,"key":"Bag of Marbles"}],"event_choices":[{"event_name":"Match and Keep!","player_choice":"2 cards matched","floor":2,"damage_taken":0},{"event_name":"Beggar","player_choice":"Gave Gold","floor":20,"damage_taken":0},{"event_name":"Winding Halls","player_choice":"Embrace Madness","floor":37,"damage_taken":0},{"event_name":"MindBloom","player_choice":"Fight","floor":38,"damage_taken":0}],"is_beta":false,"boss_relics":[{"not_picked":["Fusion Hammer","Runic Dome"],"picked":"Astrolabe"},{"not_picked":["Sozu","White Beast Statue"],"picked":"Calling Bell"}],"items_purged_floors":[39,45],"is_endless":false,"potions_floor_spawned":[5,14,16,21,24,30,33,40,48],"ascension_level":3}