{"gold_per_floor":[115,129,148,159,169,196,208,208,208,208,224,224,241,251,251,251],"floor_reached":16,"playtime":771,"items_purged":[],"score":108,"play_id":"d3b6ae4a-9d07-4efa-8fb1-065d9a99c111","local_time":"20180722224735","is_ascension_mode":false,"campfire_choices":[{"floor":8,"key":"REST"},{"floor":10,"key":"REST"},{"floor":15,"key":"REST"}],"neow_cost":"","seed_source_timestamp":124788036580258,"circlet_count":0,"master_deck":["Strike_B","Strike_B","Strike_B","Strike_B","Defend_B","Defend_B","Defend_B","Defend_B","Zap","Dualcast","Chill","Redo","Capacitor","Darkness","Streamline","Auto Shields+1","Blizzard"],"relics":["Cracked Core","Strawberry","Bottled Flame","Toxic Egg 2"],"potions_floor_usage":[5,6,14],"damage_taken":[{"damage":6,"enemies":"Jaw Worm","floor":1,"turns":3},{"damage":0,"enemies":"2 Louse","floor":2,"turns":2},{"damage":0,"enemies":"Cultist","floor":3,"turns":3},{"damage":5,"enemies":"Lots of Slimes","floor":4,"turns":5},{"damage":16,"enemies":"Exordium Wildlife","floor":5,"turns":4},{"damage":34,"enemies":"Gremlin Nob","floor":6,"turns":4},{"damage":18,"enemies":"Gremlin Gang","floor":7,"turns":7},{"damage":0,"enemies":"3 Louse","floor":11,"turns":3},{"damage":14,"enemies":"Blue Slaver","floor":13,"turns":3},{"damage":0,"enemies":"Gremlin Gang","floor":14,"turns":3},{"damage":30,"enemies":"Slime Boss","floor":16,"turns":3}],"seed_played":"-5449576789223551793","potions_obtained":[{"floor":1,"key":"GamblersBrew"},{"floor":2,"key":"Poison Potion"},{"floor":6,"key":"Weak Potion"},{"floor":13,"key":"Explosive Potion"}],"is_trial":false,"path_per_floor":["M","M","M","M","M","E","M","R","T","R","M","?","M","M","R"],"character_chosen":"DEFECT","items_purchased":[],"campfire_rested":3,"item_purchase_floors":[],"current_hp_per_floor":[69,69,69,64,48,21,3,27,27,51,51,18,4,4,28,0],"gold":251,"neow_bonus":"","is_prod":false,"is_daily":false,"chose_seed":false,"campfire_upgraded":0,"win_rate":0.0,"timestamp":1532324855,"path_taken":["M","M","M","M","M","E","M","R","T","R","M","?","M","M","R","BOSS"],"build_version":"2018-07-19v2","purchased_purges":0,"victory":false,"max_hp_per_floor":[75,75,75,75,75,82,82,82,82,82,82,82,82,82,82,82],"card_choices":[{"not_picked":["Lockon","Loop"],"picked":"Chill","floor":1},{"not_picked":["Beam Cell","Leap","Reinforced Body"],"picked":"SKIP","floor":2},{"not_picked":["Melter","Sweeping Beam"],"picked":"Redo","floor":3},{"not_picked":["Loop","Gash"],"picked":"Capacitor","floor":4},{"not_picked":["Go for the Eyes","Consume","Gash"],"picked":"SKIP","floor":5},{"not_picked":["Steam","Gash"],"picked":"Darkness","floor":6},{"not_picked":["Leap","Go for the Eyes"],"picked":"Streamline","floor":7},{"not_picked":["Beam Cell","Leap","Loop"],"picked":"SKIP","floor":11},{"not_picked":["Rip and Tear","Steam+1"],"picked":"Auto Shields+1","floor":13},{"not_picked":["Creative AI","Chaos+1"],"picked":"Blizzard","floor":14}],"player_experience":77253,"relics_obtained":[{"floor":6,"key":"Strawberry"},{"floor":9,"key":"Bottled Flame"}],"event_choices":[{"event_name":"Scrap Ooze","player_choice":"success","floor":12,"damage_taken":33}],"is_beta":false,"boss_relics":[],"items_purged_floors":[],"is_endless":false,"potions_floor_spawned":[1,2,6,13],"killed_by":"Slime Boss","ascension_level":0}