{"gold_per_floor":[360,372,130,143,143,173,173,189,189,203,203,216,391,341,341,438,438,448,448,54,54,54,54,54,80,129,148,174,174,38,49,49,150,150,170,189,37,37,48,48,64,64,64,99,99,117,142,142,142,142],"floor_reached":50,"playtime":3010,"items_purged":["Normality","Compile Driver"],"score":775,"play_id":"8005ba00-7a5d-4f5c-8516-b9a2a39cf183","local_time":"20190212233943","is_ascension_mode":true,"campfire_choices":[{"data":"Hologram","floor":7.0,"key":"SMITH"},{"floor":11.0,"key":"REST"},{"data":"Hologram","floor":15.0,"key":"SMITH"},{"floor":24.0,"key":"REST"},{"floor":29.0,"key":"REST"},{"data":"Zap","floor":32.0,"key":"SMITH"},{"floor":42.0,"key":"REST"},{"floor":49,"key":"RECALL"}],"neow_cost":"CURSE","seed_source_timestamp":0,"circlet_count":0,"master_deck":["Strike_B","Strike_B","Strike_B","Defend_B","Defend_B","Defend_B","Defend_B","Zap+1","Dualcast","Gash","Hologram","Self Repair","Reinforced Body","Hologram+1","Hologram+1","Leap","Skim","Electrodynamics","Stack","White Noise+1","All For One","Gash+1","White Noise","Seek","Rebound+1","Scrape","Auto Shields+1","Stack","Loop+1","Core Surge","Biased Cognition","Zap","Reprogram+1","Stack","Doubt","Ball Lightning","Writhe"],"special_seed":0,"relics":["Cracked Core","Orichalcum","Dream Catcher","Eternal Feather","Sundial","HandDrill","Enchiridion","Turnip","Happy Flower","Vajra","Orrery","Anchor","Ornamental Fan","Shuriken","Question Card"],"potions_floor_usage":[44,47],"damage_taken":[{"damage":0.0,"enemies":"2 Louse","floor":1.0,"turns":1.0},{"damage":1.0,"enemies":"Cultist","floor":2.0,"turns":3.0},{"damage":7.0,"enemies":"Small Slimes","floor":4.0,"turns":3.0},{"damage":36.0,"enemies":"Lagavulin","floor":6.0,"turns":8.0},{"damage":0.0,"enemies":"3 Louse","floor":8.0,"turns":3.0},{"damage":20.0,"enemies":"Exordium Wildlife","floor":10.0,"turns":5.0},{"damage":16.0,"enemies":"Looter","floor":12.0,"turns":4.0},{"damage":36.0,"enemies":"Slime Boss","floor":16.0,"turns":11.0},{"damage":20.0,"enemies":"Spheric Guardian","floor":18.0,"turns":5.0},{"damage":0.0,"enemies":"Gremlin Leader","floor":23.0,"turns":1.0},{"damage":33.0,"enemies":"Book of Stabbing","floor":25.0,"turns":8.0},{"damage":1.0,"enemies":"Shell Parasite","floor":27.0,"turns":7.0},{"damage":64.0,"enemies":"Gremlin Leader","floor":28.0,"turns":10.0},{"damage":7.0,"enemies":"Cultist and Chosen","floor":31.0,"turns":6.0},{"damage":60.0,"enemies":"Automaton","floor":33.0,"turns":12.0},{"damage":3.0,"enemies":"3 Shapes","floor":35.0,"turns":3.0},{"damage":15.0,"enemies":"3 Darklings","floor":36.0,"turns":3.0},{"damage":30.0,"enemies":"Sphere and 2 Shapes","floor":39.0,"turns":5.0},{"damage":18.0,"enemies":"Spire Growth","floor":41.0,"turns":5.0},{"damage":51,"enemies":"Giant Head","floor":44,"turns":7},{"damage":47,"enemies":"Jaw Worm Horde","floor":46,"turns":5},{"damage":43,"enemies":"Reptomancer","floor":47,"turns":6},{"damage":75,"enemies":"Awakened One","floor":50,"turns":3}],"seed_played":"-6241946909559707224","potions_obtained":[{"floor":6.0,"key":"FocusPotion"},{"floor":10.0,"key":"SkillPotion"},{"floor":16.0,"key":"SpeedPotion"},{"floor":25.0,"key":"Regen Potion"},{"floor":27.0,"key":"EssenceOfSteel"},{"floor":31.0,"key":"LiquidBronze"},{"floor":33.0,"key":"FocusPotion"},{"floor":41.0,"key":"Poison Potion"},{"floor":46,"key":"Regen Potion"}],"is_trial":false,"path_per_floor":["M","M","$","M","?","E","R","M","T","M","R","M","?","?","R","B",null,"M","?","$","?","T","E","R","E","T","M","E","R","$","M","R","B",null,"M","M","$","?","M","?","M","R","T","E","?","M","E","?","R","B"],"character_chosen":"DEFECT","items_purchased":["Self Repair","Fruit Juice","Fruit Juice","HandDrill","SmokeBomb","White Noise","Anchor"],"campfire_rested":4,"item_purchase_floors":[3,3,20,20,20,30,37],"current_hp_per_floor":[68,67,67,72,72,43,43,50,50,37,61,52,52,52,52,23,66,46,46,51,35,35,35,72,53,53,66,24,61,61,61,73,20,69,66,58,58,58,35,35,17,60,60,9,85,45,24,45,66,0],"gold":142,"neow_bonus":"TWO_FIFTY_GOLD","is_prod":false,"is_daily":false,"chose_seed":false,"campfire_upgraded":3,"win_rate":0,"timestamp":1550036383,"path_taken":["M","M","$","M","?","E","R","M","T","?","R","M","?","?","R","BOSS","M","?","$","?","?","E","R","E","T","?","E","R","$","M","R","BOSS","M","M","$","?","?","?","?","R","T","E","?","M","E","?","R","BOSS"],"build_version":"2019-01-23","purchased_purges":2,"victory":false,"max_hp_per_floor":[75,75,75,80,80,80,80,80,80,80,80,80,80,80,80,80,80,80,80,85,85,85,85,85,85,85,85,85,85,85,85,85,85,85,85,85,85,85,85,85,85,85,85,85,85,85,85,85,85,85],"card_choices":[{"not_picked":["Capacitor","Loop"],"picked":"Gash","floor":1.0},{"not_picked":["Redo","Sweeping Beam"],"picked":"Hologram","floor":2.0},{"not_picked":["Sweeping Beam","Doom and Gloom"],"picked":"Reinforced Body","floor":4.0},{"not_picked":["Barrage","Core Surge"],"picked":"Hologram","floor":6.0},{"not_picked":["Ball Lightning","Conserve Battery"],"picked":"Compile Driver","floor":8.0},{"not_picked":["Conserve Battery","Steam"],"picked":"Leap","floor":10.0},{"not_picked":["Lockon","Conserve Battery"],"picked":"Skim","floor":11.0},{"not_picked":["Rip and Tear","Cold Snap","Turbo"],"picked":"SKIP","floor":12.0},{"not_picked":["Rainbow","All For One"],"picked":"Electrodynamics","floor":16.0},{"not_picked":["Ball Lightning","Aggregate+1"],"picked":"Stack","floor":18.0},{"not_picked":["Creative AI","Steam Power","Static Discharge"],"picked":"SKIP","floor":25.0},{"not_picked":["Leap","Streamline+1"],"picked":"White Noise+1","floor":27.0},{"not_picked":["Storm+1","Double Energy"],"picked":"All For One","floor":28.0},{"not_picked":["Rip and Tear","Rebound"],"picked":"Gash+1","floor":29.0},{"not_picked":["Conserve Battery","Hello World","Streamline"],"picked":"SKIP","floor":31.0},{"not_picked":["Fission","Meteor Strike"],"picked":"Seek","floor":33.0},{"not_picked":["Barrage+1","Glacier"],"picked":"Rebound+1","floor":34.0},{"not_picked":["Barrage+1","Steam"],"picked":"Scrape","floor":34.0},{"not_picked":["Storm","Glacier"],"picked":"Auto Shields+1","floor":34.0},{"not_picked":["Barrage","Streamline"],"picked":"Stack","floor":34.0},{"not_picked":["Steam+1","Reinforced Body"],"picked":"Loop+1","floor":35.0},{"not_picked":["Hello World+1","Sweeping Beam"],"picked":"Core Surge","floor":36.0},{"not_picked":["Melter+1","Darkness+1"],"picked":"Reprogram+1","floor":39.0},{"not_picked":["Beam Cell+1","Steam+1","Lockon"],"picked":"SKIP","floor":41.0},{"not_picked":["Rebound","Compile Driver+1"],"picked":"Stack","floor":42.0},{"not_picked":["Stack+1","Leap","Double Energy"],"picked":"SKIP","floor":44},{"not_picked":["Doom and Gloom","Go for the Eyes","Sunder"],"picked":"SKIP","floor":46},{"not_picked":["Fusion+1","Stack"],"picked":"Ball Lightning","floor":47}],"player_experience":479784,"relics_obtained":[{"floor":6.0,"key":"Orichalcum"},{"floor":9.0,"key":"Dream Catcher"},{"floor":21.0,"key":"Enchiridion"},{"floor":25.0,"key":"Turnip"},{"floor":26.0,"key":"Happy Flower"},{"floor":28.0,"key":"Vajra"},{"floor":43.0,"key":"Ornamental Fan"},{"floor":44,"key":"Shuriken"},{"floor":47,"key":"Question Card"}],"event_choices":[{"damage_healed":0.0,"max_hp_gain":0.0,"max_hp_loss":0.0,"gold_gain":0.0,"cards_transformed":["Strike_B"],"event_name":"Transmorgrifier","player_choice":"Transformed","floor":5.0,"gold_loss":0.0,"damage_taken":0.0,"cards_obtained":["Hologram"]},{"damage_healed":0.0,"max_hp_gain":0.0,"max_hp_loss":0.0,"gold_gain":175.0,"event_name":"Liars Game","player_choice":"AGREE","floor":13.0,"gold_loss":0.0,"damage_taken":0.0,"cards_obtained":["Doubt"]},{"cards_removed":["Doubt"],"damage_healed":0.0,"max_hp_gain":0.0,"max_hp_loss":0.0,"gold_gain":0.0,"event_name":"The Cleric","player_choice":"Card Removal","floor":14.0,"gold_loss":50.0,"damage_taken":0.0},{"damage_healed":0.0,"max_hp_gain":0.0,"max_hp_loss":0.0,"gold_gain":0.0,"event_name":"The Mausoleum","player_choice":"Opened","floor":19.0,"gold_loss":0.0,"damage_taken":0.0,"relics_obtained":["Sundial"]},{"damage_healed":0.0,"max_hp_gain":0.0,"max_hp_loss":0.0,"gold_gain":0.0,"event_name":"Cursed Tome","player_choice":"Obtained Book","floor":21.0,"gold_loss":0.0,"damage_taken":16.0},{"damage_healed":0.0,"max_hp_gain":0.0,"max_hp_loss":0.0,"gold_gain":0.0,"event_name":"Match and Keep!","player_choice":"2 cards matched","floor":38.0,"gold_loss":0.0,"damage_taken":0.0,"cards_obtained":["Biased Cognition","Zap"]},{"damage_healed":0.0,"max_hp_gain":0.0,"max_hp_loss":0.0,"gold_gain":0.0,"event_name":"SecretPortal","player_choice":"Ignored","floor":40.0,"gold_loss":0.0,"damage_taken":0.0},{"damage_healed":76,"gold_gain":0,"player_choice":"Heal","damage_taken":0,"max_hp_gain":0,"max_hp_loss":0,"event_name":"MindBloom","floor":45,"gold_loss":0,"cards_obtained":["Doubt"]},{"damage_healed":21,"gold_gain":0,"player_choice":"Writhe","damage_taken":0,"max_hp_gain":0,"max_hp_loss":0,"event_name":"Winding Halls","floor":48,"gold_loss":0,"cards_obtained":["Writhe"]}],"is_beta":false,"boss_relics":[{"not_picked":["Ectoplasm","Philosopher\u0027s Stone"],"picked":"Eternal Feather"},{"not_picked":["Calling Bell","Busted Crown"],"picked":"Orrery"}],"items_purged_floors":[3,30],"is_endless":false,"potions_floor_spawned":[6,10,16,25,27,31,33,41,46],"killed_by":"Awakened One","ascension_level":6}