{"gold_per_floor":[111,130,33,33,108,108,169,169,195,224,374,404,404,423,423,501,501,511,530,530,11,11,11,36,55,131,131],"floor_reached":27,"playtime":922,"items_purged":["Doubt"],"score":544,"play_id":"e4c5ad9f-85b0-4a48-a2a9-b9b62951c9b2","local_time":"20190411082919","is_ascension_mode":true,"campfire_choices":[{"data":"Sweeping Beam","floor":6.0,"key":"SMITH"},{"data":"Hello World","floor":8.0,"key":"SMITH"},{"floor":13.0,"key":"REST"},{"floor":15.0,"key":"REST"},{"floor":23,"key":"REST"}],"neow_cost":"NONE","seed_source_timestamp":137145548885088,"circlet_count":0,"master_deck":["AscendersBane","Strike_B","Strike_B","Strike_B","Strike_B","Defend_B","Defend_B","Defend_B","Defend_B","Zap","Dualcast","Sweeping Beam+1","Hello World+1","Force Field","Gash","Hello World+1","Coolheaded","Chill","Ball Lightning","Steam Power","Static Discharge","Echo Form","Defragment","Echo Form","Ball Lightning","White Noise"],"special_seed":0,"relics":["Cracked Core","NeowsBlessing","Tiny Chest","Orichalcum","Dream Catcher","The Courier","Busted Crown","Enchiridion","DollysMirror","Pear","Oddly Smooth Stone","Symbiotic Virus"],"potions_floor_usage":[27],"damage_taken":[{"damage":0.0,"enemies":"2 Louse","floor":1.0,"turns":1.0},{"damage":0.0,"enemies":"Small Slimes","floor":2.0,"turns":1.0},{"damage":0.0,"enemies":"Lagavulin","floor":7.0,"turns":1.0},{"damage":32.0,"enemies":"Gremlin Nob","floor":10.0,"turns":4.0},{"damage":15.0,"enemies":"3 Sentries","floor":12.0,"turns":6.0},{"damage":0.0,"enemies":"Cultist","floor":14.0,"turns":3.0},{"damage":29.0,"enemies":"Slime Boss","floor":16.0,"turns":8.0},{"damage":3.0,"enemies":"Spheric Guardian","floor":18.0,"turns":5.0},{"damage":2,"enemies":"Chosen","floor":19,"turns":5},{"damage":32,"enemies":"Book of Stabbing","floor":24,"turns":5},{"damage":5,"enemies":"Centurion and Healer","floor":25,"turns":6},{"damage":31,"enemies":"Slavers","floor":27,"turns":2}],"seed_played":"-6360466171437058333","potions_obtained":[{"floor":2.0,"key":"Explosive Potion"},{"floor":12.0,"key":"Fire Potion"},{"floor":18.0,"key":"Dexterity Potion"}],"is_trial":false,"path_per_floor":["M","M","$","?","?","R","E","R","T","E","?","E","R","M","R","B",null,"M","M","?","$","?","R","E","M","T","E"],"character_chosen":"DEFECT","items_purchased":["Force Field","Gash","Defragment","DollysMirror","Pear"],"campfire_rested":3,"item_purchase_floors":[3,3,21,21,21],"current_hp_per_floor":[64,64,64,64,53,53,53,53,53,21,21,6,27,27,48,19,58,55,53,32,42,42,66,34,29,29,0],"gold":131,"neow_bonus":"THREE_ENEMY_KILL","is_prod":false,"is_daily":false,"chose_seed":false,"campfire_upgraded":2,"win_rate":0,"timestamp":1554989359,"path_taken":["M","M","$","?","?","R","E","R","T","E","?","E","R","M","R","BOSS","M","M","?","$","?","R","E","M","T","E"],"build_version":"2019-01-23","purchased_purges":1,"victory":false,"max_hp_per_floor":[71,71,71,71,71,71,71,71,71,71,71,71,71,71,71,71,71,71,71,71,81,81,81,81,81,81,81],"card_choices":[{"not_picked":["Go for the Eyes","Rip and Tear"],"picked":"Sweeping Beam","floor":1.0},{"not_picked":["Rebound","Hologram"],"picked":"Hello World","floor":2.0},{"not_picked":["Sweeping Beam","Recycle"],"picked":"Hello World","floor":7.0},{"not_picked":["Blizzard","Turbo"],"picked":"Coolheaded","floor":10.0},{"not_picked":["Streamline","Leap"],"picked":"Chill","floor":12.0},{"not_picked":["Scrape","Doom and Gloom"],"picked":"Ball Lightning","floor":13.0},{"not_picked":["Reprogram","Skim"],"picked":"Steam Power","floor":14.0},{"not_picked":["Skim","Steam Power"],"picked":"Static Discharge","floor":15.0},{"not_picked":["Amplify","Reboot"],"picked":"Echo Form","floor":16.0},{"not_picked":["Stack"],"picked":"SKIP","floor":18.0},{"not_picked":["Scrape"],"picked":"SKIP","floor":19},{"not_picked":[],"picked":"Ball Lightning","floor":23},{"not_picked":["Meteor Strike"],"picked":"SKIP","floor":24},{"not_picked":[],"picked":"White Noise","floor":25}],"player_experience":909136,"relics_obtained":[{"floor":7.0,"key":"Tiny Chest"},{"floor":9.0,"key":"Orichalcum"},{"floor":10.0,"key":"Dream Catcher"},{"floor":12.0,"key":"The Courier"},{"floor":20,"key":"Enchiridion"},{"floor":24,"key":"Oddly Smooth Stone"},{"floor":26,"key":"Symbiotic Virus"}],"event_choices":[{"damage_healed":0.0,"max_hp_gain":0.0,"max_hp_loss":0.0,"gold_gain":0.0,"event_name":"Living Wall","player_choice":"Grow","floor":4.0,"gold_loss":0.0,"damage_taken":0.0,"cards_upgraded":["Hello World"]},{"damage_healed":0.0,"max_hp_gain":0.0,"max_hp_loss":0.0,"gold_gain":75.0,"event_name":"World of Goop","player_choice":"Gather Gold","floor":5.0,"gold_loss":0.0,"damage_taken":11.0},{"damage_healed":0.0,"max_hp_gain":0.0,"max_hp_loss":0.0,"gold_gain":150.0,"event_name":"Liars Game","player_choice":"AGREE","floor":11.0,"gold_loss":0.0,"damage_taken":0.0,"cards_obtained":["Doubt"]},{"damage_healed":0,"gold_gain":0,"player_choice":"Obtained Book","damage_taken":21,"max_hp_gain":0,"max_hp_loss":0,"event_name":"Cursed Tome","floor":20,"gold_loss":0},{"damage_healed":0,"gold_gain":0,"player_choice":"Ignored","damage_taken":0,"max_hp_gain":0,"max_hp_loss":0,"event_name":"Ghosts","floor":22,"gold_loss":0}],"is_beta":false,"boss_relics":[{"not_picked":["Lizard Tail","Snecko Eye"],"picked":"Busted Crown"}],"items_purged_floors":[21],"is_endless":false,"potions_floor_spawned":[2,12,18],"killed_by":"Slavers","ascension_level":20}