{"gold_per_floor":[118,134,152,0,13,13,24,24,69,97,113,135,170,184,184,256,256,273,8,19,119,45,45,45,77,104,136,136,152,152,152,152,227,227,247,266,266,282,282,307,317,331,380,380,415,742,375,402,402,402,402,402,65,99,99],"floor_reached":56,"playtime":2882,"items_purged":["Strike_R","Parasite","Strike_R"],"score":2084,"play_id":"4265943e-3d81-4978-8609-ef73b3ca48eb","local_time":"20190413133734","is_ascension_mode":true,"campfire_choices":[{"data":"Shrug It Off","floor":6,"key":"SMITH"},{"floor":8,"key":"REST"},{"floor":15,"key":"REST"},{"data":"True Grit","floor":23,"key":"SMITH"},{"data":"Limit Break","floor":24,"key":"SMITH"},{"floor":28,"key":"REST"},{"floor":30,"key":"REST"},{"data":"Demon Form","floor":32,"key":"SMITH"},{"floor":44,"key":"RECALL"},{"data":"Heavy Blade","floor":49,"key":"SMITH"},{"data":"Dual Wield","floor":52,"key":"SMITH"}],"neow_cost":"NONE","seed_source_timestamp":71453306623940,"circlet_count":0,"master_deck":["AscendersBane","Strike_R","Strike_R+1","Defend_R","Defend_R","Defend_R","Defend_R","Bash+1","Headbutt","Demon Form+1","Shrug It Off+1","Feed","Clothesline","Shrug It Off","Flame Barrier","True Grit+1","Limit Break+1","Impervious","Pommel Strike","Battle Trance","Dual Wield+1","Disarm+1","Reaper","Metallicize+1","Whirlwind+1","Madness","Madness","Barricade","Armaments+1","Demon Form+1","Heavy Blade+1","Burning Pact","Uppercut","Shockwave"],"relics":["Burning Blood","Whetstone","Anchor","Pear","Odd Mushroom","Art of War","Snecko Eye","Membership Card","WingedGreaves","Mummified Hand","Smiling Mask","Bag of Preparation","Red Mask","Mark of Pain","Lantern","Bronze Scales","Sundial","Old Coin","DollysMirror","Potion Belt","Vajra","Lee\u0027s Waffle","Orichalcum","Paper Frog"],"potions_floor_usage":[16,16,20,21,29,33,50,50,50,50,54,55,55],"damage_taken":[{"damage":3,"enemies":"Jaw Worm","floor":1,"turns":4},{"damage":6,"enemies":"2 Louse","floor":2,"turns":2},{"damage":5,"enemies":"Small Slimes","floor":3,"turns":4},{"damage":27,"enemies":"Gremlin Gang","floor":5,"turns":7},{"damage":14,"enemies":"2 Fungi Beasts","floor":7,"turns":6},{"damage":20,"enemies":"3 Sentries","floor":10,"turns":8},{"damage":0,"enemies":"Large Slime","floor":11,"turns":5},{"damage":25,"enemies":"The Mushroom Lair","floor":12,"turns":5},{"damage":17,"enemies":"Lagavulin","floor":13,"turns":9},{"damage":10,"enemies":"Exordium Wildlife","floor":14,"turns":6},{"damage":40,"enemies":"Hexaghost","floor":16,"turns":12},{"damage":4,"enemies":"Shell Parasite","floor":18,"turns":7},{"damage":0,"enemies":"Chosen","floor":20,"turns":5},{"damage":9,"enemies":"Colosseum Slavers","floor":21,"turns":5},{"damage":13,"enemies":"Colosseum Nobs","floor":21,"turns":5},{"damage":42,"enemies":"Book of Stabbing","floor":25,"turns":5},{"damage":58,"enemies":"Masked Bandits","floor":27,"turns":7},{"damage":37,"enemies":"3 Cultists","floor":29,"turns":6},{"damage":37,"enemies":"Collector","floor":33,"turns":8},{"damage":0,"enemies":"Orb Walker","floor":35,"turns":3},{"damage":23,"enemies":"3 Darklings","floor":36,"turns":4},{"damage":10,"enemies":"Jaw Worm Horde","floor":38,"turns":6},{"damage":24,"enemies":"Nemesis","floor":40,"turns":5},{"damage":0,"enemies":"Transient","floor":41,"turns":5},{"damage":0,"enemies":"Writhing Mass","floor":42,"turns":4},{"damage":0,"enemies":"Giant Head","floor":45,"turns":8},{"damage":7,"enemies":"Reptomancer","floor":46,"turns":5},{"damage":22,"enemies":"Nemesis","floor":48,"turns":5},{"damage":29,"enemies":"Awakened One","floor":50,"turns":10},{"damage":21,"enemies":"Shield and Spear","floor":54,"turns":5},{"damage":30,"enemies":"The Heart","floor":55,"turns":7}],"seed_played":"-7953823940326667015","potions_obtained":[{"floor":10,"key":"Strength Potion"},{"floor":12,"key":"Block Potion"},{"floor":14,"key":"BloodPotion"},{"floor":18,"key":"GamblersBrew"},{"floor":27,"key":"Regen Potion"},{"floor":29,"key":"Dexterity Potion"},{"floor":35,"key":"SteroidPotion"},{"floor":41,"key":"Strength Potion"},{"floor":48,"key":"Block Potion"},{"floor":54,"key":"FearPotion"}],"is_trial":false,"path_per_floor":["M","M","M","$","M","R","M","R","T","E","M","?","E","M","R","B",null,"M","$","M","?","$","R","R","E","T","?","R","M","R","T","R","B",null,"M","M","?","M","?","E","M","M","T","R","E","E","$","E","R","B",null,"R","$","E","B",null],"character_chosen":"IRONCLAD","items_purchased":["Feed","Membership Card","Pommel Strike","Fruit Juice","Dual Wield","DollysMirror","Heavy Blade","Burning Pact","PowerPotion","Potion Belt","EssenceOfSteel","BloodPotion","Uppercut","EssenceOfSteel","Fire Potion","Swift Potion","Lee\u0027s Waffle","Orichalcum"],"campfire_rested":4,"item_purchase_floors":[4,19,19,19,22,47,47,47,47,47,47,47,53,53,53,53,53,53],"current_hp_per_floor":[71,71,72,72,54,54,49,73,73,72,81,65,57,53,83,59,92,94,94,108,98,98,98,98,65,65,13,47,34,69,69,69,41,100,116,123,108,107,107,105,126,126,126,126,126,125,123,107,107,111,123,123,134,122,98],"gold":99,"neow_bonus":"RANDOM_COMMON_RELIC","is_prod":false,"is_daily":false,"chose_seed":false,"campfire_upgraded":6,"win_rate":0,"timestamp":1555151854,"path_taken":["M","M","M","$","M","R","M","R","T","E","M","?","E","M","R","BOSS","M","$","M","?","$","R","R","E","T","?","R","M","R","?","R","BOSS","M","M","?","M","?","E","M","?","T","R","E","E","$","E","R","BOSS","R","$","E","BOSS"],"build_version":"2019-01-23","purchased_purges":3,"victory":true,"max_hp_per_floor":[75,75,75,75,78,78,81,81,81,94,97,100,103,103,103,103,103,103,103,111,111,111,111,111,114,114,114,114,117,117,117,117,120,120,123,123,123,126,126,126,126,126,126,126,126,126,123,123,123,127,127,127,134,137,137],"card_choices":[{"not_picked":["True Grit","Sword Boomerang"],"picked":"Headbutt","floor":1},{"not_picked":["Wild Strike","Anger"],"picked":"Demon Form","floor":2},{"not_picked":["Wild Strike","Sever Soul"],"picked":"Shrug It Off","floor":3},{"not_picked":["Corruption","Anger"],"picked":"Clothesline","floor":5},{"not_picked":["Power Through","Twin Strike","Dropkick"],"picked":"SKIP","floor":7},{"not_picked":["Second Wind","Anger"],"picked":"Shrug It Off","floor":10},{"not_picked":["Corruption","Thunderclap","Anger"],"picked":"SKIP","floor":11},{"not_picked":["Sentinel","Dropkick"],"picked":"Flame Barrier","floor":12},{"not_picked":["Hemokinesis","Infernal Blade"],"picked":"True Grit","floor":13},{"not_picked":["Heavy Blade","Armaments"],"picked":"Limit Break","floor":14},{"not_picked":["Berserk","Demon Form"],"picked":"Impervious","floor":16},{"not_picked":["Headbutt","Perfected Strike","Hemokinesis"],"picked":"SKIP","floor":18},{"not_picked":["Hemokinesis","Body Slam","Dark Embrace"],"picked":"SKIP","floor":20},{"not_picked":["Rupture","Clothesline"],"picked":"Battle Trance","floor":21},{"not_picked":["Headbutt","Anger","Spot Weakness"],"picked":"SKIP","floor":25},{"not_picked":["Perfected Strike","Second Wind"],"picked":"Disarm+1","floor":27},{"not_picked":["Anger","Perfected Strike","Twin Strike"],"picked":"SKIP","floor":29},{"not_picked":["Brutality","Juggernaut"],"picked":"Reaper","floor":33},{"not_picked":["True Grit","Anger"],"picked":"Metallicize+1","floor":35},{"not_picked":["Armaments","Heavy Blade+1"],"picked":"Whirlwind+1","floor":36},{"not_picked":["True Grit","Headbutt"],"picked":"Barricade","floor":38},{"not_picked":["Spot Weakness","Corruption"],"picked":"Armaments+1","floor":40},{"not_picked":["Iron Wave","Clothesline+1","Perfected Strike"],"picked":"SKIP","floor":41},{"not_picked":["Searing Blow","Spot Weakness+1","Carnage+1"],"picked":"SKIP","floor":42},{"not_picked":["Fire Breathing","Dropkick","Dual Wield"],"picked":"SKIP","floor":45},{"not_picked":["Dropkick+1","Spot Weakness","Dual Wield"],"picked":"SKIP","floor":46},{"not_picked":["Blood for Blood","Rampage","True Grit"],"picked":"SKIP","floor":48},{"not_picked":["Heavy Blade","Pommel Strike"],"picked":"Shockwave","floor":54}],"player_experience":864425,"relics_obtained":[{"floor":9,"key":"Anchor"},{"floor":10,"key":"Pear"},{"floor":12,"key":"Odd Mushroom"},{"floor":13,"key":"Art of War"},{"floor":21,"key":"WingedGreaves"},{"floor":21,"key":"Mummified Hand"},{"floor":25,"key":"Smiling Mask"},{"floor":26,"key":"Bag of Preparation"},{"floor":27,"key":"Red Mask"},{"floor":40,"key":"Lantern"},{"floor":43,"key":"Bronze Scales"},{"floor":45,"key":"Sundial"},{"floor":46,"key":"Old Coin"},{"floor":48,"key":"Vajra"},{"floor":54,"key":"Paper Frog"}],"event_choices":[{"damage_healed":0,"gold_gain":0,"player_choice":"Fought Mushrooms","damage_taken":0,"max_hp_gain":0,"max_hp_loss":0,"event_name":"Mushrooms","floor":12,"gold_loss":0},{"damage_healed":0,"gold_gain":0,"player_choice":"Fight","damage_taken":0,"max_hp_gain":0,"max_hp_loss":0,"event_name":"Colosseum","floor":21,"gold_loss":0},{"damage_healed":0,"gold_gain":0,"player_choice":"Fought Nobs","damage_taken":0,"max_hp_gain":0,"max_hp_loss":0,"event_name":"Colosseum","floor":21,"gold_loss":0},{"damage_healed":0,"gold_gain":0,"player_choice":"Fought Bandits","damage_taken":0,"max_hp_gain":0,"max_hp_loss":0,"event_name":"Masked Bandits","floor":27,"gold_loss":0},{"damage_healed":0,"gold_gain":0,"player_choice":"Embrace Madness","damage_taken":15,"max_hp_gain":0,"max_hp_loss":0,"event_name":"Winding Halls","floor":37,"gold_loss":0,"cards_obtained":["Madness","Madness"]},{"cards_removed":["Strike_R"],"damage_healed":0,"gold_gain":0,"player_choice":"Offered Basic","damage_taken":0,"max_hp_gain":0,"max_hp_loss":0,"event_name":"Bonfire Elementals","floor":39,"gold_loss":0}],"is_beta":false,"boss_relics":[{"not_picked":["Black Blood","Empty Cage"],"picked":"Snecko Eye"},{"not_picked":["Fusion Hammer","Busted Crown"],"picked":"Mark of Pain"}],"items_purged_floors":[22,47,53],"is_endless":false,"potions_floor_spawned":[10,12,14,18,21,27,29,35,41,45,48,54],"ascension_level":14}