{"gold_per_floor":[114,114,34,53,64,64,90,90,164,164,164,195,205,89,89,192,192,178,190,190,34,34,66,66,66],"floor_reached":25,"playtime":1123,"items_purged":["Dash"],"score":302,"play_id":"3e3ba7bf-8f11-44c2-a46e-82ce878a9f5b","local_time":"20190227123948","is_ascension_mode":true,"campfire_choices":[{"data":"Blade Dance","floor":6,"key":"SMITH"},{"data":"Noxious Fumes","floor":8,"key":"SMITH"},{"floor":10,"key":"REST"},{"data":"Infinite Blades","floor":15,"key":"SMITH"},{"floor":24,"key":"REST"}],"neow_cost":"NONE","seed_source_timestamp":819889346451963,"circlet_count":0,"master_deck":["Defend_G+1","Defend_G+1","Defend_G+1","Defend_G+1","Defend_G+1","Survivor","Neutralize","Blade Dance+1","Infinite Blades+1","Noxious Fumes+1","Burst","Cloak And Dagger","Dagger Throw","Tools of the Trade","Noxious Fumes","Blade Dance","Phantasmal Killer","Burst+1","Expertise+1","Distraction+1","Catalyst","Catalyst","Escape Plan","Accuracy","Calculated Gamble+1"],"relics":["Ring of the Snake","NeowsBlessing","Boot","Gremlin Horn","Bottled Lightning","Astrolabe","Strawberry"],"potions_floor_usage":[12,12,13,19,23],"damage_taken":[{"damage":0,"enemies":"2 Louse","floor":1,"turns":1},{"damage":0,"enemies":"Small Slimes","floor":4,"turns":1},{"damage":0,"enemies":"Cultist","floor":5,"turns":1},{"damage":26,"enemies":"Lagavulin","floor":7,"turns":7},{"damage":0,"enemies":"Gremlin Nob","floor":12,"turns":3},{"damage":5,"enemies":"Large Slime","floor":13,"turns":4},{"damage":42,"enemies":"The Guardian","floor":16,"turns":11},{"damage":24,"enemies":"2 Thieves","floor":18,"turns":4},{"damage":20,"enemies":"Chosen","floor":19,"turns":5},{"damage":6,"enemies":"Gremlin Leader","floor":23,"turns":6},{"damage":50,"enemies":"Slavers","floor":25,"turns":5}],"seed_played":"6426384022722736908","potions_obtained":[{"floor":1,"key":"SneckoOil"},{"floor":4,"key":"Weak Potion"},{"floor":11,"key":"Poison Potion"},{"floor":18,"key":"Energy Potion"},{"floor":19,"key":"Fruit Juice"}],"is_trial":false,"path_per_floor":["M","?","$","M","M","R","E","R","T","R","?","E","M","$","R","B",null,"M","M","?","$","?","E","R","E"],"character_chosen":"THE_SILENT","items_purchased":["Infinite Blades","Noxious Fumes","Blade Dance","Accuracy"],"campfire_rested":2,"item_purchase_floors":[3,14,14,21],"current_hp_per_floor":[70,56,56,56,56,56,30,30,30,51,51,51,46,46,46,4,70,46,31,31,31,31,32,56,6],"gold":66,"neow_bonus":"THREE_ENEMY_KILL","is_prod":false,"is_daily":false,"chose_seed":false,"campfire_upgraded":3,"win_rate":0,"timestamp":1551292788,"path_taken":["M","?","$","M","M","R","E","R","T","R","?","E","?","$","R","BOSS","M","M","?","$","?","E","R","E"],"build_version":"2019-01-23","purchased_purges":1,"victory":false,"max_hp_per_floor":[70,70,70,70,70,70,70,70,70,70,70,70,70,70,70,70,70,70,75,75,75,75,82,82,82],"card_choices":[{"not_picked":["Reflex","Deflect"],"picked":"Blade Dance","floor":1},{"not_picked":["Poisoned Stab","Leg Sweep"],"picked":"Noxious Fumes","floor":4},{"not_picked":["Quick Slash","Terror"],"picked":"Burst","floor":5},{"not_picked":["Dagger Throw","Blade Dance"],"picked":"Cloak And Dagger","floor":7},{"not_picked":["PiercingWail","Dagger Throw","Blur"],"picked":"SKIP","floor":12},{"not_picked":["PiercingWail","Blur"],"picked":"Dagger Throw","floor":12},{"not_picked":["Tactician","Bane"],"picked":"Tools of the Trade","floor":13},{"not_picked":["Bullet Time","Burst"],"picked":"Phantasmal Killer","floor":16},{"not_picked":["Dodge and Roll","All Out Attack"],"picked":"Catalyst","floor":18},{"not_picked":["Caltrops+1","Quick Slash+1"],"picked":"Catalyst","floor":19},{"not_picked":["Underhanded Strike+1","Bane+1"],"picked":"Calculated Gamble+1","floor":23}],"player_experience":566100,"relics_obtained":[{"floor":7,"key":"Boot"},{"floor":9,"key":"Gremlin Horn"},{"floor":12,"key":"Bottled Lightning"},{"floor":23,"key":"Strawberry"}],"event_choices":[{"damage_healed":0,"gold_gain":0,"player_choice":"Entered Light","damage_taken":14,"max_hp_gain":0,"max_hp_loss":0,"event_name":"Shining Light","floor":2,"gold_loss":0,"cards_upgraded":["Strike_G","Strike_G"]},{"damage_healed":0,"gold_gain":0,"player_choice":"Got Potions","damage_taken":0,"max_hp_gain":0,"max_hp_loss":0,"event_name":"Lab","floor":11,"gold_loss":0},{"damage_healed":0,"gold_gain":0,"cards_transformed":["Strike_G","Strike_G"],"player_choice":"Became Test Subject","damage_taken":0,"max_hp_gain":0,"max_hp_loss":0,"event_name":"Drug Dealer","floor":20,"gold_loss":0,"cards_obtained":["Escape Plan","Dash"]},{"damage_healed":0,"gold_gain":0,"player_choice":"Simplicity","damage_taken":0,"max_hp_gain":0,"max_hp_loss":0,"event_name":"Back to Basics","floor":22,"gold_loss":0,"cards_upgraded":["Defend_G","Defend_G","Defend_G","Defend_G","Defend_G"]}],"is_beta":false,"boss_relics":[{"not_picked":["Ectoplasm","Runic Pyramid"],"picked":"Astrolabe"}],"items_purged_floors":[21],"is_endless":false,"potions_floor_spawned":[1,4,18,19],"killed_by":"Slavers","ascension_level":4}