{"gold_per_floor":[149,299,319,319,334,334,350,366,392,392,29,49,49,77,77,148,148,160,160,9,9,9,24,24],"floor_reached":24,"playtime":935,"items_purged":["Doubt"],"score":382,"play_id":"e9d18a17-1c31-41e2-8f3e-de1b206abfc0","local_time":"20190404144536","is_ascension_mode":true,"campfire_choices":[{"data":"Zap","floor":6.0,"key":"SMITH"},{"floor":10.0,"key":"REST"},{"floor":13.0,"key":"REST"},{"data":"Havoc","floor":15.0,"key":"SMITH"}],"neow_cost":"NONE","seed_source_timestamp":1271536152898093,"circlet_count":0,"master_deck":["AscendersBane","Strike_B+1","Strike_B+1","Strike_B+1","Strike_B+1","Defend_B+1","Defend_B+1","Defend_B+1","Defend_B+1","Zap+1","Dualcast","Ball Lightning","Compile Driver+1","Stack","Cold Snap","Leap","Self Repair","Havoc+1","Body Slam","A Thousand Cuts","Glacier","Infernal Blade","Bouncing Flask","Steam Power","Reboot","Shrug It Off"],"special_seed":0,"relics":["Cracked Core","Tiny Chest","Smiling Mask","Whetstone","PrismaticShard","Bronze Scales","Orrery","Singing Bowl","GremlinMask"],"potions_floor_usage":[],"damage_taken":[{"damage":6.0,"enemies":"Jaw Worm","floor":1.0,"turns":5.0},{"damage":11.0,"enemies":"Small Slimes","floor":3.0,"turns":3.0},{"damage":1.0,"enemies":"Cultist","floor":5.0,"turns":3.0},{"damage":17.0,"enemies":"3 Louse","floor":7.0,"turns":4.0},{"damage":13.0,"enemies":"2 Fungi Beasts","floor":8.0,"turns":4.0},{"damage":6.0,"enemies":"Red Slaver","floor":12.0,"turns":3.0},{"damage":1.0,"enemies":"Lagavulin","floor":14.0,"turns":5.0},{"damage":25.0,"enemies":"The Guardian","floor":16.0,"turns":10.0},{"damage":25.0,"enemies":"Shell Parasite","floor":18.0,"turns":8.0},{"damage":6.0,"enemies":"Chosen","floor":23.0,"turns":5.0},{"damage":58,"enemies":"Centurion and Healer","floor":24,"turns":9}],"seed_played":"-8710733835898092461","potions_obtained":[{"floor":5.0,"key":"Block Potion"},{"floor":7.0,"key":"Weak Potion"},{"floor":8.0,"key":"Fruit Juice"}],"is_trial":false,"path_per_floor":["M","?","M","?","M","R","M","M","T","R","$","M","R","E","R","B",null,"M","T","$","?","?","M","M"],"character_chosen":"DEFECT","items_purchased":["PrismaticShard","Leap","Self Repair","Reboot"],"campfire_rested":2,"item_purchase_floors":[11,11,11,20],"current_hp_per_floor":[58,58,47,47,46,46,29,21,21,43,43,37,59,58,58,40,67,49,49,49,49,49,43,0],"gold":24,"neow_bonus":"RANDOM_COMMON_RELIC","is_prod":false,"is_daily":false,"chose_seed":false,"campfire_upgraded":2,"win_rate":0,"timestamp":1554407136,"path_taken":["M","?","M","?","M","R","M","M","T","R","$","M","R","E","R","BOSS","M","?","$","?","?","?","M"],"build_version":"2019-01-23","purchased_purges":1,"victory":false,"max_hp_per_floor":[71,71,71,71,71,71,71,76,76,76,76,76,76,76,76,76,76,76,76,76,76,76,76,76],"card_choices":[{"not_picked":["Go for the Eyes","Beam Cell"],"picked":"Ball Lightning","floor":1.0},{"not_picked":["Redo","Undo"],"picked":"Ball Lightning","floor":3.0},{"not_picked":["Beam Cell","Streamline"],"picked":"Compile Driver","floor":5.0},{"not_picked":["Fusion","Barrage"],"picked":"Stack","floor":7.0},{"not_picked":["Ball Lightning","Redo"],"picked":"Cold Snap","floor":8.0},{"not_picked":["Storm of Steel","Heavy Blade"],"picked":"Havoc","floor":12.0},{"not_picked":["Dark Shackles","Bane"],"picked":"Body Slam","floor":14.0},{"not_picked":["Glass Knife","Buffer"],"picked":"A Thousand Cuts","floor":16.0},{"not_picked":["Burning Pact","Turbo"],"picked":"Glacier","floor":17.0},{"not_picked":["Undo","Dagger Spray"],"picked":"Infernal Blade","floor":17.0},{"not_picked":["Flex","Hologram"],"picked":"Bouncing Flask","floor":17.0},{"not_picked":["Flying Knee","Sword Boomerang"],"picked":"Steam Power","floor":18.0},{"not_picked":["Thunderclap","Deep Breath"],"picked":"Shrug It Off","floor":23.0}],"player_experience":884100,"relics_obtained":[{"floor":9.0,"key":"Whetstone"},{"floor":14.0,"key":"Bronze Scales"},{"floor":19.0,"key":"Singing Bowl"}],"event_choices":[{"damage_healed":0.0,"max_hp_gain":0.0,"max_hp_loss":0.0,"gold_gain":150.0,"event_name":"Liars Game","player_choice":"AGREE","floor":2.0,"gold_loss":0.0,"damage_taken":0.0,"cards_obtained":["Doubt"]},{"cards_removed":["Ball Lightning"],"damage_healed":0.0,"max_hp_gain":0.0,"max_hp_loss":0.0,"gold_gain":0.0,"event_name":"WeMeetAgain","player_choice":"Gave Card","floor":4.0,"gold_loss":0.0,"damage_taken":0.0,"relics_obtained":["Smiling Mask"]},{"damage_healed":0.0,"max_hp_gain":0.0,"max_hp_loss":0.0,"gold_gain":0.0,"event_name":"Back to Basics","player_choice":"Simplicity","floor":21.0,"gold_loss":0.0,"damage_taken":0.0,"cards_upgraded":["Strike_B","Strike_B","Strike_B","Defend_B","Defend_B","Defend_B","Defend_B"]},{"damage_healed":0.0,"max_hp_gain":0.0,"max_hp_loss":0.0,"gold_gain":0.0,"event_name":"FaceTrader","player_choice":"Trade","floor":22.0,"gold_loss":0.0,"damage_taken":0.0,"relics_obtained":["GremlinMask"]}],"is_beta":false,"boss_relics":[{"not_picked":["Runic Pyramid","Fusion Hammer"],"picked":"Orrery"}],"items_purged_floors":[11],"is_endless":false,"potions_floor_spawned":[5,7,8],"killed_by":"Centurion and Healer","ascension_level":19}