{"gold_per_floor":[109,123,48,48,48,48,123,123,123,123,123,123,123,142,142,237,237,257,246,171,141,159,159,159,159,159,159],"floor_reached":27,"playtime":1816,"items_purged":["Strike_B"],"score":197,"play_id":"5c778f88-adb5-4131-8984-bb9677fab9fe","local_time":"20190403134324","is_ascension_mode":false,"campfire_choices":[{"data":"Zap","floor":6,"key":"SMITH"},{"data":"Dualcast","floor":8,"key":"SMITH"},{"data":"Coolheaded","floor":10,"key":"SMITH"},{"data":"Streamline","floor":15,"key":"SMITH"},{"floor":23,"key":"REST"}],"neow_cost":"NONE","seed_source_timestamp":498964544068675,"circlet_count":0,"master_deck":["Defend_B","Defend_B","Defend_B","Zap+1","Dualcast+1","Streamline+1","Coolheaded+1"],"relics":["Empty Cage"],"potions_floor_usage":[16,19,22,22,27],"damage_taken":[{"damage":6,"enemies":"Jaw Worm","floor":1,"turns":4},{"damage":0,"enemies":"Small Slimes","floor":2,"turns":2},{"damage":0,"enemies":"2 Louse","floor":14,"turns":2},{"damage":23,"enemies":"Slime Boss","floor":16,"turns":9},{"damage":24,"enemies":"Spheric Guardian","floor":18,"turns":5},{"damage":28,"enemies":"2 Thieves","floor":19,"turns":4},{"damage":20,"enemies":"Sentry and Sphere","floor":22,"turns":6},{"damage":36,"enemies":"3 Cultists","floor":27,"turns":4}],"seed_played":"6883565430256191623","potions_obtained":[{"floor":1,"key":"SteroidPotion"},{"floor":2,"key":"Ancient Potion"},{"floor":19,"key":"Block Potion"},{"floor":21,"key":"FearPotion"},{"floor":21,"key":"Ancient Potion"}],"is_trial":false,"path_per_floor":["M","M","$","?","$","R","?","R","T","R","?","?","?","M","R","B",null,"M","M","?","?","M","R","?","?","T","M"],"character_chosen":"DEFECT","items_purchased":[],"campfire_rested":1,"item_purchase_floors":[],"current_hp_per_floor":[69,69,69,74,74,74,63,63,63,63,63,63,63,63,63,40,80,56,28,28,28,8,32,32,32,32,0],"gold":159,"neow_bonus":"BOSS_RELIC","is_prod":false,"is_daily":false,"chose_seed":false,"campfire_upgraded":4,"win_rate":0,"timestamp":1554324204,"path_taken":["M","M","$","?","$","R","?","R","T","R","?","?","?","M","R","BOSS","M","M","?","?","?","R","?","?","T","?"],"build_version":"2019-01-23","purchased_purges":1,"victory":false,"max_hp_per_floor":[75,75,75,80,80,80,80,80,80,80,80,80,80,80,80,80,80,80,80,80,80,80,80,80,80,80,80],"card_choices":[{"not_picked":["Blizzard","Gash"],"picked":"Streamline","floor":1},{"not_picked":["Streamline","Rebound"],"picked":"Coolheaded","floor":2},{"not_picked":["Hologram","Steam","Rip and Tear"],"picked":"SKIP","floor":14},{"not_picked":["Skim","Cold Snap","Redo"],"picked":"SKIP","floor":18},{"not_picked":["Sunder","Ball Lightning+1","Reinforced Body"],"picked":"SKIP","floor":19},{"not_picked":["Genetic Algorithm+1","Turbo","Steam"],"picked":"SKIP","floor":22}],"player_experience":282344,"relics_obtained":[],"event_choices":[{"damage_healed":0,"gold_gain":0,"player_choice":"Donut","damage_taken":0,"max_hp_gain":5,"max_hp_loss":0,"event_name":"Big Fish","floor":4,"gold_loss":0},{"damage_healed":0,"gold_gain":75,"player_choice":"Gather Gold","damage_taken":11,"max_hp_gain":0,"max_hp_loss":0,"event_name":"World of Goop","floor":7,"gold_loss":0},{"cards_removed":["Strike_B"],"damage_healed":0,"gold_gain":0,"player_choice":"Forget","damage_taken":0,"max_hp_gain":0,"max_hp_loss":0,"event_name":"Living Wall","floor":11,"gold_loss":0},{"damage_healed":0,"gold_gain":0,"player_choice":"Fled","damage_taken":0,"max_hp_gain":0,"max_hp_loss":0,"event_name":"Scrap Ooze","floor":12,"gold_loss":0},{"damage_healed":0,"gold_gain":0,"player_choice":"Searched \u00270\u0027 times","damage_taken":0,"max_hp_gain":0,"max_hp_loss":0,"event_name":"Dead Adventurer","floor":13,"gold_loss":0},{"cards_removed":["Strike_B"],"damage_healed":0,"gold_gain":0,"player_choice":"Gave Gold","damage_taken":0,"max_hp_gain":0,"max_hp_loss":0,"event_name":"Beggar","floor":20,"gold_loss":75},{"damage_healed":0,"gold_gain":0,"player_choice":"Bought 2 Potions","damage_taken":0,"max_hp_gain":0,"max_hp_loss":0,"event_name":"The Woman in Blue","floor":21,"gold_loss":0},{"damage_healed":0,"gold_gain":0,"player_choice":"Ignored","damage_taken":0,"max_hp_gain":0,"max_hp_loss":0,"event_name":"Cursed Tome","floor":24,"gold_loss":0},{"damage_healed":0,"gold_gain":0,"player_choice":"Ignored","damage_taken":0,"max_hp_gain":0,"max_hp_loss":0,"event_name":"Transmorgrifier","floor":25,"gold_loss":0}],"is_beta":false,"boss_relics":[{"not_picked":["Pandora\u0027s Box","White Beast Statue","Lizard Tail"]}],"items_purged_floors":[3],"is_endless":false,"potions_floor_spawned":[1,2,19],"killed_by":"3 Cultists","ascension_level":0}