{"gold_per_floor":[10,10,10,22,73,105,121,155,155,230,230,230,230,36,36,159,159,172,172,0,16,16,16,60,60,60,60,159,40,40,56,56,155,155,165,165,165,185,12,12,12,37,37,37,56,30,45,64,64,64],"floor_reached":51,"playtime":4855,"items_purged":["Catalyst+1"],"score":729,"play_id":"b4c0d264-ec7c-432e-afe9-39ba9aa682d0","local_time":"20190313164924","is_ascension_mode":true,"campfire_choices":[{"floor":12.0,"key":"REST"},{"data":"Poisoned Stab","floor":15.0,"key":"SMITH"},{"data":"Corpse Explosion","floor":23.0,"key":"SMITH"},{"data":"Quick Slash","floor":25.0,"key":"SMITH"},{"floor":32.0,"key":"REST"},{"data":"Neutralize","floor":40,"key":"SMITH"},{"floor":49,"key":"REST"}],"neow_cost":"NO_GOLD","seed_source_timestamp":1027678404284256,"circlet_count":0,"master_deck":["Defend_G","Defend_G+1","Defend_G","Defend_G","Defend_G","Strike_G","Strike_G","Strike_G","Strike_G","Survivor+1","Neutralize+1","Escape Plan","Poisoned Stab+1","Backflip","Blade Dance","Neutralize","Corpse Explosion+1","Quick Slash+1","Outmaneuver+1","Shame","Night Terror+1","Cloak And Dagger+1","After Image","After Image","Blur+1","Leg Sweep+1","Writhe","Poisoned Stab+1","Blade Dance+1","Cloak And Dagger+1","Backstab+1"],"special_seed":0,"relics":["Ring of the Snake","Juzu Bracelet","Bag of Marbles","Vajra","Art of War","Bloody Idol","Bag of Preparation","Empty Cage","MutagenicStrength","Mercury Hourglass","Bronze Scales","Kunai","Runic Pyramid","Thread and Needle","Toxic Egg 2","Frozen Egg 2"],"potions_floor_usage":[33,35,48,50],"damage_taken":[{"damage":0.0,"enemies":"2 Louse","floor":1.0,"turns":4.0},{"damage":0.0,"enemies":"Small Slimes","floor":4.0,"turns":5.0},{"damage":24.0,"enemies":"Gremlin Nob","floor":6.0,"turns":5.0},{"damage":0.0,"enemies":"Jaw Worm","floor":7.0,"turns":3.0},{"damage":17.0,"enemies":"Lagavulin","floor":8.0,"turns":8.0},{"damage":25.0,"enemies":"The Guardian","floor":16.0,"turns":15.0},{"damage":5.0,"enemies":"Spheric Guardian","floor":18.0,"turns":4.0},{"damage":17.0,"enemies":"2 Thieves","floor":21.0,"turns":2.0},{"damage":14.0,"enemies":"Slavers","floor":24.0,"turns":4.0},{"damage":16.0,"enemies":"Chosen and Byrds","floor":31.0,"turns":4.0},{"damage":44,"enemies":"Champ","floor":33,"turns":16},{"damage":11,"enemies":"3 Darklings","floor":35,"turns":5},{"damage":11,"enemies":"Orb Walker","floor":38,"turns":4},{"damage":13,"enemies":"Nemesis","floor":42,"turns":7},{"damage":42,"enemies":"Transient","floor":45,"turns":5},{"damage":27,"enemies":"Spire Growth","floor":47,"turns":6},{"damage":14,"enemies":"4 Shapes","floor":48,"turns":6},{"damage":19,"enemies":"Awakened One","floor":50,"turns":28}],"seed_played":"6303901119897635766","potions_obtained":[{"floor":1.0,"key":"Fire Potion"},{"floor":4.0,"key":"PowerPotion"},{"floor":6.0,"key":"SpeedPotion"},{"floor":8.0,"key":"SkillPotion"},{"floor":21.0,"key":"Energy Potion"},{"floor":31.0,"key":"AttackPotion"},{"floor":33,"key":"EssenceOfSteel"},{"floor":45,"key":"GamblersBrew"},{"floor":47,"key":"Regen Potion"}],"is_trial":false,"path_per_floor":["M","?","?","M","T","E","M","E","T","?","?","R","?","$","R","B",null,"M","?","?","M","?","R","E","R","T","?","?","$","?","M","R","B",null,"M","?","?","M","$","R","T","E","T","?","M","$","M","M","R","B",null],"character_chosen":"THE_SILENT","items_purchased":["Strength Potion","Bag of Preparation","Night Terror","SkillPotion","PowerPotion","Swift Potion","Blade Dance+1"],"campfire_rested":3,"item_purchase_floors":[14,14,29,29,39,39,46],"current_hp_per_floor":[84,89,71,71,71,47,47,30,30,19,19,45,45,45,45,20,89,84,84,84,67,67,67,53,53,53,53,53,53,53,42,68,29,89,83,83,83,77,77,77,77,69,69,89,52,52,30,36,62,43],"gold":64,"neow_bonus":"TWENTY_PERCENT_HP_BONUS","is_prod":false,"is_daily":false,"chose_seed":false,"campfire_upgraded":4,"win_rate":0,"timestamp":1552520964,"path_taken":["M","?","?","M","?","E","M","E","T","?","?","R","?","$","R","BOSS","M","?","?","M","?","R","E","R","T","?","?","$","?","M","R","BOSS","M","?","?","M","$","R","?","E","T","?","M","$","M","M","R","BOSS"],"build_version":"2019-01-23","purchased_purges":1,"victory":true,"max_hp_per_floor":[84,89,89,89,89,89,89,89,89,89,89,89,89,89,89,89,89,89,89,89,89,89,89,89,89,89,89,89,89,89,89,89,89,89,89,89,89,89,89,89,89,89,89,89,89,89,89,89,89,89],"card_choices":[{"not_picked":["Deflect","Blur"],"picked":"Escape Plan","floor":1.0},{"not_picked":["Dagger Throw","Predator","Deflect"],"picked":"SKIP","floor":4.0},{"not_picked":["Dodge and Roll","Distraction"],"picked":"Poisoned Stab","floor":6.0},{"not_picked":["Blur","Acrobatics"],"picked":"Backflip","floor":7.0},{"not_picked":["Riddle With Holes","Dagger Throw"],"picked":"Blade Dance","floor":8.0},{"not_picked":["Bullet Time","Malaise"],"picked":"Corpse Explosion","floor":16.0},{"not_picked":["Slice","Outmaneuver"],"picked":"Quick Slash","floor":18.0},{"not_picked":["Masterful Stab","Backstab"],"picked":"Outmaneuver+1","floor":21.0},{"not_picked":["Predator","Choke+1"],"picked":"Catalyst+1","floor":24.0},{"not_picked":["Sucker Punch+1","Blade Dance"],"picked":"Cloak And Dagger+1","floor":31.0},{"not_picked":["Phantasmal Killer","Bullet Time"],"picked":"After Image","floor":33},{"not_picked":["Masterful Stab+1","Slice+1","Distraction"],"picked":"SKIP","floor":35},{"not_picked":["Dagger Spray","Tactician+1"],"picked":"Blur+1","floor":38},{"not_picked":["Expertise","Predator+1"],"picked":"Leg Sweep","floor":42},{"not_picked":["Caltrops+1","Deadly Poison+1"],"picked":"Poisoned Stab+1","floor":45},{"not_picked":["Slice+1","Sucker Punch+1"],"picked":"Cloak And Dagger+1","floor":47},{"not_picked":["Quick Slash","Prepared+1"],"picked":"Backstab+1","floor":48}],"player_experience":165568,"relics_obtained":[{"floor":5.0,"key":"Juzu Bracelet"},{"floor":6.0,"key":"Bag of Marbles"},{"floor":8.0,"key":"Vajra"},{"floor":9.0,"key":"Art of War"},{"floor":24.0,"key":"Bronze Scales"},{"floor":26.0,"key":"Kunai"},{"floor":41,"key":"Thread and Needle"},{"floor":42,"key":"Toxic Egg 2"},{"floor":43,"key":"Frozen Egg 2"}],"event_choices":[{"damage_healed":0.0,"max_hp_gain":5.0,"max_hp_loss":0.0,"gold_gain":0.0,"event_name":"Big Fish","player_choice":"Donut","floor":2.0,"gold_loss":0.0,"damage_taken":0.0},{"damage_healed":0.0,"max_hp_gain":0.0,"max_hp_loss":0.0,"gold_gain":0.0,"event_name":"Shining Light","player_choice":"Entered Light","floor":3.0,"gold_loss":0.0,"damage_taken":18.0,"cards_upgraded":["Defend_G","Survivor"]},{"damage_healed":0.0,"max_hp_gain":0.0,"max_hp_loss":0.0,"gold_gain":75.0,"event_name":"World of Goop","player_choice":"Gather Gold","floor":10.0,"gold_loss":0.0,"damage_taken":11.0},{"damage_healed":0.0,"max_hp_gain":0.0,"max_hp_loss":0.0,"gold_gain":0.0,"event_name":"Golden Idol","player_choice":"Take Wound","floor":11.0,"gold_loss":0.0,"damage_taken":0.0,"relics_obtained":["Golden Idol"],"cards_obtained":["Injury"]},{"damage_healed":0.0,"max_hp_gain":0.0,"max_hp_loss":0.0,"gold_gain":0.0,"event_name":"Match and Keep!","player_choice":"1 cards matched","floor":13.0,"gold_loss":0.0,"damage_taken":0.0,"cards_obtained":["Neutralize"]},{"damage_healed":0.0,"max_hp_gain":0.0,"max_hp_loss":0.0,"gold_gain":0.0,"event_name":"Drug Dealer","player_choice":"Inject Mutagens","floor":19.0,"gold_loss":0.0,"damage_taken":0.0,"relics_obtained":["MutagenicStrength"]},{"damage_healed":0.0,"max_hp_gain":0.0,"max_hp_loss":0.0,"gold_gain":0.0,"event_name":"Masked Bandits","player_choice":"Paid Fearfully","floor":20.0,"gold_loss":172.0,"damage_taken":0.0},{"damage_healed":0.0,"max_hp_gain":0.0,"max_hp_loss":0.0,"gold_gain":0.0,"event_name":"Addict","player_choice":"Stole Relic","floor":22.0,"gold_loss":0.0,"damage_taken":0.0,"relics_obtained":["Mercury Hourglass"],"cards_obtained":["Shame"]},{"damage_healed":0.0,"max_hp_gain":0.0,"max_hp_loss":0.0,"gold_gain":0.0,"event_name":"Beggar","player_choice":"Ignored","floor":27.0,"gold_loss":0.0,"damage_taken":0.0},{"damage_healed":0.0,"max_hp_gain":0.0,"max_hp_loss":0.0,"gold_gain":99.0,"event_name":"Nest","player_choice":"Stole From Cult","floor":28.0,"gold_loss":0.0,"damage_taken":0.0},{"damage_healed":0.0,"max_hp_gain":0.0,"max_hp_loss":0.0,"gold_gain":0.0,"event_name":"Forgotten Altar","player_choice":"Gave Idol","floor":30.0,"relics_lost":["Golden Idol"],"gold_loss":0.0,"damage_taken":0.0,"relics_obtained":["Bloody Idol"]},{"damage_healed":0,"gold_gain":0,"player_choice":"Copied","damage_taken":0,"max_hp_gain":0,"max_hp_loss":0,"event_name":"Duplicator","floor":36,"gold_loss":0,"cards_obtained":["After Image"]},{"damage_healed":0,"gold_gain":0,"player_choice":"Upgraded","damage_taken":0,"max_hp_gain":0,"max_hp_loss":0,"event_name":"Upgrade Shrine","floor":37,"gold_loss":0,"cards_upgraded":["Night Terror"]},{"damage_healed":22,"gold_gain":0,"player_choice":"Writhe","damage_taken":0,"max_hp_gain":0,"max_hp_loss":0,"event_name":"Winding Halls","floor":44,"gold_loss":0,"cards_obtained":["Writhe"]}],"is_beta":false,"boss_relics":[{"not_picked":["Tiny House","White Beast Statue"],"picked":"Empty Cage"},{"not_picked":["Black Star","Coffee Dripper"],"picked":"Runic Pyramid"}],"items_purged_floors":[39],"is_endless":false,"potions_floor_spawned":[1,4,6,8,21,31,33,45,47],"ascension_level":1}