{"gold_per_floor":[117,42,42,42,42,42,76,87,87,113,131,196,208,208],"floor_reached":14,"playtime":535,"items_purged":["Strike_B"],"score":160,"play_id":"dd721fc5-0cc7-4233-91bf-88f153b49f52","local_time":"20180707021658","is_ascension_mode":true,"campfire_choices":[{"data":"Zap","floor":6,"key":"SMITH"}],"neow_cost":"","seed_source_timestamp":538356348212559,"circlet_count":0,"master_deck":["Strike_B","Strike_B+1","Defend_B","Defend_B","Defend_B","Defend_B","Zap+1","Dualcast","Hologram+1","Stack","Streamline","Go for the Eyes","Auto Shields","Rebound","BootSequence","Conserve Battery"],"relics":["Cracked Core","Pen Nib","The Courier","Question Card","Tiny Chest"],"potions_floor_usage":[10,12],"damage_taken":[{"damage":0,"enemies":"2 Louse","floor":1,"turns":3},{"damage":31,"enemies":"Lagavulin","floor":7,"turns":8},{"damage":7,"enemies":"Small Slimes","floor":8,"turns":3},{"damage":16,"enemies":"3 Sentries","floor":10,"turns":6},{"damage":0,"enemies":"Jaw Worm","floor":11,"turns":2},{"damage":0,"enemies":"Lagavulin","floor":12,"turns":6},{"damage":2,"enemies":"Exordium Thugs","floor":13,"turns":5},{"damage":7,"enemies":"Large Slime","floor":14,"turns":2}],"seed_played":"2038370120673871582","potions_obtained":[{"floor":7,"key":"FocusPotion"},{"floor":10,"key":"Fire Potion"},{"floor":13,"key":"FearPotion"}],"is_trial":false,"path_per_floor":["M","$","?","?","?","R","E","M","T","E","M","E","M"],"character_chosen":"DEFECT","items_purchased":[],"campfire_rested":0,"item_purchase_floors":[],"current_hp_per_floor":[75,75,75,60,60,60,29,22,22,6,6,6,4,0],"gold":208,"neow_bonus":"","is_prod":false,"is_daily":false,"chose_seed":false,"campfire_upgraded":1,"win_rate":0,"timestamp":1530955018,"path_taken":["M","$","?","?","?","R","E","M","T","E","M","E","?","M"],"build_version":"2018-07-05","purchased_purges":1,"victory":false,"max_hp_per_floor":[75,75,75,75,75,75,75,75,75,75,75,75,75,75],"card_choices":[{"not_picked":["Stack","Redo"],"picked":"Hologram","floor":1},{"not_picked":["Leap","Conserve Battery"],"picked":"Streamline","floor":7},{"not_picked":["Conserve Battery","Force Field"],"picked":"Go for the Eyes","floor":8},{"not_picked":["Core Surge","Turbo"],"picked":"Auto Shields","floor":10},{"not_picked":["Streamline","Turbo","Static Discharge"],"picked":"Rebound","floor":11},{"not_picked":["Beam Cell","Chaos","Sweeping Beam"],"picked":"BootSequence","floor":12},{"not_picked":["Hello World","Cold Snap","Stack"],"picked":"Conserve Battery","floor":13}],"player_experience":258701,"relics_obtained":[{"floor":7,"key":"Pen Nib"},{"floor":9,"key":"The Courier"},{"floor":10,"key":"Question Card"},{"floor":12,"key":"Tiny Chest"}],"event_choices":[{"event_name":"The Cleric","player_choice":"Leave","floor":3,"damage_taken":0},{"event_name":"Shining Light","player_choice":"Entered Light","floor":4,"damage_taken":0},{"event_name":"Transmorgrifier","player_choice":"Transform","floor":5,"damage_taken":0}],"boss_relics":[],"items_purged_floors":[2],"is_endless":false,"potions_floor_spawned":[7,10,13],"killed_by":"Large Slime","ascension_level":4}