{"gold_per_floor":[111,186,205,232,232,232,251,251,323,31,66,66,98,108,108,206,206,225,150,150,161,180,180,194,10,34,34,54,54,66,84,84,184,184,197,98,116,128,144,174,174,208,208,208,108,108,125,153,153,153],"floor_reached":51,"playtime":2438,"items_purged":["Strike_B","Pain","Doubt"],"score":1076,"play_id":"9b361263-b14d-463a-86b8-35d96f862d28","local_time":"20190314013221","is_ascension_mode":true,"campfire_choices":[{"floor":6,"key":"REST"},{"data":"Sweeping Beam","floor":8,"key":"SMITH"},{"floor":12,"key":"REST"},{"floor":15,"key":"REST"},{"data":"Defragment","floor":23,"key":"SMITH"},{"data":"Capacitor","floor":27,"key":"SMITH"},{"data":"Conserve Battery","floor":29,"key":"SMITH"},{"data":"Streamline","floor":32,"key":"SMITH"},{"floor":41,"key":"REST"},{"floor":46,"key":"REST"},{"floor":49,"key":"REST"}],"neow_cost":"NONE","seed_source_timestamp":1919796005559649,"circlet_count":0,"master_deck":["Defend_B","Defend_B","Defend_B+1","Zap+1","Dualcast","Chill+1","Conserve Battery+1","Sweeping Beam+1","Capacitor+1","Cold Snap","Defragment+1","Machine Learning","Steam+1","Sweeping Beam+1","Sweeping Beam+1","Hello World+1","Chill","Cold Snap","Chill","Melter","Cold Snap","Gash+1","Streamline+1","All For One","Regret","Gash+1","Conserve Battery","Hologram+1","Parasite","Go for the Eyes+1","Sweeping Beam+1","FTL","Ball Lightning+1"],"relics":["Cracked Core","Vajra","The Courier","Bottled Flame","Thread and Needle","Bird Faced Urn","Nloth\u0027s Gift","Blood Vial","Happy Flower","Calling Bell","Pear","Bag of Preparation","Turnip","Boot","Nunchaku","Kunai","Toxic Egg 2"],"potions_floor_usage":[13,16,31,33,40,47,48,50],"damage_taken":[{"damage":7,"enemies":"Jaw Worm","floor":1,"turns":3},{"damage":0,"enemies":"2 Louse","floor":3,"turns":2},{"damage":0,"enemies":"Small Slimes","floor":7,"turns":3},{"damage":9,"enemies":"3 Sentries","floor":11,"turns":7},{"damage":20,"enemies":"Gremlin Nob","floor":13,"turns":4},{"damage":4,"enemies":"Gremlin Gang","floor":14,"turns":4},{"damage":7,"enemies":"The Guardian","floor":16,"turns":12},{"damage":0,"enemies":"2 Thieves","floor":18,"turns":4},{"damage":6,"enemies":"Shell Parasite","floor":21,"turns":5},{"damage":21,"enemies":"Snake Plant","floor":22,"turns":7},{"damage":3,"enemies":"Snecko","floor":24,"turns":6},{"damage":0,"enemies":"Sentry and Sphere","floor":28,"turns":3},{"damage":23,"enemies":"Snake Plant","floor":30,"turns":5},{"damage":0,"enemies":"3 Cultists","floor":31,"turns":5},{"damage":56,"enemies":"Automaton","floor":33,"turns":11},{"damage":11,"enemies":"Orb Walker","floor":35,"turns":4},{"damage":12,"enemies":"3 Shapes","floor":37,"turns":2},{"damage":27,"enemies":"Writhing Mass","floor":38,"turns":9},{"damage":8,"enemies":"Sphere and 2 Shapes","floor":39,"turns":4},{"damage":38,"enemies":"Giant Head","floor":40,"turns":11},{"damage":19,"enemies":"Nemesis","floor":42,"turns":9},{"damage":11,"enemies":"Transient","floor":47,"turns":5},{"damage":46,"enemies":"Giant Head","floor":48,"turns":8},{"damage":43,"enemies":"Awakened One","floor":50,"turns":13}],"seed_played":"-2996807261248409884","potions_obtained":[{"floor":1,"key":"Fire Potion"},{"floor":11,"key":"GamblersBrew"},{"floor":14,"key":"PowerPotion"},{"floor":22,"key":"GamblersBrew"},{"floor":28,"key":"FearPotion"},{"floor":30,"key":"Fruit Juice"},{"floor":33,"key":"Explosive Potion"},{"floor":38,"key":"Energy Potion"},{"floor":40,"key":"Energy Potion"},{"floor":47,"key":"SpeedPotion"}],"is_trial":false,"path_per_floor":["M","?","M","T","?","R","M","R","T","$","E","R","E","M","R","B",null,"M","?","?","M","M","R","M","$","T","R","M","R","M","M","R","B",null,"M","$","M","M","M","E","R","E","T","?","$","R","M","E","R","B",null],"character_chosen":"DEFECT","items_purchased":["Capacitor","Bottled Flame","Blood Vial","Melter","Conserve Battery"],"campfire_rested":6,"item_purchase_floors":[10,10,25,25,36],"current_hp_per_floor":[61,50,50,50,35,57,57,57,57,57,48,70,50,48,70,68,73,75,75,75,75,60,60,65,65,65,65,69,69,52,65,65,19,75,68,68,60,43,43,15,42,33,33,33,33,60,57,21,48,15],"gold":153,"neow_bonus":"UPGRADE_CARD","is_prod":false,"is_daily":false,"chose_seed":false,"campfire_upgraded":5,"win_rate":0,"timestamp":1552523541,"path_taken":["M","?","M","?","?","R","M","R","T","$","E","R","E","M","R","BOSS","M","?","?","M","?","R","?","$","T","R","M","R","M","M","R","BOSS","M","$","M","M","?","E","R","E","T","?","$","R","?","E","R","BOSS"],"build_version":"2019-01-23","purchased_purges":3,"victory":true,"max_hp_per_floor":[75,75,75,75,75,75,75,75,75,75,75,75,75,75,75,75,75,75,75,75,75,75,75,75,75,75,75,75,75,75,80,80,80,90,90,90,90,90,90,90,90,90,90,90,90,90,90,90,90,90],"card_choices":[{"not_picked":["Force Field","Rebound"],"picked":"Chill","floor":1},{"not_picked":["Go for the Eyes","Self Repair"],"picked":"Conserve Battery","floor":3},{"not_picked":["Rebound","Redo"],"picked":"Sweeping Beam","floor":7},{"not_picked":["Chill","Hyperbeam"],"picked":"Cold Snap","floor":11},{"not_picked":["Reprogram","Beam Cell"],"picked":"Defragment","floor":13},{"not_picked":["Stack","Hologram","Rebound"],"picked":"SKIP","floor":14},{"not_picked":["Biased Cognition","Reboot"],"picked":"Machine Learning","floor":16},{"not_picked":["Conserve Battery","BootSequence"],"picked":"Hello World+1","floor":18},{"not_picked":["Turbo","Recycle"],"picked":"Chill","floor":21},{"not_picked":["Auto Shields","Barrage"],"picked":"Cold Snap","floor":22},{"not_picked":["Steam","Heatsinks"],"picked":"Chill","floor":24},{"not_picked":["Sweeping Beam","Barrage"],"picked":"Cold Snap","floor":28},{"not_picked":["Redo","Rebound"],"picked":"Gash","floor":30},{"not_picked":["Turbo","Reboot"],"picked":"Streamline","floor":31},{"not_picked":["Meteor Strike","Amplify"],"picked":"All For One","floor":33},{"not_picked":["Steam+1","Auto Shields+1"],"picked":"Gash+1","floor":35},{"not_picked":["Beam Cell","Undo+1"],"picked":"Hologram+1","floor":37},{"not_picked":["Leap","Doom and Gloom","Heatsinks+1"],"picked":"SKIP","floor":38},{"not_picked":["Sweeping Beam+1","Biased Cognition"],"picked":"Go for the Eyes+1","floor":39},{"not_picked":["Compile Driver+1","Seek"],"picked":"Sweeping Beam+1","floor":40},{"not_picked":["Rebound","Reprogram","Gash"],"picked":"SKIP","floor":42},{"not_picked":["Melter+1","Machine Learning"],"picked":"FTL","floor":47},{"not_picked":["Biased Cognition","Meteor Strike"],"picked":"Ball Lightning+1","floor":48}],"player_experience":296590,"relics_obtained":[{"floor":4,"key":"Vajra"},{"floor":9,"key":"The Courier"},{"floor":11,"key":"Thread and Needle"},{"floor":13,"key":"Bird Faced Urn"},{"floor":26,"key":"Happy Flower"},{"floor":34,"key":"Pear"},{"floor":34,"key":"Bag of Preparation"},{"floor":34,"key":"Turnip"},{"floor":40,"key":"Boot"},{"floor":42,"key":"Nunchaku"},{"floor":43,"key":"Kunai"},{"floor":48,"key":"Toxic Egg 2"}],"event_choices":[{"damage_healed":0,"gold_gain":75,"player_choice":"Gather Gold","damage_taken":11,"max_hp_gain":0,"max_hp_loss":0,"event_name":"World of Goop","floor":2,"gold_loss":0},{"damage_healed":0,"gold_gain":0,"player_choice":"Entered Light","damage_taken":15,"max_hp_gain":0,"max_hp_loss":0,"event_name":"Shining Light","floor":5,"gold_loss":0,"cards_upgraded":["Defend_B","Chill"]},{"cards_removed":["Defend_B"],"damage_healed":0,"gold_gain":0,"player_choice":"Gave Gold","damage_taken":0,"max_hp_gain":0,"max_hp_loss":0,"event_name":"Beggar","floor":19,"gold_loss":75},{"damage_healed":0,"gold_gain":0,"player_choice":"Traded Relic","damage_taken":0,"relics_obtained":["Nloth\u0027s Gift"],"max_hp_gain":0,"max_hp_loss":0,"event_name":"N\u0027loth","floor":20,"relics_lost":["Astrolabe"],"gold_loss":0},{"damage_healed":0,"gold_gain":0,"player_choice":"Forge","damage_taken":0,"max_hp_gain":0,"max_hp_loss":0,"event_name":"Accursed Blacksmith","floor":44,"gold_loss":0,"cards_upgraded":["Gash"]}],"is_beta":false,"boss_relics":[{"not_picked":["Busted Crown","Pandora\u0027s Box"],"picked":"Astrolabe"},{"not_picked":["Snecko Eye","Runic Pyramid"],"picked":"Calling Bell"}],"items_purged_floors":[10,36,45],"is_endless":false,"potions_floor_spawned":[1,11,14,22,28,30,33,38,40,42,47],"ascension_level":8}