{"path_per_floor":["M","M","?","?","T","R","E","R","T","E","M","?","E","M","R"],"character_chosen":"THE_SILENT","items_purchased":[],"gold_per_floor":[14,31,31,31,101,101,132,132,132,161,177,177,217,232,232],"floor_reached":16,"campfire_rested":0,"playtime":750,"current_hp_per_floor":[70,70,75,75,85,92,86,86,86,49,49,49,21,21,21],"items_purged":[],"gold":232,"score":173,"play_id":"60c3a940-6a0c-4c21-94b5-22dd30af711f","local_time":"20180318235250","is_prod":false,"is_daily":false,"is_ascension_mode":true,"campfire_upgraded":0,"timestamp":1521442370,"path_taken":["M","M","?","?","?","R","E","R","T","E","M","?","E","M","R","BOSS"],"build_version":"2018-03-16","purchased_purges":0,"victory":false,"master_deck":["Defend_G","Defend_G","Defend_G","Defend_G","Defend_G","Strike_G","Strike_G","Strike_G","Strike_G","Strike_G","Survivor","Neutralize+1","Flying Knee","PiercingWail","Cloak And Dagger","Glass Knife","Distraction","Prepared","Caltrops"],"max_hp_per_floor":[70,70,75,75,85,92,92,92,92,92,92,85,85,85,85],"relics":["Ring of the Snake","Shovel","Pear","Strawberry","Omamori","Bag of Marbles","Frozen Eye","Dream Catcher","Golden Idol","Bottled Flame","Ornamental Fan"],"card_choices":[{"not_picked":["PiercingWail","Quick Slash"],"picked":"Flying Knee"},{"not_picked":["Prepared","Catalyst"],"picked":"PiercingWail"},{"not_picked":["Bullet Time","Crippling Poison"],"picked":"Cloak And Dagger"},{"not_picked":["Outmaneuver","Catalyst"],"picked":"Glass Knife"},{"not_picked":["Expertise","Setup"],"picked":"Distraction"},{"not_picked":["Poisoned Stab","Bane"],"picked":"Prepared"},{"not_picked":["Quick Slash","Backflip"],"picked":"Caltrops"}],"player_experience":164911,"potions_floor_usage":[7,16,16],"damage_taken":[{"damage":0,"enemies":"Small Slimes","floor":1,"turns":5},{"damage":0,"enemies":"Jaw Worm","floor":2,"turns":5},{"damage":6,"enemies":"3 Sentries","floor":7,"turns":9},{"damage":37,"enemies":"Lagavulin","floor":10,"turns":10},{"damage":0,"enemies":"Cultist","floor":11,"turns":2},{"damage":28,"enemies":"3 Sentries","floor":13,"turns":9},{"damage":0,"enemies":"2 Fungi Beasts","floor":14,"turns":2},{"damage":33,"enemies":"Hexaghost","floor":16,"turns":12}],"event_choices":[{"event_name":"Big Fish","player_choice":"Donut","floor":3,"damage_taken":0},{"event_name":"Upgrade Shrine","player_choice":"Upgraded","floor":4,"damage_taken":0},{"event_name":"Golden Idol","player_choice":"Lose Max HP","floor":12,"damage_taken":0}],"boss_relics":[],"potions_floor_spawned":[2,11,13],"seed_played":"-4615774304418287680","killed_by":"Hexaghost","ascension_level":5,"is_trial":false}