{"gold_per_floor":[118,88,100,118,134,159,159,159,211,211,211,242,200,231,231,327,327,347,117,136,136,154,187,187,201,250,278,293,323,323,338,338,442,442,459,459,459,479,496,496,292,292,373,373,390,390,390,8,8,8],"floor_reached":50,"playtime":3530,"items_purged":[],"score":878,"play_id":"6dc1d579-bb1a-4078-892d-4881de8e8175","local_time":"20190411231514","is_ascension_mode":true,"campfire_choices":[{"data":"Feed","floor":7.0,"key":"SMITH"},{"floor":10.0,"key":"REST"},{"data":"Hemokinesis","floor":15.0,"key":"SMITH"},{"floor":24.0,"key":"REST"},{"floor":32.0,"key":"REST"},{"data":"Body Slam","floor":40,"key":"SMITH"},{"data":"Shrug It Off","floor":42,"key":"SMITH"},{"data":"Shrug It Off","floor":44,"key":"SMITH"},{"data":"Chrysalis","floor":49,"key":"SMITH"}],"neow_cost":"NONE","seed_source_timestamp":103764212830700,"circlet_count":0,"master_deck":["AscendersBane","Strike_R+1","Strike_R+1","Defend_R","Defend_R","Bash+1","Shrug It Off+1","Metallicize","Metallicize","Infernal Blade","Feed+1","Hemokinesis+1","Carnage","Feed","True Grit+1","Shrug It Off+1","Metallicize","Twin Strike+1","Shrug It Off+1","Sword Boomerang+1","Warcry","Clothesline","Body Slam+1","Battle Trance+1","Reaper","Heavy Blade+1","Searing Blow+1","Spot Weakness+1","Iron Wave","Clumsy","Shrug It Off+1","Chrysalis+1","Metamorphosis"],"special_seed":0,"relics":["Burning Blood","The Courier","Anchor","Whetstone","Bird Faced Urn","Cursed Key","StoneCalendar","Happy Flower","Omamori","Meat on the Bone","Frozen Egg 2","Necronomicon","Astrolabe","Paper Frog","Gremlin Horn","Red Skull","Bag of Marbles","Bronze Scales"],"potions_floor_usage":[33,33,39,45],"damage_taken":[{"damage":7.0,"enemies":"Jaw Worm","floor":1.0,"turns":3.0},{"damage":6.0,"enemies":"Cultist","floor":3.0,"turns":5.0},{"damage":6.0,"enemies":"2 Louse","floor":4.0,"turns":4.0},{"damage":12.0,"enemies":"Large Slime","floor":5.0,"turns":8.0},{"damage":16.0,"enemies":"Gremlin Nob","floor":6.0,"turns":5.0},{"damage":30.0,"enemies":"Lagavulin","floor":12.0,"turns":13.0},{"damage":5.0,"enemies":"Gremlin Nob","floor":14.0,"turns":3.0},{"damage":44.0,"enemies":"Slime Boss","floor":16.0,"turns":10.0},{"damage":5.0,"enemies":"Spheric Guardian","floor":18.0,"turns":3.0},{"damage":0.0,"enemies":"Chosen","floor":20.0,"turns":4.0},{"damage":17.0,"enemies":"3 Cultists","floor":22.0,"turns":5.0},{"damage":35.0,"enemies":"Book of Stabbing","floor":23.0,"turns":6.0},{"damage":17.0,"enemies":"Sentry and Sphere","floor":25.0,"turns":6.0},{"damage":40.0,"enemies":"Slavers","floor":27.0,"turns":7.0},{"damage":5.0,"enemies":"Centurion and Healer","floor":28.0,"turns":7.0},{"damage":26.0,"enemies":"Book of Stabbing","floor":29.0,"turns":7.0},{"damage":28.0,"enemies":"Shelled Parasite and Fungi","floor":31.0,"turns":5.0},{"damage":74,"enemies":"Champ","floor":33,"turns":11},{"damage":5,"enemies":"3 Shapes","floor":35,"turns":3},{"damage":24,"enemies":"3 Darklings","floor":38,"turns":6},{"damage":5,"enemies":"Transient","floor":39,"turns":5},{"damage":31,"enemies":"Maw","floor":45,"turns":7},{"damage":117,"enemies":"Awakened One","floor":50,"turns":13}],"seed_played":"-823199850241895491","potions_obtained":[{"floor":2.0,"key":"SkillPotion"},{"floor":2.0,"key":"Swift Potion"},{"floor":3.0,"key":"AttackPotion"},{"floor":5.0,"key":"Poison Potion"},{"floor":6.0,"key":"BloodPotion"},{"floor":12.0,"key":"Ancient Potion"},{"floor":16.0,"key":"Strength Potion"},{"floor":18.0,"key":"SteroidPotion"},{"floor":22.0,"key":"FairyPotion"},{"floor":23.0,"key":"Dexterity Potion"},{"floor":25.0,"key":"Energy Potion"},{"floor":38,"key":"Block Potion"},{"floor":39,"key":"AttackPotion"}],"is_trial":false,"path_per_floor":["M","?","M","M","M","E","R","$","T","R","?","E","?","E","R","B",null,"M","$","M","?","M","E","R","M","T","E","M","E","?","M","R","B",null,"M","?","?","M","M","R","$","R","T","R","M","?","?","$","R","B"],"character_chosen":"IRONCLAD","items_purchased":["StoneCalendar","Paper Frog","Bag of Marbles","Bronze Scales","Metamorphosis"],"campfire_rested":3,"item_purchase_floors":[19,41,48,48,48],"current_hp_per_floor":[71,71,71,71,65,55,55,55,55,79,84,60,60,61,61,31,75,81,81,91,91,90,70,100,99,99,75,82,68,52,48,81,31,90,101,101,101,111,114,114,114,114,114,114,107,107,107,107,107,0],"gold":8,"neow_bonus":"UPGRADE_CARD","is_prod":false,"is_daily":false,"chose_seed":false,"campfire_upgraded":6,"win_rate":0,"timestamp":1555017314,"path_taken":["M","?","M","M","?","E","R","?","T","R","?","E","?","E","R","BOSS","M","$","M","?","M","E","R","M","T","E","?","E","?","M","R","BOSS","M","?","?","M","M","R","$","R","T","R","?","?","?","$","R","BOSS"],"build_version":"2019-01-23","purchased_purges":0,"victory":false,"max_hp_per_floor":[80,80,80,80,80,80,80,80,80,80,85,85,85,85,85,89,89,92,92,92,92,99,102,102,106,106,110,110,110,110,110,110,110,110,110,110,110,114,114,114,114,114,114,114,118,118,118,118,118,121],"card_choices":[{"not_picked":["True Grit","Burning Pact"],"picked":"Shrug It Off","floor":1.0},{"not_picked":["Havoc","Flex"],"picked":"Metallicize","floor":3.0},{"not_picked":["Anger","Wild Strike"],"picked":"Metallicize","floor":4.0},{"not_picked":["Feel No Pain","Seeing Red"],"picked":"Infernal Blade","floor":5.0},{"not_picked":["Uppercut","Headbutt"],"picked":"Feed","floor":6.0},{"not_picked":["Anger","Second Wind"],"picked":"Hemokinesis","floor":12.0},{"not_picked":["Twin Strike","Warcry"],"picked":"Carnage","floor":14.0},{"not_picked":["Brutality","Limit Break"],"picked":"Feed","floor":16.0},{"not_picked":["Thunderclap+1","Flex+1"],"picked":"True Grit+1","floor":18.0},{"not_picked":["Thunderclap","Metallicize"],"picked":"Shrug It Off","floor":20.0},{"not_picked":["Clash+1","Entrench"],"picked":"Twin Strike+1","floor":22.0},{"not_picked":["Whirlwind","Warcry"],"picked":"Shrug It Off+1","floor":23.0},{"not_picked":["Perfected Strike+1","Berserk"],"picked":"Sword Boomerang+1","floor":25.0},{"not_picked":["Barricade","Limit Break"],"picked":"Warcry","floor":27.0},{"not_picked":["Sever Soul","Wild Strike"],"picked":"Clothesline","floor":28.0},{"not_picked":["Pommel Strike","Rupture"],"picked":"Body Slam","floor":29.0},{"not_picked":["Havoc","Flex"],"picked":"Battle Trance+1","floor":31.0},{"not_picked":["Impervious","Double Tap"],"picked":"Reaper","floor":33},{"not_picked":["Second Wind+1","Cleave"],"picked":"Rupture+1","floor":35},{"not_picked":["Reckless Charge","Rage"],"picked":"Spot Weakness+1","floor":38},{"not_picked":["Battle Trance","Dual Wield+1"],"picked":"Iron Wave","floor":39},{"not_picked":["Wild Strike","Cleave"],"picked":"Shrug It Off+1","floor":45},{"not_picked":["Deep Breath","Transmutation"],"picked":"Chrysalis","floor":46}],"player_experience":644835,"relics_obtained":[{"floor":6.0,"key":"The Courier"},{"floor":9.0,"key":"Anchor"},{"floor":12.0,"key":"Whetstone"},{"floor":14.0,"key":"Bird Faced Urn"},{"floor":23.0,"key":"Happy Flower"},{"floor":26.0,"key":"Omamori"},{"floor":27.0,"key":"Meat on the Bone"},{"floor":29.0,"key":"Frozen Egg 2"},{"floor":30.0,"key":"Necronomicon"},{"floor":43,"key":"Gremlin Horn"}],"event_choices":[{"damage_healed":0.0,"max_hp_gain":0.0,"max_hp_loss":0.0,"gold_gain":0.0,"event_name":"The Woman in Blue","player_choice":"Bought 2 Potions","floor":2.0,"gold_loss":0.0,"damage_taken":0.0},{"damage_healed":0.0,"max_hp_gain":5.0,"max_hp_loss":0.0,"gold_gain":0.0,"event_name":"Big Fish","player_choice":"Donut","floor":11.0,"gold_loss":0.0,"damage_taken":0.0},{"damage_healed":0.0,"max_hp_gain":0.0,"max_hp_loss":0.0,"gold_gain":0.0,"event_name":"World of Goop","player_choice":"Left Gold","floor":13.0,"gold_loss":42.0,"damage_taken":0.0},{"damage_healed":0.0,"max_hp_gain":0.0,"max_hp_loss":0.0,"gold_gain":0.0,"cards_transformed":["Strike_R"],"event_name":"Transmorgrifier","player_choice":"Transformed","floor":21.0,"gold_loss":0.0,"damage_taken":0.0,"cards_obtained":["Metallicize"]},{"damage_healed":0.0,"max_hp_gain":0.0,"max_hp_loss":0.0,"gold_gain":0.0,"event_name":"Cursed Tome","player_choice":"Obtained Book","floor":30.0,"gold_loss":0.0,"damage_taken":16.0},{"cards_removed":["Defend_R"],"damage_healed":0,"gold_gain":0,"player_choice":"Removed Skill","damage_taken":0,"max_hp_gain":0,"max_hp_loss":0,"event_name":"Falling","floor":36,"gold_loss":0},{"cards_removed":["Defend_R"],"damage_healed":0,"gold_gain":0,"player_choice":"Purged","damage_taken":0,"max_hp_gain":0,"max_hp_loss":0,"event_name":"Purifier","floor":37,"gold_loss":0},{"damage_healed":0,"gold_gain":0,"player_choice":"Memory 1","damage_taken":0,"max_hp_gain":0,"max_hp_loss":0,"event_name":"SensoryStone","floor":46,"gold_loss":0},{"cards_removed":["Rupture"],"damage_healed":0,"gold_gain":0,"player_choice":"Gave Card","damage_taken":0,"relics_obtained":["Red Skull"],"max_hp_gain":0,"max_hp_loss":0,"event_name":"WeMeetAgain","floor":47,"gold_loss":0}],"is_beta":false,"boss_relics":[{"not_picked":["White Beast Statue","Velvet Choker"],"picked":"Cursed Key"},{"not_picked":["Philosopher\u0027s Stone","Calling Bell"],"picked":"Astrolabe"}],"items_purged_floors":[],"is_endless":false,"potions_floor_spawned":[3,5,6,12,16,18,22,23,25,29,31,38,39],"killed_by":"Awakened One","ascension_level":11}