{"path_per_floor":["M","?","?","$","M","R","?","R","T","R","M","M","E","M","R","B",null,"M","M","?","?","$","E","R","M","T"],"character_chosen":"THE_SILENT","items_purchased":["Ninja Scroll"],"gold_per_floor":[112,112,112,37,54,54,54,54,54,54,67,91,130,145,145,271,271,295,289,289,289,29,64,64,89,116],"floor_reached":27,"campfire_rested":2,"playtime":1148,"current_hp_per_floor":[64,64,64,64,62,62,62,62,62,62,62,59,29,29,50,18,70,70,66,70,70,70,13,34,27,27],"items_purged":["Regret"],"gold":116,"score":231,"play_id":"753ff203-0854-4616-afca-742f039409e2","is_prod":false,"is_daily":false,"is_ascension_mode":false,"campfire_upgraded":3,"path_taken":["M","?","?","$","M","R","?","R","T","R","M","M","E","?","R","BOSS","M","M","?","?","$","E","R","M","T","M"],"build_version":"2018-02-08-PROD1","purchased_purges":1,"victory":false,"master_deck":["Defend_G","Defend_G","Defend_G+1","Defend_G","Defend_G","Strike_G","Strike_G","Strike_G","Strike_G","Survivor+1","Neutralize+1","Accuracy","Doppelganger+1","Footwork+1","Injury","Cloak And Dagger","Envenom","Blade Dance","After Image","Poisoned Stab","Reflex","Backflip+1"],"max_hp_per_floor":[70,70,70,70,70,70,70,70,70,70,70,70,70,70,70,70,70,70,70,70,70,70,70,70,70,70],"relics":["Ring of the Snake","Centennial Puzzle","Golden Idol","Ginger","Thread and Needle","Black Star","Ninja Scroll","Ice Cream","Tingsha","War Paint"],"card_choices":[{"not_picked":["Deflect","Backstab"],"picked":"Accuracy"},{"not_picked":["Dagger Spray","Poisoned Stab"],"picked":"Footwork"},{"not_picked":["Finisher","Flying Knee"],"picked":"Cloak And Dagger"},{"not_picked":["Dagger Throw","PiercingWail"],"picked":"Envenom"},{"not_picked":["Finisher","Bane"],"picked":"Blade Dance"},{"not_picked":["Tools of the Trade","Adrenaline"],"picked":"After Image"},{"not_picked":["Quick Slash","Deadly Poison"],"picked":"Poisoned Stab"},{"not_picked":["Dagger Spray","PiercingWail"],"picked":"Reflex"},{"not_picked":["Outmaneuver","Sucker Punch"],"picked":"Backflip"}],"player_experience":76266,"potions_floor_usage":[16,16,23,23,27],"damage_taken":[{"damage":6,"enemies":"Jaw Worm","floor":1,"turns":5},{"damage":2,"enemies":"Blue Slaver","floor":5,"turns":6},{"damage":0,"enemies":"2 Louse","floor":11,"turns":3},{"damage":3,"enemies":"Looter","floor":12,"turns":4},{"damage":30,"enemies":"Gremlin Nob","floor":13,"turns":7},{"damage":0,"enemies":"3 Louse","floor":14,"turns":5},{"damage":32,"enemies":"Hexaghost","floor":16,"turns":14},{"damage":0,"enemies":"Chosen","floor":18,"turns":8},{"damage":4,"enemies":"2 Thieves","floor":19,"turns":4},{"damage":57,"enemies":"Slavers","floor":23,"turns":10},{"damage":7,"enemies":"Sentry and Sphere","floor":25,"turns":10},{"damage":36,"enemies":"Cultist and Chosen","floor":27,"turns":8}],"event_choices":[{"event_name":"Transmorgrifier","player_choice":"Transform","floor":2,"damage_taken":0},{"event_name":"Big Fish","player_choice":"Box","floor":3,"damage_taken":0},{"event_name":"Golden Idol","player_choice":"Take Wound","floor":7,"damage_taken":0},{"event_name":"Wheel of Change","player_choice":"Full Heal","floor":20,"damage_taken":0},{"event_name":"Drug Dealer","player_choice":"Ignored","floor":21,"damage_taken":0}],"boss_relics":[{"not_picked":["Sozu","Snecko Eye"],"picked":"Black Star"}],"potions_floor_spawned":[5,13,14,19,25],"seed_played":"-6691777215060952263","killed_by":"Cultist and Chosen","ascension_level":0,"is_trial":false}