{"path_per_floor":["M","?","?","$","M","E","R","E","T","R","E","M","R","?","R","B",null,"M","?","$","M","M","R","E","R","T","?","R","E","?","M","R"],"character_chosen":"IRONCLAD","items_purchased":["Metallicize","Unceasing Top","Regal Pillow"],"gold_per_floor":[112,112,112,1,18,49,49,79,79,79,110,128,128,228,228,324,624,595,595,40,60,70,70,104,104,130,130,130,157,72,85,85,85],"floor_reached":33,"campfire_rested":4,"playtime":1493,"current_hp_per_floor":[80,80,80,80,80,58,80,77,79,79,66,67,67,67,86,8,86,61,61,61,34,22,63,58,58,58,58,89,64,71,74,74,0],"items_purged":["Regret","Normality"],"gold":85,"score":339,"play_id":"0285d315-f325-4645-bd45-c5163d18e817","local_time":"20180330004728","is_prod":false,"is_daily":false,"is_ascension_mode":true,"campfire_upgraded":4,"timestamp":1522363648,"path_taken":["M","?","?","$","M","E","R","E","T","R","E","?","R","?","R","BOSS","M","?","$","M","?","R","E","R","T","?","R","E","?","M","R","BOSS"],"build_version":"2018-03-22v2","purchased_purges":2,"victory":false,"master_deck":["Strike_R","Strike_R","Strike_R+1","Strike_R+1","Defend_R","Defend_R+1","Defend_R+1","Defend_R","Bash","True Grit","Metallicize+1","Bloodletting+1","Flex","Thunderclap","Feed","Warcry+1","Flame Barrier+1","Body Slam+1","Metallicize+1","Seeing Red+1","Power Through","Battle Trance+1"],"max_hp_per_floor":[80,80,80,80,80,80,80,82,84,84,84,86,86,86,86,86,86,86,86,86,86,89,89,89,89,89,89,89,89,96,96,96,96],"relics":["Burning Blood","Prayer Wheel","Mercury Hourglass","Singing Bowl","Happy Flower","War Paint","Calling Bell","Paper Frog","Oddly Smooth Stone","Old Coin","Pen Nib","Unceasing Top","Regal Pillow","Bronze Scales","Ancient Tea Set","Whetstone","Strawberry"],"card_choices":[{"not_picked":["Fiend Fire","Clash"],"picked":"True Grit","floor":1.0},{"not_picked":["Whirlwind","Perfected Strike"],"picked":"Bloodletting","floor":5.0},{"not_picked":["Pommel Strike","Perfected Strike"],"picked":"Flex","floor":6},{"not_picked":["Iron Wave","Double Tap"],"picked":"Thunderclap","floor":11},{"not_picked":["Immolate","Berserk"],"picked":"Feed","floor":16},{"not_picked":["Corruption","Uppercut"],"picked":"Warcry","floor":18},{"not_picked":["Thunderclap","Flex"],"picked":"Flame Barrier","floor":21},{"not_picked":["Clothesline","Wild Strike"],"picked":"Body Slam","floor":22},{"not_picked":["Iron Wave","Heavy Blade"],"picked":"Metallicize","floor":24},{"not_picked":["Armaments","Headbutt"],"picked":"Seeing Red","floor":26},{"not_picked":["Perfected Strike","True Grit"],"picked":"Power Through","floor":29},{"not_picked":["Rampage","Entrench"],"picked":"Battle Trance","floor":31}],"player_experience":67843,"potions_floor_usage":[8,11,16,22,22,24,31,33],"damage_taken":[{"damage":3.0,"enemies":"Small Slimes","floor":1.0,"turns":4.0},{"damage":0.0,"enemies":"Cultist","floor":5.0,"turns":4.0},{"damage":28,"enemies":"3 Sentries","floor":6,"turns":14},{"damage":11,"enemies":"Gremlin Nob","floor":8,"turns":4},{"damage":19,"enemies":"Lagavulin","floor":11,"turns":5},{"damage":7,"enemies":"Jaw Worm","floor":12,"turns":4},{"damage":84,"enemies":"Hexaghost","floor":16,"turns":13},{"damage":31,"enemies":"2 Thieves","floor":18,"turns":5},{"damage":33,"enemies":"3 Byrds","floor":21,"turns":6},{"damage":21,"enemies":"Sentry and Sphere","floor":22,"turns":10},{"damage":11,"enemies":"Book of Stabbing","floor":24,"turns":5},{"damage":31,"enemies":"Gremlin Leader","floor":29,"turns":8},{"damage":3,"enemies":"Centurion and Healer","floor":31,"turns":6},{"damage":82,"enemies":"Automaton","floor":33,"turns":12}],"event_choices":[{"event_name":"Purifier","player_choice":"One Purge","floor":2.0,"damage_taken":0.0},{"event_name":"Big Fish","player_choice":"Box","floor":3.0,"damage_taken":0.0},{"event_name":"Golden Shrine","player_choice":"Pray","floor":14,"damage_taken":0},{"event_name":"Accursed Blacksmith","player_choice":"Rummage","floor":19,"damage_taken":0},{"event_name":"The Lab","player_choice":"Got Potions","floor":27,"damage_taken":0},{"event_name":"Addict","player_choice":"Obtained Relic","floor":30,"damage_taken":0}],"boss_relics":[{"not_picked":["Snecko Eye","Sozu"],"picked":"Calling Bell"}],"potions_floor_spawned":[1,8,11,12,18,21,22],"seed_played":"-3029187218655255245","killed_by":"Automaton","ascension_level":1,"is_trial":false}