{"gold_per_floor":[119,119,69,69,81,107,107,107,162,191,191,62,80,92,92,191,191,210,191,17,217,89,118,132,132],"floor_reached":25,"playtime":1100,"items_purged":["Strike_G"],"score":229,"play_id":"bf8a940e-fea2-4c6c-9d19-2e4a25cddbf3","local_time":"20190404032409","is_ascension_mode":false,"campfire_choices":[{"data":"Neutralize","floor":7.0,"key":"SMITH"},{"floor":15.0,"key":"REST"}],"neow_cost":"NONE","seed_source_timestamp":0,"circlet_count":0,"master_deck":["Defend_G","Defend_G","Defend_G","Defend_G","Defend_G","Strike_G","Strike_G","Strike_G","Survivor","Neutralize+1","Noxious Fumes+1","Flying Knee","Cloak And Dagger","Sucker Punch","Footwork","PiercingWail","Dagger Throw","Poisoned Stab","Die Die Die","Leg Sweep","Concentrate","Noxious Fumes","Catalyst","Heel Hook+1","Dagger Spray","Dagger Throw","Quick Slash","Footwork","PiercingWail"],"special_seed":0,"relics":["Ring of the Snake","Bronze Scales","Peace Pipe","Bag of Preparation","Ancient Tea Set","Orrery","Bag of Marbles","Potion Belt"],"potions_floor_usage":[25],"damage_taken":[{"damage":1.0,"enemies":"2 Louse","floor":1.0,"turns":2.0},{"damage":0.0,"enemies":"Small Slimes","floor":5.0,"turns":3.0},{"damage":11.0,"enemies":"Lagavulin","floor":6.0,"turns":9.0},{"damage":31.0,"enemies":"Gremlin Nob","floor":10.0,"turns":4.0},{"damage":3.0,"enemies":"Jaw Worm","floor":13.0,"turns":4.0},{"damage":0.0,"enemies":"Exordium Wildlife","floor":14.0,"turns":3.0},{"damage":9.0,"enemies":"The Guardian","floor":16.0,"turns":9.0},{"damage":0.0,"enemies":"Shell Parasite","floor":18.0,"turns":7.0},{"damage":13.0,"enemies":"2 Thieves","floor":19.0,"turns":4.0},{"damage":48.0,"enemies":"Slavers","floor":23.0,"turns":5.0},{"damage":9.0,"enemies":"Centurion and Healer","floor":24.0,"turns":6.0},{"damage":6,"enemies":"Snake Plant","floor":25,"turns":4}],"seed_played":"8077126479609121492","potions_obtained":[{"floor":1.0,"key":"Block Potion"},{"floor":5.0,"key":"SmokeBomb"},{"floor":6.0,"key":"Ancient Potion"},{"floor":11.0,"key":"Block Potion"},{"floor":11.0,"key":"Dexterity Potion"},{"floor":16.0,"key":"Weak Potion"},{"floor":23.0,"key":"Weak Potion"},{"floor":24.0,"key":"SpeedPotion"}],"is_trial":false,"path_per_floor":["M","?","?","?","M","E","R","?","T","E","?","$","M","M","R","B",null,"M","M","$","?","$","E","M","M"],"character_chosen":"THE_SILENT","items_purchased":["Footwork","PiercingWail","Bag of Marbles","Dagger Throw","Quick Slash"],"campfire_rested":1,"item_purchase_floors":[12,12,20,20,22],"current_hp_per_floor":[69,69,69,74,74,63,63,63,63,32,32,32,29,29,51,42,75,75,62,62,62,62,14,5,0],"gold":132,"neow_bonus":"RANDOM_COMMON_RELIC","is_prod":false,"is_daily":false,"chose_seed":false,"campfire_upgraded":1,"win_rate":0,"timestamp":1554369849,"path_taken":["M","?","?","?","?","E","R","?","T","E","?","$","M","M","R","BOSS","M","M","$","?","?","E","M","M"],"build_version":"2019-01-23","purchased_purges":1,"victory":false,"max_hp_per_floor":[70,70,70,75,75,75,75,75,75,75,75,75,75,75,75,75,75,75,75,75,75,75,75,75,75],"card_choices":[{"not_picked":["Bouncing Flask","Poisoned Stab"],"picked":"Noxious Fumes","floor":1.0},{"not_picked":["Underhanded Strike","Expertise"],"picked":"Flying Knee","floor":5.0},{"not_picked":["Setup","Distraction"],"picked":"Cloak And Dagger","floor":6.0},{"not_picked":["Accuracy","Venomology"],"picked":"Sucker Punch","floor":10.0},{"not_picked":["Bane","Escape Plan"],"picked":"Dagger Throw","floor":13.0},{"not_picked":["Setup","Flying Knee"],"picked":"Poisoned Stab","floor":14.0},{"not_picked":["Burst","Storm of Steel"],"picked":"Die Die Die","floor":16.0},{"not_picked":["Infinite Blades","Sucker Punch"],"picked":"Leg Sweep","floor":17.0},{"not_picked":["Finisher","Underhanded Strike"],"picked":"Concentrate","floor":17.0},{"not_picked":["Dodge and Roll","PiercingWail"],"picked":"Noxious Fumes","floor":17.0},{"not_picked":["Riddle With Holes","Blade Dance"],"picked":"Catalyst","floor":17.0},{"not_picked":["Corpse Explosion","Slice+1"],"picked":"Heel Hook+1","floor":18.0},{"not_picked":["Underhanded Strike","Flying Knee"],"picked":"Dagger Spray","floor":19.0},{"not_picked":["Poisoned Stab","Cloak And Dagger"],"picked":"Footwork","floor":23.0},{"not_picked":["Flying Knee","Accuracy+1"],"picked":"PiercingWail","floor":24.0}],"player_experience":169722,"relics_obtained":[{"floor":6.0,"key":"Peace Pipe"},{"floor":9.0,"key":"Bag of Preparation"},{"floor":10.0,"key":"Ancient Tea Set"},{"floor":23.0,"key":"Potion Belt"}],"event_choices":[{"damage_healed":0.0,"max_hp_gain":0.0,"max_hp_loss":0.0,"gold_gain":0.0,"event_name":"Living Wall","player_choice":"Grow","floor":2.0,"gold_loss":0.0,"damage_taken":0.0,"cards_upgraded":["Noxious Fumes"]},{"cards_removed":["Strike_G"],"damage_healed":0.0,"max_hp_gain":0.0,"max_hp_loss":0.0,"gold_gain":0.0,"event_name":"The Cleric","player_choice":"Card Removal","floor":3.0,"gold_loss":50.0,"damage_taken":0.0},{"damage_healed":0.0,"max_hp_gain":5.0,"max_hp_loss":0.0,"gold_gain":0.0,"event_name":"Big Fish","player_choice":"Donut","floor":4.0,"gold_loss":0.0,"damage_taken":0.0},{"damage_healed":0.0,"max_hp_gain":0.0,"max_hp_loss":0.0,"gold_gain":0.0,"event_name":"Liars Game","player_choice":"Ignored","floor":8.0,"gold_loss":0.0,"damage_taken":0.0},{"damage_healed":0.0,"max_hp_gain":0.0,"max_hp_loss":0.0,"gold_gain":0.0,"event_name":"Lab","player_choice":"Got Potions","floor":11.0,"gold_loss":0.0,"damage_taken":0.0},{"damage_healed":0.0,"max_hp_gain":0.0,"max_hp_loss":0.0,"gold_gain":200.0,"event_name":"Wheel of Change","player_choice":"Gold","floor":21.0,"gold_loss":0.0,"damage_taken":0.0}],"is_beta":false,"boss_relics":[{"not_picked":["Pandora\u0027s Box","Tiny House"],"picked":"Orrery"}],"items_purged_floors":[22],"is_endless":false,"potions_floor_spawned":[1,5,6,13,16,23,24],"killed_by":"Snake Plant","ascension_level":0}