{"gold_per_floor":[113,113,133,208,7,7,32,50,80,100,112,112,125,154,154,257,257,271,285,66,66,66,66,96,96,96,96,128,139,152,168,168,263,263,277,289,304,324,324,324,324,324,370,370,381,398,445,457,457,457],"floor_reached":50,"playtime":2551,"items_purged":["Dualcast"],"score":770,"play_id":"d2cab5ff-e4f6-443c-b97a-692fc4895825","local_time":"20181031164225","is_ascension_mode":true,"campfire_choices":[{"data":"Coolheaded","floor":6,"key":"SMITH"},{"data":"Machine Learning","floor":12,"key":"SMITH"},{"floor":15,"key":"REST"},{"data":"Reboot","floor":23,"key":"SMITH"},{"data":"Reprogram","floor":25,"key":"SMITH"},{"data":"Hologram","floor":27,"key":"SMITH"},{"floor":32,"key":"REST"},{"floor":40,"key":"REST"},{"data":"Zap","floor":42,"key":"SMITH"},{"data":"Fission","floor":44,"key":"SMITH"},{"floor":49,"key":"REST"}],"neow_cost":"NONE","seed_source_timestamp":223364573121689,"circlet_count":0,"master_deck":["Strike_B","Strike_B","Defend_B","Defend_B","Defend_B","Defend_B","Zap+1","Gash","Coolheaded+1","Gash","Machine Learning+1","Reprogram+1","Conserve Battery","Hologram+1","Rebound","Gash","Reboot+1","Gash+1","Gash+1","Rebound","Rebound+1","Gash+1","Fission+1","Gash","Stack+1","Glacier+1","Skim","Hologram+1","Panache","Coolheaded","Beam Cell+1","Gash+1"],"relics":["Cracked Core","NeowsBlessing","Letter Opener","DollysMirror","PreservedInsect","Tiny Chest","Mummified Hand","Empty Cage","Bag of Preparation","Calipers","The Courier","Emotion Chip","Inserter","Anchor","Gambling Chip"],"potions_floor_usage":[14,16,18,19,28,29,33,33,33,50,50,50],"damage_taken":[{"damage":0,"enemies":"Small Slimes","floor":1,"turns":1},{"damage":0,"enemies":"Jaw Worm","floor":3,"turns":1},{"damage":0,"enemies":"3 Sentries","floor":7,"turns":1},{"damage":0,"enemies":"2 Louse","floor":8,"turns":2},{"damage":11,"enemies":"Blue Slaver","floor":10,"turns":3},{"damage":6,"enemies":"Exordium Thugs","floor":11,"turns":3},{"damage":4,"enemies":"3 Louse","floor":13,"turns":3},{"damage":0,"enemies":"Gremlin Nob","floor":14,"turns":3},{"damage":4,"enemies":"Slime Boss","floor":16,"turns":5},{"damage":13,"enemies":"Spheric Guardian","floor":18,"turns":4},{"damage":7,"enemies":"Chosen","floor":19,"turns":3},{"damage":0,"enemies":"Gremlin Leader","floor":24,"turns":3},{"damage":0,"enemies":"Slavers","floor":28,"turns":2},{"damage":5,"enemies":"3 Cultists","floor":29,"turns":4},{"damage":2,"enemies":"Cultist and Chosen","floor":30,"turns":3},{"damage":5,"enemies":"Snake Plant","floor":31,"turns":3},{"damage":17,"enemies":"Automaton","floor":33,"turns":6},{"damage":11,"enemies":"3 Darklings","floor":35,"turns":3},{"damage":12,"enemies":"3 Shapes","floor":36,"turns":5},{"damage":4,"enemies":"Spire Growth","floor":37,"turns":4},{"damage":9,"enemies":"Sphere and 2 Shapes","floor":38,"turns":4},{"damage":0,"enemies":"Jaw Worm Horde","floor":45,"turns":3},{"damage":25,"enemies":"3 Darklings","floor":46,"turns":3},{"damage":17,"enemies":"2 Orb Walkers","floor":47,"turns":4},{"damage":0,"enemies":"4 Shapes","floor":48,"turns":5},{"damage":34,"enemies":"Time Eater","floor":50,"turns":3}],"seed_played":"4312498104375245354","potions_obtained":[{"floor":3,"key":"FearPotion"},{"floor":10,"key":"SteroidPotion"},{"floor":11,"key":"Block Potion"},{"floor":13,"key":"PowerPotion"},{"floor":14,"key":"AttackPotion"},{"floor":16,"key":"Poison Potion"},{"floor":19,"key":"Strength Potion"},{"floor":28,"key":"PowerPotion"},{"floor":29,"key":"Dexterity Potion"},{"floor":30,"key":"Energy Potion"},{"floor":45,"key":"Block Potion"},{"floor":47,"key":"FocusPotion"},{"floor":48,"key":"Ancient Potion"}],"is_trial":false,"path_per_floor":["M","?","M","?","$","R","E","M","T","M","M","R","M","E","R","B",null,"M","M","$","?","$","R","E","R","T","R","E","M","M","M","R","B",null,"M","M","M","M","?","R","?","R","T","R","M","M","?","M","R"],"character_chosen":"DEFECT","items_purchased":["DollysMirror","Bag of Preparation"],"campfire_rested":4,"item_purchase_floors":[5,20],"current_hp_per_floor":[75,72,72,61,61,61,61,61,61,50,44,44,40,40,62,58,71,58,51,51,51,51,51,51,51,51,51,51,46,44,39,61,44,67,56,44,40,31,31,53,53,53,53,53,53,28,11,11,33,0],"gold":457,"neow_bonus":"THREE_ENEMY_KILL","is_prod":false,"is_daily":false,"chose_seed":false,"campfire_upgraded":7,"win_rate":0,"timestamp":1541022145,"path_taken":["M","?","M","?","$","R","E","M","T","M","?","R","M","E","R","BOSS","M","M","$","?","$","R","E","R","T","R","E","M","M","M","R","BOSS","M","M","M","M","?","R","?","R","T","R","?","M","?","M","R","BOSS"],"build_version":"2018-10-25v2","purchased_purges":1,"victory":false,"max_hp_per_floor":[75,75,75,75,75,75,75,75,75,75,75,75,75,75,75,75,75,75,75,75,75,75,75,75,75,75,75,75,75,75,75,75,75,75,75,75,75,75,75,75,75,75,75,75,75,75,75,75,75,75],"card_choices":[{"not_picked":["Compile Driver","White Noise"],"picked":"Gash","floor":1},{"not_picked":["Barrage","Go for the Eyes"],"picked":"Coolheaded","floor":3},{"not_picked":["Turbo","Doom and Gloom"],"picked":"Machine Learning","floor":7},{"not_picked":["Steam Power","Barrage"],"picked":"Reprogram","floor":8},{"not_picked":["Rip and Tear","Barrage"],"picked":"Conserve Battery","floor":10},{"not_picked":["Sweeping Beam","Buffer"],"picked":"Hologram","floor":11},{"not_picked":["Ball Lightning","Go for the Eyes"],"picked":"Rebound","floor":13},{"not_picked":["Genetic Algorithm","Ball Lightning"],"picked":"Gash","floor":14},{"not_picked":["Core Surge","Rainbow"],"picked":"Reboot","floor":16},{"not_picked":["Steam","Recycle"],"picked":"Gash+1","floor":18},{"not_picked":["Barrage","Glacier+1"],"picked":"Gash+1","floor":19},{"not_picked":["Turbo","Capacitor+1"],"picked":"Rebound+1","floor":24},{"not_picked":["Conserve Battery","Stack+1","Heatsinks+1"],"picked":"SKIP","floor":28},{"not_picked":["Chill","Leap+1","Sweeping Beam+1"],"picked":"SKIP","floor":29},{"not_picked":["Sweeping Beam+1","Conserve Battery","Redo"],"picked":"SKIP","floor":30},{"not_picked":["Barrage","Rainbow"],"picked":"Gash+1","floor":31},{"not_picked":["Buffer","Thunder Strike"],"picked":"Fission","floor":33},{"not_picked":["Beam Cell","Redo"],"picked":"Gash","floor":35},{"not_picked":["Coolheaded","Steam Power+1"],"picked":"Stack+1","floor":36},{"not_picked":["Compile Driver","Ball Lightning"],"picked":"Glacier+1","floor":37},{"not_picked":["Rebound+1","FTL"],"picked":"Skim","floor":38},{"not_picked":["Dark Shackles","Finesse"],"picked":"Panache","floor":41},{"not_picked":["Steam+1","Beam Cell"],"picked":"Coolheaded","floor":45},{"not_picked":["Blizzard+1","Streamline+1","Ball Lightning"],"picked":"SKIP","floor":46},{"not_picked":["Conserve Battery","Streamline+1"],"picked":"Beam Cell+1","floor":47},{"not_picked":["Skim+1","Darkness"],"picked":"Gash+1","floor":48}],"player_experience":237044,"relics_obtained":[{"floor":7,"key":"PreservedInsect"},{"floor":9,"key":"Tiny Chest"},{"floor":14,"key":"Mummified Hand"},{"floor":24,"key":"Calipers"},{"floor":26,"key":"The Courier"},{"floor":28,"key":"Emotion Chip"},{"floor":43,"key":"Anchor"},{"floor":47,"key":"Gambling Chip"}],"event_choices":[{"damage_healed":0,"gold_gain":0,"player_choice":"Success","damage_taken":3,"relics_obtained":["Letter Opener"],"max_hp_gain":0,"max_hp_loss":0,"event_name":"Scrap Ooze","floor":2,"gold_loss":0},{"damage_healed":0,"gold_gain":75,"player_choice":"Gather Gold","damage_taken":11,"max_hp_gain":0,"max_hp_loss":0,"event_name":"World of Goop","floor":4,"gold_loss":0},{"damage_healed":0,"gold_gain":0,"player_choice":"Read","damage_taken":0,"max_hp_gain":0,"max_hp_loss":0,"event_name":"The Library","floor":21,"gold_loss":0,"cards_obtained":["Rebound"]},{"damage_healed":0,"gold_gain":0,"player_choice":"Copied","damage_taken":0,"max_hp_gain":0,"max_hp_loss":0,"event_name":"Duplicator","floor":39,"gold_loss":0,"cards_obtained":["Hologram"]},{"damage_healed":0,"gold_gain":0,"player_choice":"Memory 1","damage_taken":0,"max_hp_gain":0,"max_hp_loss":0,"event_name":"SensoryStone","floor":41,"gold_loss":0},{"damage_healed":0,"gold_gain":0,"player_choice":"Fight","damage_taken":0,"max_hp_gain":0,"max_hp_loss":0,"event_name":"Mysterious Sphere","floor":47,"gold_loss":0}],"is_beta":false,"boss_relics":[{"not_picked":["Snecko Eye","Coffee Dripper"],"picked":"Empty Cage"},{"not_picked":["FrozenCore","Fusion Hammer"],"picked":"Inserter"}],"items_purged_floors":[20],"is_endless":false,"potions_floor_spawned":[3,10,11,13,14,16,19,28,29,30,45,47,48],"killed_by":"Time Eater","ascension_level":5}