{"path_per_floor":["M","$","M","M","M","E","M","E","T","M","R","E","R","M","R","B",null,"M","M","?"],"character_chosen":"THE_SILENT","items_purchased":["Quick Slash","Dagger Throw"],"gold_per_floor":[116,47,60,74,93,127,147,177,177,195,195,226,226,246,246,342,342,358,342,342],"floor_reached":21,"campfire_rested":3,"playtime":1561,"current_hp_per_floor":[65,65,65,60,56,39,39,9,9,11,32,13,34,26,47,10,70,17,8,8],"items_purged":[],"gold":342,"play_id":"9b24eed4-e339-42d1-8f40-4628e03a75d7","is_prod":false,"is_daily":false,"is_ascension_mode":false,"campfire_upgraded":0,"path_taken":["M","?","?","M","M","E","M","E","T","M","R","E","R","M","R","BOSS","M","M","?","M"],"build_version":"2018-01-25-PROD3","purchased_purges":0,"victory":false,"master_deck":["Defend_G","Defend_G","Defend_G","Defend_G","Defend_G","Survivor","Neutralize+1","PiercingWail","Quick Slash","Dagger Throw","Terror","Backflip","Deflect","Distraction","PiercingWail","Die Die Die","Dodge and Roll","Choke","Quick Slash","Deflect","Slice","Poisoned Stab","Tools of the Trade","Dagger Throw","Slice+1","Bite_G","Bite_G","Bite_G","Bite_G","Bite_G"],"max_hp_per_floor":[70,70,70,70,70,70,70,70,70,70,70,70,70,70,70,70,70,70,70,70],"relics":["Ring of the Snake","Dream Catcher","Peace Pipe","Pantograph","Eternal Feather"],"card_choices":[{"not_picked":["Dagger Spray","Bane"],"picked":"PiercingWail"},{"not_picked":["Predator","Sucker Punch"],"picked":"Terror"},{"not_picked":["PiercingWail","Prepared"],"picked":"Backflip"},{"not_picked":["Acrobatics","Predator"],"picked":"Deflect"},{"not_picked":["Dagger Throw","Dash"],"picked":"Distraction"},{"not_picked":["Bouncing Flask","Terror"],"picked":"PiercingWail"},{"not_picked":["Bane","Blade Dance"],"picked":"Die Die Die"},{"not_picked":["Dagger Spray","Distraction"],"picked":"Dodge and Roll"},{"not_picked":["Bane","Finisher"],"picked":"Choke"},{"not_picked":["Acrobatics","Sucker Punch"],"picked":"Quick Slash"},{"not_picked":["PiercingWail","Quick Slash"],"picked":"Deflect"},{"not_picked":["Backstab","Catalyst"],"picked":"Slice"},{"not_picked":["Sucker Punch","Finisher"],"picked":"Poisoned Stab"},{"not_picked":["Glass Knife","Night Terror"],"picked":"Tools of the Trade"},{"not_picked":["All Out Attack","Dagger Spray"],"picked":"Dagger Throw"},{"not_picked":["Outmaneuver","Acrobatics"],"picked":"Slice"}],"player_experience":10792,"potions_floor_usage":[7,8,14],"damage_taken":[{"damage":5,"enemies":"Blue Slaver","floor":1,"turns":6},{"damage":0,"enemies":"Cultist","floor":3,"turns":4},{"damage":5,"enemies":"2 Louse","floor":4,"turns":2},{"damage":4,"enemies":"Red Slaver","floor":5,"turns":3},{"damage":17,"enemies":"Gremlin Nob","floor":6,"turns":4},{"damage":0,"enemies":"3 Louse","floor":7,"turns":1},{"damage":30,"enemies":"3 Sentries","floor":8,"turns":10},{"damage":0,"enemies":"Looter","floor":10,"turns":4},{"damage":21,"enemies":"Gremlin Nob","floor":12,"turns":5},{"damage":10,"enemies":"Large Slime","floor":14,"turns":5},{"damage":60,"enemies":"Hexaghost","floor":16,"turns":10},{"damage":53,"enemies":"Chosen","floor":18,"turns":8},{"damage":11,"enemies":"2 Thieves","floor":19,"turns":4},{"damage":17,"enemies":"Snecko","floor":21,"turns":3}],"event_choices":[{"event_name":"Vampires","player_choice":"Became a vampire (Vial)","floor":20,"damage_taken":0}],"boss_relics":[{"not_picked":["Sozu","Runic Pyramid"],"picked":"Eternal Feather"}],"potions_floor_spawned":[4,7,12,19],"seed_played":"9110424578178338103","killed_by":"Snecko","ascension_level":0,"is_trial":false}