{"gold_per_floor":[109,109,54,71,88,88,105,118,118,144,163,163,82,116,116,193,193,209,186,220,220,220],"floor_reached":22,"playtime":925,"items_purged":[],"score":392,"play_id":"0f44e968-16f6-43fa-a645-a35f16f297d2","local_time":"20190411222854","is_ascension_mode":true,"campfire_choices":[{"data":"Defragment","floor":6,"key":"SMITH"},{"floor":12,"key":"REST"},{"floor":15,"key":"REST"}],"neow_cost":"NONE","seed_source_timestamp":187541875716239,"circlet_count":0,"master_deck":["AscendersBane","Strike_B+1","Strike_B+1","Strike_B+1","Strike_B+1","Defend_B+1","Defend_B+1","Defend_B+1","Defend_B+1","Zap","Dualcast","Chill","Gash","Compile Driver","Defragment+1","Buffer","Leap","Capacitor","Cold Snap","Capacitor","Chill","Echo Form","Barrage","Steam+1","Ball Lightning"],"relics":["Cracked Core","Pen Nib","StoneCalendar","Question Card","Thread and Needle","Inserter","Red Mask"],"potions_floor_usage":[14,14,18,18,20],"damage_taken":[{"damage":8,"enemies":"2 Louse","floor":1,"turns":2},{"damage":0,"enemies":"Jaw Worm","floor":4,"turns":4},{"damage":7,"enemies":"Small Slimes","floor":5,"turns":4},{"damage":8,"enemies":"Red Slaver","floor":7,"turns":3},{"damage":4,"enemies":"Blue Slaver","floor":8,"turns":4},{"damage":13,"enemies":"3 Sentries","floor":10,"turns":7},{"damage":0,"enemies":"Large Slime","floor":11,"turns":5},{"damage":35,"enemies":"Gremlin Nob","floor":14,"turns":4},{"damage":23,"enemies":"Hexaghost","floor":16,"turns":12},{"damage":1,"enemies":"Shell Parasite","floor":18,"turns":7},{"damage":11,"enemies":"2 Thieves","floor":19,"turns":4},{"damage":35,"enemies":"Masked Bandits","floor":20,"turns":7},{"damage":20,"enemies":"Snake Plant","floor":22,"turns":5}],"seed_played":"-1161208927654984963","potions_obtained":[{"floor":8,"key":"Poison Potion"},{"floor":10,"key":"Strength Potion"},{"floor":11,"key":"Regen Potion"},{"floor":16,"key":"Block Potion"},{"floor":18,"key":"Fruit Juice"},{"floor":19,"key":"PowerPotion"}],"is_trial":false,"path_per_floor":["M","?","$","M","M","R","M","M","T","E","M","R","$","E","R","B",null,"M","M","?","?","M"],"character_chosen":"DEFECT","items_purchased":["Gash","Capacitor"],"campfire_rested":2,"item_purchase_floors":[3,13],"current_hp_per_floor":[56,56,56,56,49,49,41,37,37,24,24,45,45,22,43,20,58,62,51,16,16,0],"gold":220,"neow_bonus":"RANDOM_COMMON_RELIC","is_prod":false,"is_daily":false,"chose_seed":false,"campfire_upgraded":1,"win_rate":0,"timestamp":1555039734,"path_taken":["M","?","$","M","M","R","M","M","T","E","M","R","$","E","R","BOSS","M","M","?","?","M"],"build_version":"2019-01-23","purchased_purges":0,"victory":false,"max_hp_per_floor":[71,71,71,71,71,71,71,71,71,71,71,71,71,71,71,71,71,76,76,76,76,76],"card_choices":[{"not_picked":["Ball Lightning","Leap"],"picked":"Chill","floor":1},{"not_picked":["Barrage","Steam"],"picked":"Compile Driver","floor":4},{"not_picked":["Turbo","Go for the Eyes"],"picked":"Defragment","floor":5},{"not_picked":["Sweeping Beam","Ball Lightning"],"picked":"Buffer","floor":7},{"not_picked":["Conserve Battery","Rip and Tear"],"picked":"Leap","floor":8},{"not_picked":["Rebound","Rip and Tear"],"picked":"Capacitor","floor":10},{"not_picked":["Reinforced Body","Undo","Leap"],"picked":"Cold Snap","floor":11},{"not_picked":["Stack","BootSequence","Conserve Battery"],"picked":"Chill","floor":14},{"not_picked":["Meteor Strike","Creative AI","Rainbow"],"picked":"Echo Form","floor":16},{"not_picked":["Turbo","Sweeping Beam","Stack"],"picked":"Barrage","floor":18},{"not_picked":["Genetic Algorithm","Turbo","FTL"],"picked":"Steam+1","floor":19},{"not_picked":["Sweeping Beam","Auto Shields","Hello World"],"picked":"Ball Lightning","floor":20}],"player_experience":918030,"relics_obtained":[{"floor":9,"key":"StoneCalendar"},{"floor":10,"key":"Question Card"},{"floor":14,"key":"Thread and Needle"},{"floor":20,"key":"Red Mask"}],"event_choices":[{"damage_healed":0,"gold_gain":0,"player_choice":"Leave","damage_taken":0,"max_hp_gain":0,"max_hp_loss":0,"event_name":"The Cleric","floor":2,"gold_loss":0},{"damage_healed":0,"gold_gain":0,"player_choice":"Fought Bandits","damage_taken":0,"max_hp_gain":0,"max_hp_loss":0,"event_name":"Masked Bandits","floor":20,"gold_loss":0},{"damage_healed":0,"gold_gain":0,"player_choice":"Simplicity","damage_taken":0,"max_hp_gain":0,"max_hp_loss":0,"event_name":"Back to Basics","floor":21,"gold_loss":0,"cards_upgraded":["Strike_B","Strike_B","Strike_B","Strike_B","Defend_B","Defend_B","Defend_B","Defend_B"]}],"is_beta":false,"boss_relics":[{"not_picked":["Pandora\u0027s Box","Black Star"],"picked":"Inserter"}],"items_purged_floors":[],"is_endless":false,"potions_floor_spawned":[8,10,11,16,18,19],"killed_by":"Snake Plant","ascension_level":20}