{"gold_per_floor":[365,640,651,662,677,677,666,678,678,678,55,88,104,89],"floor_reached":14,"playtime":578,"items_purged":["Regret"],"score":122,"play_id":"d12b298e-c388-4cef-8b85-db7de4999b98","local_time":"20181104123428","is_ascension_mode":true,"campfire_choices":[{"data":"Barrage","floor":6,"key":"SMITH"},{"floor":10,"key":"REST"}],"neow_cost":"CURSE","seed_source_timestamp":209906659202989,"circlet_count":0,"master_deck":["Strike_B+1","Strike_B+1","Strike_B","Strike_B","Defend_B","Defend_B","Defend_B","Defend_B","Zap","Dualcast","Parasite","Glacier","Stack","Genetic Algorithm","Barrage+1","Chaos","Fusion","Transmutation+1","Transmutation+1","Creative AI","Aggregate+1"],"relics":["Cracked Core","Toxic Egg 2","DollysMirror","Whetstone","Art of War"],"potions_floor_usage":[12,14],"damage_taken":[{"damage":0,"enemies":"Small Slimes","floor":1,"turns":2},{"damage":3,"enemies":"Cultist","floor":3,"turns":3},{"damage":5,"enemies":"2 Louse","floor":4,"turns":3},{"damage":41,"enemies":"Gremlin Gang","floor":5,"turns":7},{"damage":11,"enemies":"Exordium Thugs","floor":7,"turns":4},{"damage":2,"enemies":"3 Louse","floor":8,"turns":4},{"damage":18,"enemies":"Lagavulin","floor":12,"turns":6},{"damage":8,"enemies":"2 Fungi Beasts","floor":13,"turns":5},{"damage":9,"enemies":"Looter","floor":14,"turns":1}],"seed_played":"-1374671929902710020","potions_obtained":[{"floor":7,"key":"PowerPotion"},{"floor":12,"key":"Poison Potion"},{"floor":13,"key":"FocusPotion"}],"is_trial":false,"path_per_floor":["M","?","M","M","M","R","M","M","T","R","$","E","M","M"],"character_chosen":"DEFECT","items_purchased":["Transmutation+1","DollysMirror","Whetstone"],"campfire_rested":1,"item_purchase_floors":[11,11,11],"current_hp_per_floor":[68,68,65,60,19,19,8,6,6,28,28,10,2,0],"gold":89,"neow_bonus":"TWO_FIFTY_GOLD","is_prod":false,"is_daily":false,"chose_seed":false,"campfire_upgraded":1,"win_rate":0,"timestamp":1541356468,"path_taken":["M","?","?","M","M","R","?","?","T","R","$","E","M","M"],"build_version":"2018-11-01","purchased_purges":1,"victory":false,"max_hp_per_floor":[75,75,75,75,75,75,75,75,75,75,75,75,75,75],"card_choices":[{"not_picked":["Beam Cell","Stack"],"picked":"Glacier","floor":1},{"not_picked":["FTL","Heatsinks"],"picked":"Stack","floor":3},{"not_picked":["Reinforced Body","Compile Driver"],"picked":"Genetic Algorithm","floor":4},{"not_picked":["Scrape","Go for the Eyes"],"picked":"Barrage","floor":5},{"not_picked":["Redo","Stack"],"picked":"Chaos","floor":7},{"not_picked":["Sunder","Gash"],"picked":"Fusion","floor":8},{"not_picked":["Beam Cell","Steam+1"],"picked":"Creative AI","floor":12},{"not_picked":["Coolheaded+1","Melter"],"picked":"Aggregate+1","floor":13}],"player_experience":274916,"relics_obtained":[{"floor":9,"key":"Toxic Egg 2"},{"floor":12,"key":"Art of War"}],"event_choices":[{"damage_healed":0,"gold_gain":275,"player_choice":"Desecrate","damage_taken":0,"max_hp_gain":0,"max_hp_loss":0,"event_name":"Golden Shrine","floor":2,"gold_loss":0,"cards_obtained":["Regret"]}],"is_beta":false,"boss_relics":[],"items_purged_floors":[11],"is_endless":false,"potions_floor_spawned":[7,12,13],"killed_by":"Looter","ascension_level":6}