{"gold_per_floor":[111,129,204,220,237,268,281,281,305,20,83,115,115,115,115,210,210,228,228,245,36,52,85,85,85],"floor_reached":25,"playtime":1237,"items_purged":["Strike_G"],"score":231,"play_id":"369e6174-8945-4315-a4cc-4c715c00be1e","local_time":"20190408223827","is_ascension_mode":false,"campfire_choices":[{"floor":8,"key":"REST"},{"floor":13,"key":"REST"},{"floor":15,"key":"REST"}],"neow_cost":"NONE","seed_source_timestamp":1154996058826288,"circlet_count":0,"master_deck":["Defend_G+1","Defend_G+1","Defend_G+1","Defend_G+1","Defend_G+1","Strike_G+1","Strike_G+1","Strike_G+1","Strike_G+1","Survivor","Neutralize","Deadly Poison","Caltrops","Crippling Poison","Dagger Spray","Skewer","Dodge and Roll","Crippling Poison","Leg Sweep","Malaise","Caltrops+1","Concentrate","Expertise+1","Footwork","Blind","Skewer+1","Backflip"],"relics":["Ring of the Snake","NeowsBlessing","Ancient Tea Set","Pen Nib","FossilizedHelix","Bag of Marbles","Vajra","Eternal Feather","Orichalcum"],"potions_floor_usage":[16,16,23,25],"damage_taken":[{"damage":0,"enemies":"Cultist","floor":1,"turns":1},{"damage":0,"enemies":"Small Slimes","floor":2,"turns":1},{"damage":0,"enemies":"2 Louse","floor":4,"turns":1},{"damage":0,"enemies":"Large Slime","floor":5,"turns":7},{"damage":25,"enemies":"Lagavulin","floor":6,"turns":9},{"damage":9,"enemies":"3 Louse","floor":7,"turns":3},{"damage":19,"enemies":"3 Sentries","floor":11,"turns":8},{"damage":25,"enemies":"Gremlin Nob","floor":12,"turns":5},{"damage":19,"enemies":"The Guardian","floor":16,"turns":9},{"damage":1,"enemies":"Shell Parasite","floor":18,"turns":6},{"damage":0,"enemies":"3 Byrds","floor":20,"turns":2},{"damage":15,"enemies":"Cultist and Chosen","floor":22,"turns":8},{"damage":41,"enemies":"Slavers","floor":23,"turns":7},{"damage":14,"enemies":"Book of Stabbing","floor":25,"turns":5}],"seed_played":"1780534117926525901","potions_obtained":[{"floor":4,"key":"FearPotion"},{"floor":5,"key":"Strength Potion"},{"floor":6,"key":"Poison Potion"},{"floor":12,"key":"Regen Potion"},{"floor":20,"key":"LiquidBronze"}],"is_trial":false,"path_per_floor":["M","M","?","M","M","E","M","R","T","$","?","E","R","?","R","B",null,"M","?","M","$","M","E","?","E"],"character_chosen":"THE_SILENT","items_purchased":["FossilizedHelix","Footwork","Blind"],"campfire_rested":3,"item_purchase_floors":[10,21,21],"current_hp_per_floor":[70,70,59,59,59,34,25,46,46,46,27,2,23,23,44,40,70,69,69,69,69,54,13,13,0],"gold":85,"neow_bonus":"THREE_ENEMY_KILL","is_prod":false,"is_daily":false,"chose_seed":false,"campfire_upgraded":0,"win_rate":0,"timestamp":1554784707,"path_taken":["M","?","?","M","M","E","M","R","T","$","?","E","R","?","R","BOSS","M","?","M","$","M","E","?","E"],"build_version":"2019-01-23","purchased_purges":1,"victory":false,"max_hp_per_floor":[70,70,70,70,70,70,70,70,70,70,70,70,70,70,70,70,70,70,70,70,70,70,70,70,70],"card_choices":[{"not_picked":["Blur","Outmaneuver"],"picked":"Deadly Poison","floor":1},{"not_picked":["Acrobatics","Concentrate"],"picked":"Caltrops","floor":2},{"not_picked":["Expertise","Prepared"],"picked":"Crippling Poison","floor":4},{"not_picked":["Outmaneuver","Prepared"],"picked":"Dagger Spray","floor":5},{"not_picked":["Unload","Outmaneuver"],"picked":"Skewer","floor":6},{"not_picked":["Distraction","Quick Slash"],"picked":"Dodge and Roll","floor":7},{"not_picked":["Flying Knee","Dodge and Roll"],"picked":"Crippling Poison","floor":11},{"not_picked":["Terror","Slice"],"picked":"Leg Sweep","floor":12},{"not_picked":["Envenom","Doppelganger"],"picked":"Malaise","floor":16},{"not_picked":["Masterful Stab+1","Underhanded Strike"],"picked":"Caltrops+1","floor":18},{"not_picked":["Deflect","Reflex+1"],"picked":"Expertise+1","floor":20},{"not_picked":["Slice","Bane+1"],"picked":"Skewer+1","floor":22},{"not_picked":["Blade Dance","Poisoned Stab"],"picked":"Backflip","floor":23}],"player_experience":201567,"relics_obtained":[{"floor":6,"key":"Ancient Tea Set"},{"floor":9,"key":"Pen Nib"},{"floor":11,"key":"Bag of Marbles"},{"floor":12,"key":"Vajra"},{"floor":23,"key":"Orichalcum"}],"event_choices":[{"damage_healed":0,"gold_gain":75,"player_choice":"Gather Gold","damage_taken":11,"max_hp_gain":0,"max_hp_loss":0,"event_name":"World of Goop","floor":3,"gold_loss":0},{"damage_healed":0,"gold_gain":0,"player_choice":"Searched \u00271\u0027 times","damage_taken":0,"max_hp_gain":0,"max_hp_loss":0,"event_name":"Dead Adventurer","floor":11,"gold_loss":0},{"damage_healed":0,"gold_gain":0,"player_choice":"Ignored","damage_taken":0,"max_hp_gain":0,"max_hp_loss":0,"event_name":"Shining Light","floor":14,"gold_loss":0},{"damage_healed":0,"gold_gain":0,"player_choice":"Read","damage_taken":0,"max_hp_gain":0,"max_hp_loss":0,"event_name":"The Library","floor":19,"gold_loss":0,"cards_obtained":["Concentrate"]},{"damage_healed":0,"gold_gain":0,"player_choice":"Simplicity","damage_taken":0,"max_hp_gain":0,"max_hp_loss":0,"event_name":"Back to Basics","floor":24,"gold_loss":0,"cards_upgraded":["Defend_G","Defend_G","Defend_G","Defend_G","Defend_G","Strike_G","Strike_G","Strike_G","Strike_G"]}],"is_beta":false,"boss_relics":[{"not_picked":["Busted Crown","Runic Dome"],"picked":"Eternal Feather"}],"items_purged_floors":[21],"is_endless":false,"potions_floor_spawned":[4,5,6,12,20],"killed_by":"Book of Stabbing","ascension_level":0}