{"gold_per_floor":[111,111,123,48,48,92,92,126,126,126,151,171,121,13,13,144,144,163,184,210,246,258,270,322,334,346,399,321,351,23,64,64,187,187,203,203,203,227,79,79,79,79,152,77,120,136,179,195,195,195],"floor_reached":51,"playtime":3733,"items_purged":["Defend_B","Strike_B"],"score":955,"play_id":"2afce100-d5ce-4a0c-b19d-eca9ac5aae2f","local_time":"20190326114229","is_ascension_mode":true,"campfire_choices":[{"data":"Zap","floor":7,"key":"SMITH"},{"data":"Dualcast","floor":10,"key":"SMITH"},{"data":"Defend_B","floor":15,"key":"SMITH"},{"data":"White Noise","floor":23,"key":"SMITH"},{"floor":25,"key":"REST"},{"floor":32,"key":"REST"},{"data":"BootSequence","floor":40,"key":"SMITH"},{"data":"Coolheaded","floor":42,"key":"SMITH"},{"data":"Master of Strategy","floor":49,"key":"SMITH"}],"neow_cost":"NONE","seed_source_timestamp":125213471630044,"circlet_count":0,"master_deck":["Defend_B+1","Defend_B+1","Zap+1","Dualcast+1","Ball Lightning","FTL","Ball Lightning+1","Coolheaded+1","Hello World+1","Storm+1","Heatsinks+1","Chill+1","Echo Form+1","Capacitor+1","Cold Snap+1","Conserve Battery+1","White Noise+1","Echo Form+1","Creative AI+1","Defragment+1","Buffer+1","BootSequence+1","Magnetism+1","Master of Strategy+1","Flash of Steel","Defragment+1","Redo+1","Go for the Eyes+1"],"relics":["Cracked Core","NeowsBlessing","Golden Idol","Shovel","Ancient Tea Set","Frozen Egg 2","Nuclear Battery","MawBank","Mercury Hourglass","Meat on the Bone","Gremlin Horn","Bottled Tornado","Sundial","Sozu","War Paint","Pantograph","Juzu Bracelet","PreservedInsect"],"potions_floor_usage":[8,18,24,24,31,33,47,47],"damage_taken":[{"damage":0,"enemies":"Small Slimes","floor":1,"turns":1},{"damage":0,"enemies":"Jaw Worm","floor":3,"turns":1},{"damage":0,"enemies":"3 Sentries","floor":6,"turns":1},{"damage":15,"enemies":"Gremlin Nob","floor":8,"turns":3},{"damage":0,"enemies":"2 Louse","floor":11,"turns":1},{"damage":4,"enemies":"Looter","floor":12,"turns":3},{"damage":6,"enemies":"The Guardian","floor":16,"turns":11},{"damage":23,"enemies":"2 Thieves","floor":18,"turns":4},{"damage":1,"enemies":"Spheric Guardian","floor":19,"turns":4},{"damage":11,"enemies":"Cultist and Chosen","floor":21,"turns":5},{"damage":13,"enemies":"Book of Stabbing","floor":24,"turns":4},{"damage":7,"enemies":"Gremlin Leader","floor":27,"turns":4},{"damage":0,"enemies":"Snecko","floor":29,"turns":3},{"damage":31,"enemies":"Book of Stabbing","floor":31,"turns":5},{"damage":16,"enemies":"Collector","floor":33,"turns":6},{"damage":11,"enemies":"3 Shapes","floor":35,"turns":2},{"damage":1,"enemies":"Orb Walker","floor":38,"turns":2},{"damage":5,"enemies":"Reptomancer","floor":45,"turns":3},{"damage":4,"enemies":"3 Darklings","floor":46,"turns":4},{"damage":4,"enemies":"Nemesis","floor":47,"turns":5},{"damage":0,"enemies":"Sphere and 2 Shapes","floor":48,"turns":3},{"damage":7,"enemies":"Donu and Deca","floor":50,"turns":6}],"seed_played":"1185122037922680670","potions_obtained":[{"floor":3,"key":"Poison Potion"},{"floor":6,"key":"EssenceOfSteel"},{"floor":8,"key":"FocusPotion"},{"floor":18,"key":"Weak Potion"},{"floor":27,"key":"Fire Potion"},{"floor":29,"key":"Poison Potion"},{"floor":31,"key":"EssenceOfSteel"},{"floor":33,"key":"Energy Potion"}],"is_trial":false,"path_per_floor":["M","?","M","$","?","E","R","E","T","R","M","M","?","$","R","B",null,"M","M","T","M","?","R","E","R","T","E","?","M","$","E","R","B",null,"M","?","?","M","$","R","$","R","T","$","E","M","E","M","R","B",null],"character_chosen":"DEFECT","items_purchased":["Heatsinks+1","Chill","Bottled Tornado","War Paint","Defragment+1"],"campfire_rested":2,"item_purchase_floors":[14,14,30,39,44],"current_hp_per_floor":[75,68,68,68,50,50,50,35,35,35,35,31,31,31,31,25,63,40,39,39,28,28,28,15,37,37,42,42,42,42,23,45,41,67,56,46,46,45,45,45,45,45,45,45,40,48,44,44,44,62],"gold":195,"neow_bonus":"THREE_ENEMY_KILL","is_prod":false,"is_daily":false,"chose_seed":false,"campfire_upgraded":7,"win_rate":0,"timestamp":1553618549,"path_taken":["M","?","M","$","?","E","R","E","T","R","M","M","?","?","R","BOSS","M","?","?","M","?","R","E","R","T","E","?","M","$","E","R","BOSS","M","?","?","?","?","R","$","R","T","$","E","M","E","M","R","BOSS"],"build_version":"2019-01-23","purchased_purges":2,"victory":true,"max_hp_per_floor":[75,75,75,75,75,75,75,75,75,75,75,75,75,75,75,75,75,75,75,75,75,75,75,75,75,75,75,75,75,75,75,75,75,75,75,75,75,75,75,75,75,75,75,75,75,75,75,75,75,75],"card_choices":[{"not_picked":["Chaos","Loop"],"picked":"Ball Lightning","floor":1},{"not_picked":["Streamline","Barrage"],"picked":"FTL","floor":3},{"not_picked":["Gash","Hologram"],"picked":"Ball Lightning","floor":6},{"not_picked":["Stack","Gash"],"picked":"Coolheaded","floor":8},{"not_picked":["Capacitor+1","Gash"],"picked":"Hello World+1","floor":11},{"not_picked":["Recycle","Turbo"],"picked":"Storm+1","floor":12},{"not_picked":["Creative AI+1","Machine Learning+1"],"picked":"Echo Form+1","floor":16},{"not_picked":["Gash","Ball Lightning"],"picked":"Capacitor+1","floor":18},{"not_picked":["Stack","Chill"],"picked":"Cold Snap+1","floor":19},{"not_picked":["Blizzard+1","Leap"],"picked":"Conserve Battery+1","floor":21},{"not_picked":["Turbo","Beam Cell"],"picked":"Echo Form+1","floor":24},{"not_picked":["Go for the Eyes","Stack"],"picked":"Creative AI+1","floor":27},{"not_picked":["Beam Cell","Rip and Tear","Ball Lightning"],"picked":"SKIP","floor":29},{"not_picked":["Stack+1","Doom and Gloom"],"picked":"Defragment+1","floor":31},{"not_picked":["Meteor Strike","Multi-Cast"],"picked":"Buffer+1","floor":33},{"not_picked":["Blizzard","Skim"],"picked":"BootSequence","floor":35},{"not_picked":["Swift Strike","Purity"],"picked":"Magnetism+1","floor":36},{"not_picked":["Flash of Steel","The Bomb"],"picked":"Master of Strategy","floor":36},{"not_picked":["Discovery","Transmutation"],"picked":"Flash of Steel","floor":36},{"not_picked":["Coolheaded","Undo","Beam Cell"],"picked":"SKIP","floor":38},{"not_picked":["Streamline+1","Static Discharge+1","Double Energy"],"picked":"SKIP","floor":45},{"not_picked":["Reprogram","Gash"],"picked":"Redo+1","floor":46},{"not_picked":["Coolheaded","Recycle"],"picked":"Go for the Eyes+1","floor":47},{"not_picked":["Blizzard+1","Gash+1","Ball Lightning"],"picked":"SKIP","floor":48}],"player_experience":90396,"relics_obtained":[{"floor":6,"key":"Shovel"},{"floor":8,"key":"Ancient Tea Set"},{"floor":9,"key":"Frozen Egg 2"},{"floor":20,"key":"MawBank"},{"floor":24,"key":"Mercury Hourglass"},{"floor":26,"key":"Meat on the Bone"},{"floor":27,"key":"Gremlin Horn"},{"floor":31,"key":"Sundial"},{"floor":43,"key":"Pantograph"},{"floor":45,"key":"Juzu Bracelet"},{"floor":47,"key":"PreservedInsect"}],"event_choices":[{"cards_removed":["Strike_B"],"damage_healed":0,"gold_gain":0,"player_choice":"Card Removal","damage_taken":7,"max_hp_gain":0,"max_hp_loss":0,"event_name":"Golden Wing","floor":2,"gold_loss":0},{"damage_healed":0,"gold_gain":0,"player_choice":"Take Damage","damage_taken":18,"relics_obtained":["Golden Idol"],"max_hp_gain":0,"max_hp_loss":0,"event_name":"Golden Idol","floor":5,"gold_loss":0},{"cards_removed":["Strike_B"],"damage_healed":0,"gold_gain":0,"player_choice":"Card Removal","damage_taken":0,"max_hp_gain":0,"max_hp_loss":0,"event_name":"The Cleric","floor":13,"gold_loss":50},{"damage_healed":0,"gold_gain":0,"player_choice":"Read","damage_taken":0,"max_hp_gain":0,"max_hp_loss":0,"event_name":"The Library","floor":22,"gold_loss":0,"cards_obtained":["White Noise"]},{"cards_removed":["Strike_B"],"damage_healed":0,"gold_gain":0,"player_choice":"Upgrade and Remove","damage_taken":0,"max_hp_gain":0,"max_hp_loss":0,"event_name":"Designer","floor":28,"gold_loss":90,"cards_upgraded":["Ball Lightning"]},{"damage_healed":0,"gold_gain":0,"player_choice":"Memory 3","damage_taken":10,"max_hp_gain":0,"max_hp_loss":0,"event_name":"SensoryStone","floor":36,"gold_loss":0},{"cards_removed":["Defend_B"],"damage_healed":0,"gold_gain":0,"player_choice":"Purged","damage_taken":0,"max_hp_gain":0,"max_hp_loss":0,"event_name":"Purifier","floor":37,"gold_loss":0}],"is_beta":false,"boss_relics":[{"not_picked":["Astrolabe","Orrery"],"picked":"Nuclear Battery"},{"not_picked":["Philosopher\u0027s Stone","Tiny House"],"picked":"Sozu"}],"items_purged_floors":[4,30],"is_endless":false,"potions_floor_spawned":[3,6,8,18,27,29,31,33,38,45,46],"ascension_level":5}