{"gold_per_floor":[111,123,123,135,135,169,169,189,189,189],"floor_reached":10,"playtime":312,"items_purged":[],"score":92,"play_id":"d067a766-dc7b-4abc-812c-a0c31c680070","local_time":"20190217013754","is_ascension_mode":true,"campfire_choices":[{"floor":7,"key":"REST"}],"neow_cost":"NONE","seed_source_timestamp":30287696617561,"circlet_count":0,"master_deck":["Strike_B","Strike_B","Strike_B","Defend_B","Defend_B","Defend_B","Zap","Dualcast","Cold Snap","Genetic Algorithm","Beam Cell","Defragment"],"relics":["Cracked Core","CultistMask","Emotion Chip","Question Card"],"potions_floor_usage":[6],"damage_taken":[{"damage":14,"enemies":"2 Louse","floor":1,"turns":3},{"damage":0,"enemies":"Cultist","floor":2,"turns":3},{"damage":0,"enemies":"Small Slimes","floor":4,"turns":2},{"damage":26,"enemies":"Lagavulin","floor":6,"turns":6},{"damage":38,"enemies":"Gremlin Gang","floor":8,"turns":7},{"damage":12,"enemies":"Gremlin Nob","floor":10,"turns":2}],"seed_played":"2249719767645791730","potions_obtained":[{"floor":1,"key":"FearPotion"}],"is_trial":false,"path_per_floor":["M","M","?","M","?","E","R","M","T","E"],"character_chosen":"DEFECT","items_purchased":[],"campfire_rested":1,"item_purchase_floors":[],"current_hp_per_floor":[54,54,54,54,54,28,50,12,12,0],"gold":189,"neow_bonus":"REMOVE_CARD","is_prod":false,"is_daily":false,"chose_seed":false,"campfire_upgraded":0,"win_rate":0,"timestamp":1550363874,"path_taken":["M","M","?","?","?","E","R","M","T","E"],"build_version":"2019-01-23","purchased_purges":0,"victory":false,"max_hp_per_floor":[75,75,75,75,75,75,75,75,75,75],"card_choices":[{"not_picked":["Tempest","Genetic Algorithm"],"picked":"Cold Snap","floor":1},{"not_picked":["BootSequence","Chaos"],"picked":"Genetic Algorithm","floor":2},{"not_picked":["Hologram","Redo"],"picked":"Beam Cell","floor":4},{"not_picked":["Darkness","Beam Cell","Turbo"],"picked":"SKIP","floor":6},{"not_picked":["Compile Driver","Stack"],"picked":"Defragment","floor":8}],"player_experience":229345,"relics_obtained":[{"floor":6,"key":"Emotion Chip"},{"floor":9,"key":"Question Card"}],"event_choices":[{"damage_healed":0,"gold_gain":0,"player_choice":"Trade","damage_taken":0,"relics_obtained":["CultistMask"],"max_hp_gain":0,"max_hp_loss":0,"event_name":"FaceTrader","floor":3,"gold_loss":0},{"cards_removed":["Defend_B"],"damage_healed":0,"gold_gain":0,"player_choice":"Forget","damage_taken":0,"max_hp_gain":0,"max_hp_loss":0,"event_name":"Living Wall","floor":5,"gold_loss":0}],"is_beta":false,"boss_relics":[],"items_purged_floors":[],"is_endless":false,"potions_floor_spawned":[1],"killed_by":"Gremlin Nob","ascension_level":7}