{"gold_per_floor":[114,130,145,145,145,145,164,182,257,283,260,278,307,322,322,322],"floor_reached":16,"playtime":1267,"items_purged":[],"score":114,"play_id":"89bf04ee-bfe7-4d6e-956f-ddfca2f73f49","local_time":"20190410183312","is_ascension_mode":false,"campfire_choices":[{"data":"Recycle","floor":6,"key":"SMITH"},{"floor":15,"key":"REST"}],"neow_cost":"NONE","seed_source_timestamp":3540834119466,"circlet_count":0,"master_deck":["Strike_B","Strike_B","Strike_B","Strike_B","Defend_B","Defend_B","Defend_B","Defend_B","Zap","Dualcast","Chill","Recycle+1","Consume","Force Field","Seek","Coolheaded","Cold Snap"],"relics":["Cracked Core","NeowsBlessing","Gremlin Horn","Du-Vu Doll","Blood Vial"],"potions_floor_usage":[13,13,16],"damage_taken":[{"damage":0,"enemies":"Cultist","floor":1,"turns":1},{"damage":0,"enemies":"Jaw Worm","floor":2,"turns":1},{"damage":0,"enemies":"Small Slimes","floor":3,"turns":1},{"damage":1,"enemies":"2 Fungi Beasts","floor":7,"turns":4},{"damage":0,"enemies":"Blue Slaver","floor":8,"turns":4},{"damage":47,"enemies":"Lagavulin","floor":10,"turns":10},{"damage":4,"enemies":"Gremlin Gang","floor":12,"turns":8},{"damage":6,"enemies":"3 Sentries","floor":13,"turns":7},{"damage":10,"enemies":"2 Fungi Beasts","floor":14,"turns":3},{"damage":36,"enemies":"The Guardian","floor":16,"turns":6}],"seed_played":"-5549547035867422711","potions_obtained":[{"floor":2,"key":"Strength Potion"},{"floor":7,"key":"FearPotion"},{"floor":8,"key":"FocusPotion"},{"floor":13,"key":"SteroidPotion"}],"is_trial":false,"path_per_floor":["M","M","M","?","?","R","M","M","T","E","?","M","E","M","R","B"],"character_chosen":"DEFECT","items_purchased":[],"campfire_rested":1,"item_purchase_floors":[],"current_hp_per_floor":[75,75,75,75,75,75,74,74,74,27,27,23,17,9,31,0],"gold":322,"neow_bonus":"THREE_ENEMY_KILL","is_prod":false,"is_daily":false,"chose_seed":false,"campfire_upgraded":1,"win_rate":0.0,"timestamp":1554913992,"path_taken":["M","?","M","?","?","R","M","M","T","E","?","M","E","M","R","BOSS"],"build_version":"2019-01-23","purchased_purges":0,"victory":false,"max_hp_per_floor":[75,75,75,75,75,75,75,75,75,75,75,75,75,75,75,75],"card_choices":[{"not_picked":["Barrage","Turbo","Redo"],"picked":"SKIP","floor":1},{"not_picked":["Sweeping Beam","Doom and Gloom"],"picked":"Chill","floor":2},{"not_picked":["Sweeping Beam","Compile Driver"],"picked":"Recycle","floor":3},{"not_picked":["Streamline","Hologram"],"picked":"Consume","floor":7},{"not_picked":["Rebound","Conserve Battery"],"picked":"Force Field","floor":8},{"not_picked":["Chill","Hello World"],"picked":"Seek","floor":10},{"not_picked":["Steam","Gash"],"picked":"Coolheaded","floor":12},{"not_picked":["Leap","Turbo"],"picked":"Cold Snap","floor":13},{"not_picked":["BootSequence","Stack","Turbo"],"picked":"SKIP","floor":14}],"player_experience":156893,"relics_obtained":[{"floor":9,"key":"Gremlin Horn"},{"floor":10,"key":"Du-Vu Doll"},{"floor":13,"key":"Blood Vial"}],"event_choices":[{"damage_healed":0,"gold_gain":0,"player_choice":"Leave","damage_taken":0,"max_hp_gain":0,"max_hp_loss":0,"event_name":"The Cleric","floor":4,"gold_loss":0},{"damage_healed":0,"gold_gain":0,"player_choice":"Ignored","damage_taken":0,"max_hp_gain":0,"max_hp_loss":0,"event_name":"Golden Wing","floor":5,"gold_loss":0},{"damage_healed":0,"gold_gain":0,"player_choice":"Left Gold","damage_taken":0,"max_hp_gain":0,"max_hp_loss":0,"event_name":"World of Goop","floor":11,"gold_loss":23}],"is_beta":false,"boss_relics":[],"items_purged_floors":[],"is_endless":false,"potions_floor_spawned":[2,7,8,13],"killed_by":"The Guardian","ascension_level":0}