{"path_per_floor":["M","M","M","M","?","R","E","R","T","M","M","M","E","?","R","B",null,"M","?","?","M","?","R","M","E","T","R","E"],"character_chosen":"THE_SILENT","items_purchased":[],"gold_per_floor":[116,128,142,154,154,154,179,179,179,195,214,225,258,258,258,353,353,368,368,368,342,257,257,272,301,301,301,335],"floor_reached":29,"campfire_rested":0,"playtime":1623,"current_hp_per_floor":[67,65,62,62,62,62,57,57,57,57,57,56,51,51,51,7,70,62,62,62,54,54,62,62,32,32,40,19],"items_purged":[],"gold":335,"score":303,"play_id":"0f238d48-5336-48f7-9193-32a70b922680","local_time":"20180228020240","is_prod":false,"is_daily":false,"is_ascension_mode":true,"campfire_upgraded":3,"timestamp":1519812160,"path_taken":["M","M","M","M","?","R","E","R","T","M","M","M","E","?","R","BOSS","M","?","?","?","?","R","M","E","T","R","E","M"],"build_version":"2018-02-27-BETA1","purchased_purges":0,"victory":false,"master_deck":["Defend_G+1","Defend_G+1","Defend_G+1","Defend_G+1","Defend_G+1","Strike_G+1","Strike_G+1","Strike_G+1","Strike_G+1","Survivor","Neutralize","Sucker Punch","Leg Sweep+1","Leg Sweep","Bouncing Flask+1","Crippling Poison+1","Doppelganger","Dodge and Roll","Malaise","Tools of the Trade","Footwork+1","Deadly Poison+1","Flying Knee","Well Laid Plans+1","All Out Attack+1"],"max_hp_per_floor":[70,70,70,70,70,70,70,70,70,70,70,70,70,70,70,70,70,70,70,70,70,70,70,70,70,70,70,70],"relics":["Velvet Choker","Pen Nib","Shovel","Art of War","Darkstone Periapt","Eternal Feather","Unceasing Top","Bag of Preparation","Bottled Lightning","Ornamental Fan","Happy Flower"],"card_choices":[{"not_picked":["Underhanded Strike","Backflip"],"picked":"Sucker Punch"},{"not_picked":["Escape Plan","Concentrate"],"picked":"Leg Sweep"},{"not_picked":["Bane","Cloak And Dagger"],"picked":"Leg Sweep"},{"not_picked":["Sucker Punch","Flying Knee"],"picked":"Bouncing Flask"},{"not_picked":["Dagger Throw","Setup"],"picked":"Crippling Poison"},{"not_picked":["Accuracy","Sucker Punch"],"picked":"Doppelganger"},{"not_picked":["Bane","Dagger Spray"],"picked":"Dodge and Roll"},{"not_picked":["Sucker Punch","Dagger Spray"],"picked":"Malaise"},{"not_picked":["Die Die Die","Grand Finale"],"picked":"Tools of the Trade"},{"not_picked":["PiercingWail","Slice"],"picked":"Footwork"},{"not_picked":["Blade Dance","PiercingWail"],"picked":"Deadly Poison"},{"not_picked":["Underhanded Strike","PiercingWail"],"picked":"Flying Knee"},{"not_picked":["Cloak And Dagger","Storm of Steel"],"picked":"Well Laid Plans"},{"not_picked":["Deadly Poison","Setup"],"picked":"All Out Attack"}],"player_experience":128288,"potions_floor_usage":[7,7,16,16,16,24],"damage_taken":[{"damage":3,"enemies":"Jaw Worm","floor":1,"turns":4},{"damage":2,"enemies":"Cultist","floor":2,"turns":4},{"damage":3,"enemies":"2 Louse","floor":3,"turns":4},{"damage":0,"enemies":"Red Slaver","floor":4,"turns":5},{"damage":5,"enemies":"3 Sentries","floor":7,"turns":12},{"damage":0,"enemies":"Looter","floor":10,"turns":4},{"damage":0,"enemies":"Blue Slaver","floor":11,"turns":3},{"damage":1,"enemies":"3 Louse","floor":12,"turns":4},{"damage":5,"enemies":"Lagavulin","floor":13,"turns":6},{"damage":44,"enemies":"Slime Boss","floor":16,"turns":16},{"damage":8,"enemies":"Chosen","floor":18,"turns":6},{"damage":8,"enemies":"2 Thieves","floor":21,"turns":5},{"damage":0,"enemies":"Snecko","floor":24,"turns":6},{"damage":30,"enemies":"Slavers","floor":25,"turns":10},{"damage":21,"enemies":"Gremlin Leader","floor":28,"turns":8},{"damage":24,"enemies":"Cultist and Chosen","floor":29,"turns":6}],"event_choices":[{"event_name":"The Lab","player_choice":"Got Potions","floor":5,"damage_taken":0},{"event_name":"Accursed Blacksmith","player_choice":"Forge","floor":14,"damage_taken":0},{"event_name":"Back to Basics","player_choice":"Simplicity","floor":19,"damage_taken":0},{"event_name":"Bonfire Elementals","player_choice":"BASIC","floor":20,"damage_taken":0},{"event_name":"Addict","player_choice":"Obtained Relic","floor":22,"damage_taken":0}],"boss_relics":[{"not_picked":["Runic Dome","Orrery"],"picked":"Eternal Feather"}],"potions_floor_spawned":[3,4,7,12,16,25],"seed_played":"2780952035748331180","killed_by":"Cultist and Chosen","ascension_level":2,"is_trial":false}