{"path_per_floor":["M","?","?","M","?","E","R","M","T","?","M","E","R","M","R","B",null,"M","?","?","$","M","R","E","R","T","R","?","$","M","M","R","B",null,"M","M","M","?","$","E","R","E","T","?","$","R","M","?","R","B"],"character_chosen":"DEFECT","items_purchased":["Bottled Tornado","Stack","Beam Cell","Mummified Hand","Capacitor","Static Discharge","Oddly Smooth Stone","Tempest"],"gold_per_floor":[113,113,113,125,125,157,157,175,225,225,237,262,262,282,282,380,380,392,392,392,76,91,91,424,424,424,424,424,58,75,91,91,187,187,207,226,243,243,205,237,237,268,268,268,34,34,48,48,48,48],"floor_reached":51,"campfire_rested":5,"playtime":2906,"current_hp_per_floor":[68,53,53,51,44,27,49,51,51,51,36,28,50,40,62,25,75,65,65,65,65,42,72,45,53,53,61,61,61,64,75,75,75,75,75,74,58,58,58,33,67,54,54,59,59,71,56,56,68,38],"items_purged":["Strike_B"],"gold":48,"score":706,"play_id":"77318294-0927-4d55-8776-3849a877196a","local_time":"20180428052705","is_prod":false,"is_daily":false,"chose_seed":false,"is_ascension_mode":false,"campfire_upgraded":5,"timestamp":1524886025,"path_taken":["M","?","?","M","?","E","R","M","T","?","M","E","R","?","R","BOSS","M","?","?","$","M","R","E","R","T","R","?","$","M","M","R","BOSS","M","M","M","?","?","E","R","E","T","?","$","R","?","?","R","BOSS"],"build_version":"2018-04-26v2","seed_source_timestamp":248669467783675,"purchased_purges":1,"victory":true,"master_deck":["Strike_B+1","Strike_B+1","Defend_B","Defend_B","Zap","Coolheaded","Bandage Up","Zap","Darkness+1","Stack","Barrage","Flux Capacitor","Glacier","Ball Lightning","Creative AI+1","Sweeping Beam","Beam Cell","Capacitor+1","Cold Snap+1","Gash","Capacitor+1","Glacier+1","Force Field","Fission","Chill+1","Stack+1","Genetic Algorithm+1","Barrage","Static Discharge","Defragment+1","Stack+1","Tempest","White Noise+1"],"max_hp_per_floor":[75,75,75,75,75,75,75,75,75,75,75,75,75,75,75,75,75,75,75,75,75,75,75,75,75,75,75,75,75,75,75,75,75,75,75,75,75,75,75,75,75,75,75,75,75,75,75,75,75,75],"relics":["Cracked Core","Lantern","Happy Flower","Gremlin Horn","Eternal Feather","Bottled Tornado","Old Coin","Bird Faced Urn","Mummified Hand","Philosopher\u0027s Stone","Bag of Marbles","Meat on the Bone","Calipers","Oddly Smooth Stone"],"card_choices":[{"not_picked":["Stack","Hologram"],"picked":"Coolheaded","floor":1},{"not_picked":["Hello World","Cold Snap"],"picked":"Darkness","floor":4},{"not_picked":["Go for the Eyes","Hologram"],"picked":"Stack","floor":6},{"not_picked":["Storm","All For One"],"picked":"Barrage","floor":8},{"not_picked":["Hologram","Hello World"],"picked":"Flux Capacitor","floor":11},{"not_picked":["Conserve Battery","Sweeping Beam"],"picked":"Glacier","floor":12},{"not_picked":["Go for the Eyes","Axe Kick"],"picked":"Ball Lightning","floor":14},{"not_picked":["Biased Cognition","Seek"],"picked":"Creative AI","floor":16},{"not_picked":["Skim","Hello World"],"picked":"Sweeping Beam","floor":18},{"not_picked":["Hello World","Conserve Battery"],"picked":"Capacitor","floor":22},{"not_picked":["Chaos","Skim"],"picked":"Cold Snap","floor":24},{"not_picked":["Melter","Stack"],"picked":"Glacier","floor":30},{"not_picked":["Chaos","Hologram"],"picked":"Force Field","floor":31},{"not_picked":["Creative AI","All For One"],"picked":"Fission","floor":33},{"not_picked":["Axe Kick","Capacitor"],"picked":"Chill","floor":35},{"not_picked":["Go for the Eyes","Barrage"],"picked":"Stack","floor":36},{"not_picked":["Chill","Impulse"],"picked":"Genetic Algorithm","floor":37},{"not_picked":["Blizzard","Heatsinks"],"picked":"Defragment","floor":40},{"not_picked":["Leap","Melter"],"picked":"Stack","floor":42},{"not_picked":["Melter","Thunder Strike"],"picked":"White Noise","floor":47}],"player_experience":5254,"potions_floor_usage":[12,12,22,22,24,33,40,40,50],"damage_taken":[{"damage":7,"enemies":"2 Louse","floor":1,"turns":3},{"damage":6,"enemies":"Small Slimes","floor":4,"turns":3},{"damage":21,"enemies":"Lagavulin","floor":6,"turns":9},{"damage":2,"enemies":"Cultist","floor":8,"turns":4},{"damage":19,"enemies":"Large Slime","floor":11,"turns":5},{"damage":27,"enemies":"3 Sentries","floor":12,"turns":8},{"damage":14,"enemies":"Lots of Slimes","floor":14,"turns":3},{"damage":41,"enemies":"The Guardian","floor":16,"turns":12},{"damage":10,"enemies":"Spheric Guardian","floor":18,"turns":5},{"damage":27,"enemies":"3 Byrds","floor":22,"turns":6},{"damage":31,"enemies":"Book of Stabbing","floor":24,"turns":8},{"damage":23,"enemies":"Snake Plant","floor":30,"turns":6},{"damage":15,"enemies":"Centurion and Healer","floor":31,"turns":7},{"damage":20,"enemies":"Champ","floor":33,"turns":13},{"damage":0,"enemies":"Flame Bruiser 1 Orb","floor":35,"turns":8},{"damage":14,"enemies":"Orb Walker","floor":36,"turns":5},{"damage":35,"enemies":"Sphere and 2 Shapes","floor":37,"turns":8},{"damage":56,"enemies":"2 Orb Walkers","floor":40,"turns":7},{"damage":51,"enemies":"Giant Head","floor":42,"turns":12},{"damage":43,"enemies":"3 Darklings","floor":47,"turns":6},{"damage":76,"enemies":"Time Eater","floor":50,"turns":10}],"event_choices":[{"event_name":"Shining Light","player_choice":"Entered Light","floor":2,"damage_taken":0},{"event_name":"Match and Keep!","player_choice":"2 cards matched","floor":3,"damage_taken":0},{"event_name":"Golden Wing","player_choice":"Card Removal","floor":5,"damage_taken":0},{"event_name":"Purifier","player_choice":"One Purge","floor":10,"damage_taken":0},{"event_name":"The Lab","player_choice":"Got Potions","floor":19,"damage_taken":0},{"event_name":"Ghosts","player_choice":"Ignored","floor":20,"damage_taken":0},{"event_name":"The Library","player_choice":"Read","floor":28,"damage_taken":0},{"event_name":"Transmorgrifier","player_choice":"Transform","floor":38,"damage_taken":0},{"event_name":"Bonfire Elementals","player_choice":"COMMON","floor":44,"damage_taken":0}],"boss_relics":[{"not_picked":["Runic Dome","White Beast Statue"],"picked":"Eternal Feather"},{"not_picked":["Black Star","Orrery"],"picked":"Philosopher\u0027s Stone"}],"potions_floor_spawned":[8,11,14,16,18,31,33,35,37,47],"seed_played":"2294111695337169073","ascension_level":0,"is_trial":false}