{"path_per_floor":["M","$","M","M","?","E","R","?","T","M","M","$","?","M","R","B",null,"M","?","?"],"character_chosen":"DEFECT","items_purchased":["Capacitor"],"gold_per_floor":[209,83,100,120,70,100,100,100,100,114,132,32,55,65,65,164,164,177,177,177,177],"floor_reached":21,"campfire_rested":1,"playtime":777,"current_hp_per_floor":[69,69,61,57,57,60,60,53,53,50,39,39,26,24,46,9,75,52,52,52,0],"items_purged":["Strike_B","Strike_B"],"gold":177,"score":179,"play_id":"b27cc2bc-974b-411d-b311-2e6ca5025c88","local_time":"20180428163602","is_prod":false,"is_daily":false,"chose_seed":false,"is_ascension_mode":false,"campfire_upgraded":1,"timestamp":1524926162,"path_taken":["M","$","M","M","?","E","R","?","T","M","M","$","?","M","R","BOSS","M","?","?","?"],"build_version":"2018-04-27v3","seed_source_timestamp":290942002512788,"purchased_purges":2,"victory":false,"master_deck":["Strike_B","Defend_B","Defend_B","Defend_B","Defend_B","Zap","Dualcast","Gash+1","Capacitor","Auto Shields","Stack","Barrage","Reinforced Body","Redo","Chaos","Go for the Eyes","Fission","Stack+1"],"max_hp_per_floor":[75,75,75,75,75,75,75,75,75,75,75,75,75,75,75,75,75,75,75,75,75],"relics":["Cracked Core","Calipers","Vajra","Letter Opener","Odd Mushroom","Inserter"],"card_choices":[{"not_picked":["Genetic Algorithm","Go for the Eyes"],"picked":"Gash","floor":1},{"not_picked":["Stack","Go for the Eyes"],"picked":"Auto Shields","floor":3},{"not_picked":["Blizzard","Go for the Eyes"],"picked":"Stack","floor":4},{"not_picked":["Sweeping Beam","Rebound"],"picked":"Barrage","floor":6},{"not_picked":["Hologram","Ball Lightning"],"picked":"Reinforced Body","floor":10},{"not_picked":["Sweeping Beam","Heatsinks"],"picked":"Redo","floor":11},{"not_picked":["Streamline","Coolheaded"],"picked":"Chaos","floor":13},{"not_picked":["Beam Cell","Barrage"],"picked":"Go for the Eyes","floor":14},{"not_picked":["Echo Form","Thunder Strike"],"picked":"Fission","floor":16},{"not_picked":["Melter","Go for the Eyes"],"picked":"Stack","floor":18}],"player_experience":13078,"potions_floor_usage":[6,6,13,21],"damage_taken":[{"damage":6,"enemies":"Jaw Worm","floor":1,"turns":5},{"damage":8,"enemies":"2 Louse","floor":3,"turns":3},{"damage":4,"enemies":"Cultist","floor":4,"turns":4},{"damage":12,"enemies":"Lagavulin","floor":6,"turns":7},{"damage":3,"enemies":"Looter","floor":10,"turns":3},{"damage":11,"enemies":"3 Louse","floor":11,"turns":4},{"damage":13,"enemies":"The Mushroom Lair","floor":13,"turns":4},{"damage":2,"enemies":"2 Fungi Beasts","floor":14,"turns":3},{"damage":37,"enemies":"The Guardian","floor":16,"turns":13},{"damage":23,"enemies":"Shell Parasite","floor":18,"turns":7},{"damage":62,"enemies":"Masked Bandits","floor":21,"turns":5}],"event_choices":[{"event_name":"The Cleric","player_choice":"Card Removal","floor":5,"damage_taken":0},{"event_name":"Scrap Ooze","player_choice":"success","floor":8,"damage_taken":7},{"event_name":"Mushrooms","player_choice":"Fought Mushrooms","floor":13,"damage_taken":0},{"event_name":"Drug Dealer","player_choice":"Ignored","floor":19,"damage_taken":0},{"event_name":"Vampires","player_choice":"Ignored","floor":20,"damage_taken":0},{"event_name":"Masked Bandits","player_choice":"Fought over 177 gold","floor":21,"damage_taken":0}],"boss_relics":[{"not_picked":["Snecko Eye","Philosopher\u0027s Stone"],"picked":"Inserter"}],"potions_floor_spawned":[1,4,6,13],"seed_played":"3405272852167241114","killed_by":"Masked Bandits","ascension_level":0,"is_trial":false}