{"gold_per_floor":[118,43,43,55,55,83,83,106,106,106,125,138,38,58,58,161,161,171,182,198,53,53,53,53],"floor_reached":24,"playtime":664,"items_purged":["Strike_B","Strike_B"],"score":265,"play_id":"dc5ca716-e644-4942-8637-538b3a211b48","local_time":"20190206003601","is_ascension_mode":true,"campfire_choices":[{"floor":10,"key":"REST"},{"floor":15,"key":"REST"},{"floor":23,"key":"RECALL"}],"neow_cost":"NONE","seed_source_timestamp":1228906910007307,"circlet_count":0,"master_deck":["Strike_B","Strike_B","Defend_B","Defend_B","Defend_B","Defend_B","Zap","Dualcast","Madness+1","Doom and Gloom","Gash","Gash","Go for the Eyes","Gash","Self Repair","Creative AI","Self Repair"],"relics":["Cracked Core","Strawberry","Anchor","Odd Mushroom","Singing Bowl","Black Star","Pen Nib"],"potions_floor_usage":[16,16,18,20,24],"damage_taken":[{"damage":7,"enemies":"Small Slimes","floor":1,"turns":3},{"damage":5,"enemies":"2 Louse","floor":4,"turns":3},{"damage":25,"enemies":"3 Sentries","floor":6,"turns":5},{"damage":29,"enemies":"The Mushroom Lair","floor":8,"turns":4},{"damage":2,"enemies":"Jaw Worm","floor":11,"turns":2},{"damage":6,"enemies":"Gremlin Gang","floor":12,"turns":4},{"damage":6,"enemies":"Looter","floor":14,"turns":3},{"damage":22,"enemies":"Hexaghost","floor":16,"turns":7},{"damage":43,"enemies":"Spheric Guardian","floor":18,"turns":6},{"damage":16,"enemies":"Chosen","floor":19,"turns":5},{"damage":22,"enemies":"Snake Plant","floor":20,"turns":4},{"damage":15,"enemies":"Cultist and Chosen","floor":24,"turns":4}],"seed_played":"-7346355793637576302","potions_obtained":[{"floor":1,"key":"Energy Potion"},{"floor":12,"key":"Explosive Potion"},{"floor":14,"key":"PowerPotion"},{"floor":16,"key":"Fire Potion"},{"floor":18,"key":"Poison Potion"}],"is_trial":false,"path_per_floor":["M","$","?","M","?","E","?","?","T","R","M","M","$","M","R","B",null,"M","M","M","$","?","R","M"],"character_chosen":"DEFECT","items_purchased":["Pen Nib"],"campfire_rested":2,"item_purchase_floors":[21],"current_hp_per_floor":[61,61,61,56,56,38,31,2,2,26,26,20,20,14,39,24,69,35,28,13,13,13,13,0],"gold":53,"neow_bonus":"RANDOM_COLORLESS","is_prod":false,"is_daily":false,"chose_seed":false,"campfire_upgraded":0,"win_rate":0,"timestamp":1549409761,"path_taken":["M","$","?","M","?","E","?","?","T","R","M","?","$","M","R","BOSS","M","M","?","$","?","R","M"],"build_version":"2019-01-23","purchased_purges":2,"victory":false,"max_hp_per_floor":[75,75,75,75,75,82,82,82,82,82,84,84,84,84,84,84,84,86,88,88,88,88,88,88],"card_choices":[{"not_picked":["Barrage","Cold Snap"],"picked":"Doom and Gloom","floor":1},{"not_picked":["Tempest","Stack"],"picked":"Gash","floor":4},{"not_picked":["Barrage","Go for the Eyes"],"picked":"Gash","floor":6},{"not_picked":["Ball Lightning","Reprogram"],"picked":"Go for the Eyes","floor":8},{"not_picked":["Go for the Eyes","Turbo","Stack"],"picked":"Singing Bowl","floor":11},{"not_picked":["Recycle","Streamline"],"picked":"Gash","floor":12},{"not_picked":["Leap","Reinforced Body"],"picked":"Self Repair","floor":14},{"not_picked":["Buffer","Rainbow"],"picked":"Creative AI","floor":16},{"not_picked":["Stack+1","Double Energy","Streamline+1"],"picked":"Singing Bowl","floor":18},{"not_picked":["Reprogram","Steam","Turbo"],"picked":"Singing Bowl","floor":19},{"not_picked":["BootSequence","Go for the Eyes+1"],"picked":"Self Repair","floor":20}],"player_experience":213945,"relics_obtained":[{"floor":6,"key":"Strawberry"},{"floor":8,"key":"Odd Mushroom"},{"floor":9,"key":"Singing Bowl"}],"event_choices":[{"damage_healed":0,"gold_gain":0,"player_choice":"Ignored","damage_taken":0,"max_hp_gain":0,"max_hp_loss":0,"event_name":"Liars Game","floor":3,"gold_loss":0},{"damage_healed":0,"gold_gain":0,"player_choice":"Grow","damage_taken":0,"max_hp_gain":0,"max_hp_loss":0,"event_name":"Living Wall","floor":5,"gold_loss":0,"cards_upgraded":["Madness"]},{"damage_healed":0,"gold_gain":0,"player_choice":"Success","damage_taken":7,"relics_obtained":["Anchor"],"max_hp_gain":0,"max_hp_loss":0,"event_name":"Scrap Ooze","floor":7,"gold_loss":0},{"damage_healed":0,"gold_gain":0,"player_choice":"Fought Mushrooms","damage_taken":0,"max_hp_gain":0,"max_hp_loss":0,"event_name":"Mushrooms","floor":8,"gold_loss":0},{"damage_healed":0,"gold_gain":0,"player_choice":"Ignored","damage_taken":0,"max_hp_gain":0,"max_hp_loss":0,"event_name":"Cursed Tome","floor":22,"gold_loss":0}],"is_beta":false,"boss_relics":[{"not_picked":["Calling Bell","Busted Crown"],"picked":"Black Star"}],"items_purged_floors":[2,13],"is_endless":false,"potions_floor_spawned":[1,12,14,16,18],"killed_by":"Cultist and Chosen","ascension_level":7}