{"gold_per_floor":[113,126,138,138,63,93,93,93,93,105,115,115,19,74,74,173,223,234,248,62,62,62,62,62],"floor_reached":24,"playtime":2140,"items_purged":["Defend_R","Bash"],"score":194,"play_id":"98c735a6-a8b9-494e-9cc2-6df20109851d","local_time":"20190406231306","is_ascension_mode":false,"campfire_choices":[{"data":"Spot Weakness","floor":7,"key":"SMITH"},{"data":"Metallicize","floor":12,"key":"SMITH"},{"floor":15,"key":"REST"},{"data":"Flex","floor":23,"key":"SMITH"}],"neow_cost":"NONE","seed_source_timestamp":6616112026611241,"circlet_count":0,"master_deck":["Strike_R","Strike_R","Strike_R+1","Strike_R","Strike_R","Defend_R","Defend_R","Spot Weakness+1","Metallicize+1","Clothesline+1","Carnage+1","Swift Strike+1","Feed+1","Burning Pact+1","Dramatic Entrance+1","Flex+1"],"relics":["Runic Cube","GremlinMask","Ginger","Molten Egg 2","Potion Belt","Tiny House"],"potions_floor_usage":[10,14,24],"damage_taken":[{"damage":15,"enemies":"2 Louse","floor":1,"turns":3},{"damage":1,"enemies":"Cultist","floor":2,"turns":3},{"damage":6,"enemies":"Jaw Worm","floor":3,"turns":3},{"damage":26,"enemies":"Gremlin Nob","floor":6,"turns":4},{"damage":12,"enemies":"Lots of Slimes","floor":10,"turns":4},{"damage":4,"enemies":"Blue Slaver","floor":11,"turns":3},{"damage":9,"enemies":"Gremlin Nob","floor":14,"turns":4},{"damage":22,"enemies":"Hexaghost","floor":16,"turns":7},{"damage":21,"enemies":"3 Byrds","floor":18,"turns":5},{"damage":27,"enemies":"2 Thieves","floor":19,"turns":3},{"damage":50,"enemies":"Gremlin Leader","floor":24,"turns":5}],"seed_played":"8752644888788033142","potions_obtained":[{"floor":2,"key":"Block Potion"},{"floor":3,"key":"SneckoOil"},{"floor":6,"key":"Weak Potion"},{"floor":17,"key":"SteroidPotion"}],"is_trial":false,"path_per_floor":["M","M","M","?","$","E","R","?","T","M","M","R","$","?","R","B",null,"M","M","$","?","$","R","E"],"character_chosen":"IRONCLAD","items_purchased":["Swift Strike+1","Dramatic Entrance+1"],"campfire_rested":1,"item_purchase_floors":[13,20],"current_hp_per_floor":[65,64,58,58,58,32,32,32,32,20,16,16,16,7,31,9,85,68,45,45,45,45,45,0],"gold":62,"neow_bonus":"BOSS_RELIC","is_prod":false,"is_daily":false,"chose_seed":false,"campfire_upgraded":3,"win_rate":0.0,"timestamp":1554606786,"path_taken":["M","M","M","?","?","E","R","?","T","?","M","R","$","?","R","BOSS","M","M","$","?","$","R","E"],"build_version":"2019-01-23","purchased_purges":2,"victory":false,"max_hp_per_floor":[80,80,80,80,80,80,80,80,80,80,80,80,80,80,80,80,85,89,93,93,93,93,93,93],"card_choices":[{"not_picked":["Clash","Heavy Blade","Disarm"],"picked":"SKIP","floor":1},{"not_picked":["Entrench","Clash"],"picked":"Spot Weakness","floor":2},{"not_picked":["Anger","Ghostly Armor"],"picked":"Metallicize","floor":3},{"not_picked":["Flex","Perfected Strike","Clash"],"picked":"SKIP","floor":6},{"not_picked":["Shrug It Off","True Grit"],"picked":"Clothesline+1","floor":10},{"not_picked":["Body Slam+1","Perfected Strike+1"],"picked":"Carnage+1","floor":11},{"not_picked":["Bludgeon+1","Barricade"],"picked":"Feed+1","floor":16},{"not_picked":["Armaments+1","Seeing Red"],"picked":"Burning Pact+1","floor":18},{"not_picked":["Searing Blow+1","Perfected Strike+1","Armaments"],"picked":"SKIP","floor":19}],"player_experience":184597,"relics_obtained":[{"floor":6,"key":"Ginger"},{"floor":9,"key":"Molten Egg 2"}],"event_choices":[{"damage_healed":0,"gold_gain":0,"player_choice":"Trade","damage_taken":0,"relics_obtained":["GremlinMask"],"max_hp_gain":0,"max_hp_loss":0,"event_name":"FaceTrader","floor":4,"gold_loss":0},{"cards_removed":["Defend_R"],"damage_healed":0,"gold_gain":0,"player_choice":"Purged","damage_taken":0,"max_hp_gain":0,"max_hp_loss":0,"event_name":"Purifier","floor":8,"gold_loss":0},{"damage_healed":0,"gold_gain":30,"player_choice":"Searched \u00273\u0027 times","damage_taken":0,"relics_obtained":["Potion Belt"],"max_hp_gain":0,"max_hp_loss":0,"event_name":"Dead Adventurer","floor":14,"gold_loss":0},{"damage_healed":0,"gold_gain":0,"player_choice":"1 cards matched","damage_taken":0,"max_hp_gain":0,"max_hp_loss":0,"event_name":"Match and Keep!","floor":21,"gold_loss":0,"cards_obtained":["Flex"]}],"is_beta":false,"boss_relics":[{"not_picked":["Philosopher\u0027s Stone","Orrery"],"picked":"Tiny House"}],"items_purged_floors":[5,20],"is_endless":false,"potions_floor_spawned":[2,3,6],"killed_by":"Gremlin Leader","ascension_level":0}