{"gold_per_floor":[15,28,41,53,53,80,80,93,119,52,52,67,86,115,115,189,189,207,55,55,69,87,114,114,4,4,22,22],"floor_reached":28,"playtime":1769,"items_purged":[],"score":616,"play_id":"74b79cc4-114d-4157-9d2d-09e2dfeb2ab4","local_time":"20190411234756","is_ascension_mode":true,"campfire_choices":[{"data":"Genetic Algorithm","floor":7,"key":"SMITH"},{"floor":11,"key":"REST"},{"floor":15,"key":"REST"},{"floor":24,"key":"REST"}],"neow_cost":"NO_GOLD","seed_source_timestamp":0,"circlet_count":0,"master_deck":["AscendersBane","Strike_B","Strike_B","Strike_B+1","Strike_B","Defend_B","Defend_B","Defend_B+1","Zap+1","Dualcast","Ball Lightning","Cold Snap","Genetic Algorithm+1","White Noise","Creative AI","Force Field+1","Storm","Auto Shields","Biased Cognition","Sunder","Writhe","Defragment","Coolheaded","Loop"],"special_seed":0,"relics":["Cracked Core","PreservedInsect","DataDisk","War Paint","Sozu","Dream Catcher","Smiling Mask","Bronze Scales","Ginger"],"potions_floor_usage":[6,18,18],"damage_taken":[{"damage":0,"enemies":"Small Slimes","floor":1,"turns":3},{"damage":2,"enemies":"Jaw Worm","floor":2,"turns":3},{"damage":0,"enemies":"Cultist","floor":3,"turns":3},{"damage":13,"enemies":"Gremlin Gang","floor":4,"turns":6},{"damage":29,"enemies":"Gremlin Nob","floor":6,"turns":4},{"damage":13,"enemies":"3 Louse","floor":8,"turns":4},{"damage":0,"enemies":"Large Slime","floor":12,"turns":4},{"damage":7,"enemies":"Exordium Wildlife","floor":13,"turns":4},{"damage":20,"enemies":"Lagavulin","floor":14,"turns":5},{"damage":29,"enemies":"Hexaghost","floor":16,"turns":9},{"damage":7,"enemies":"3 Byrds","floor":18,"turns":4},{"damage":23,"enemies":"Shell Parasite","floor":21,"turns":5},{"damage":6,"enemies":"Sentry and Sphere","floor":22,"turns":5},{"damage":25,"enemies":"Book of Stabbing","floor":23,"turns":5},{"damage":8,"enemies":"Snecko","floor":27,"turns":4},{"damage":27,"enemies":"Shelled Parasite and Fungi","floor":28,"turns":2}],"seed_played":"-8275081490249770760","potions_obtained":[{"floor":3,"key":"AttackPotion"},{"floor":4,"key":"Weak Potion"},{"floor":8,"key":"Energy Potion"}],"is_trial":false,"path_per_floor":["M","M","M","M","?","E","R","M","T","$","R","M","M","E","R","B",null,"M","$","?","M","M","E","R","?","T","M","M"],"character_chosen":"DEFECT","items_purchased":["Creative AI","Dream Catcher"],"campfire_rested":3,"item_purchase_floors":[10,19],"current_hp_per_floor":[78,76,76,63,63,34,34,21,21,21,46,46,39,19,44,15,68,61,61,61,38,32,7,32,32,32,24,0],"gold":22,"neow_bonus":"TWENTY_PERCENT_HP_BONUS","is_prod":false,"is_daily":false,"chose_seed":false,"campfire_upgraded":1,"win_rate":0,"timestamp":1555044476,"path_taken":["M","M","M","M","?","E","R","M","T","$","R","M","M","E","R","BOSS","M","$","?","M","M","E","R","?","T","M","?"],"build_version":"2019-01-23","purchased_purges":0,"victory":false,"max_hp_per_floor":[85,85,85,85,85,85,85,85,85,85,85,85,85,85,85,85,85,85,85,85,85,85,85,85,85,85,85,85],"card_choices":[{"not_picked":["Beam Cell","Sweeping Beam"],"picked":"Ball Lightning","floor":1},{"not_picked":["Leap","Steam"],"picked":"Cold Snap","floor":2},{"not_picked":["Redo","Sweeping Beam","Streamline"],"picked":"SKIP","floor":3},{"not_picked":["Loop","Lockon"],"picked":"Genetic Algorithm","floor":4},{"not_picked":["Compile Driver","Leap"],"picked":"White Noise","floor":6},{"not_picked":["Force Field","Stack","Steam Power"],"picked":"SKIP","floor":8},{"not_picked":["Hello World","Steam"],"picked":"Force Field","floor":12},{"not_picked":["Hologram","Ball Lightning"],"picked":"Storm","floor":13},{"not_picked":["Tempest","Fission"],"picked":"Auto Shields","floor":14},{"not_picked":["Amplify","Multi-Cast"],"picked":"Biased Cognition","floor":16},{"not_picked":["Turbo","Leap"],"picked":"Sunder","floor":18},{"not_picked":["Turbo","Lockon+1","Melter"],"picked":"SKIP","floor":21},{"not_picked":["Lockon","Sweeping Beam","Go for the Eyes"],"picked":"SKIP","floor":22},{"not_picked":["Stack","Loop"],"picked":"Defragment","floor":23},{"not_picked":["Scrape","Self Repair"],"picked":"Coolheaded","floor":24},{"not_picked":["Steam","Cold Snap"],"picked":"Loop","floor":27}],"player_experience":376471,"relics_obtained":[{"floor":6,"key":"PreservedInsect"},{"floor":9,"key":"DataDisk"},{"floor":14,"key":"War Paint"},{"floor":23,"key":"Bronze Scales"},{"floor":26,"key":"Ginger"}],"event_choices":[{"damage_healed":0,"gold_gain":0,"player_choice":"Grow","damage_taken":0,"max_hp_gain":0,"max_hp_loss":0,"event_name":"Living Wall","floor":5,"gold_loss":0,"cards_upgraded":["Zap"]},{"damage_healed":0,"gold_gain":0,"player_choice":"Opened","damage_taken":0,"relics_obtained":["Smiling Mask"],"max_hp_gain":0,"max_hp_loss":0,"event_name":"The Mausoleum","floor":20,"gold_loss":0,"cards_obtained":["Writhe"]},{"cards_removed":["Defend_B"],"damage_healed":0,"gold_gain":0,"player_choice":"Upgrade and Remove","damage_taken":0,"max_hp_gain":0,"max_hp_loss":0,"event_name":"Designer","floor":25,"gold_loss":110,"cards_upgraded":["Strike_B"]}],"is_beta":false,"boss_relics":[{"not_picked":["Busted Crown","Runic Dome"],"picked":"Sozu"}],"items_purged_floors":[],"is_endless":false,"potions_floor_spawned":[3,4,8,14,16,18,23,27],"killed_by":"Shelled Parasite and Fungi","ascension_level":15}