{"gold_per_floor":[117,42,42,42,42,74,74,99,122,151,163,163,192,207,207,308,308,322,232,250,70,83,83,111,111,111,136,148,158,158],"floor_reached":30,"playtime":1170,"items_purged":["Defend_R","Strike_R"],"score":348,"play_id":"b998f4d0-8c88-4540-ae6a-f2c6728f1e83","local_time":"20190204233539","is_ascension_mode":true,"campfire_choices":[{"data":"Headbutt","floor":7,"key":"SMITH"},{"data":"Havoc","floor":12,"key":"SMITH"},{"data":"True Grit","floor":15,"key":"SMITH"},{"data":"Rampage","floor":23,"key":"SMITH"},{"floor":25,"key":"REST"}],"neow_cost":"NONE","seed_source_timestamp":87152296484705,"circlet_count":0,"master_deck":["Strike_R+1","Strike_R","Strike_R","Strike_R","Defend_R","Defend_R","Defend_R","Bash","Headbutt+1","True Grit+1","Havoc+1","Fiend Fire","Flex+1","Rampage+1","Flex","Rage","Dual Wield","Rage+1"],"relics":["Burning Blood","NeowsBlessing","Ginger","Matryoshka","Unceasing Top","Lantern","Pen Nib","Odd Mushroom","Darkstone Periapt","Philosopher\u0027s Stone","Oddly Smooth Stone","Omamori","StoneCalendar","Bronze Scales"],"potions_floor_usage":[10,16,18,24,24,28,30],"damage_taken":[{"damage":0,"enemies":"Cultist","floor":1,"turns":1},{"damage":0,"enemies":"3 Sentries","floor":6,"turns":2},{"damage":0,"enemies":"Lagavulin","floor":8,"turns":1},{"damage":5,"enemies":"The Mushroom Lair","floor":10,"turns":3},{"damage":0,"enemies":"Small Slimes","floor":11,"turns":2},{"damage":13,"enemies":"Gremlin Nob","floor":13,"turns":4},{"damage":7,"enemies":"Jaw Worm","floor":14,"turns":2},{"damage":46,"enemies":"Slime Boss","floor":16,"turns":9},{"damage":18,"enemies":"3 Byrds","floor":18,"turns":4},{"damage":11,"enemies":"Shell Parasite","floor":20,"turns":3},{"damage":17,"enemies":"Snake Plant","floor":22,"turns":2},{"damage":47,"enemies":"Slavers","floor":24,"turns":4},{"damage":15,"enemies":"Centurion and Healer","floor":28,"turns":3},{"damage":15,"enemies":"Sentry and Sphere","floor":29,"turns":4},{"damage":25,"enemies":"Book of Stabbing","floor":30,"turns":5}],"seed_played":"-8167868100892613196","potions_obtained":[{"floor":1,"key":"Explosive Potion"},{"floor":11,"key":"SpeedPotion"},{"floor":13,"key":"SteroidPotion"},{"floor":14,"key":"SpeedPotion"},{"floor":16,"key":"Explosive Potion"},{"floor":18,"key":"Regen Potion"},{"floor":22,"key":"EssenceOfSteel"},{"floor":24,"key":"AttackPotion"}],"is_trial":false,"path_per_floor":["M","$","?","?","$","E","R","E","T","?","M","R","E","M","R","B",null,"M","?","M","$","M","R","E","R","T","T","M","M","E"],"character_chosen":"IRONCLAD","items_purchased":["Rampage"],"campfire_rested":1,"item_purchase_floors":[21],"current_hp_per_floor":[80,80,80,68,68,74,74,80,80,80,80,80,73,72,72,32,80,68,68,63,63,52,52,23,47,47,47,38,29,4],"gold":158,"neow_bonus":"THREE_ENEMY_KILL","is_prod":false,"is_daily":false,"chose_seed":false,"campfire_upgraded":4,"win_rate":0,"timestamp":1549344939,"path_taken":["M","$","?","?","?","E","R","E","T","?","M","R","E","M","R","BOSS","M","?","M","$","?","R","E","R","T","?","M","?","E"],"build_version":"2019-01-23","purchased_purges":2,"victory":false,"max_hp_per_floor":[80,80,80,80,80,80,80,80,80,80,80,80,80,80,80,80,80,80,80,80,80,80,80,80,80,80,80,80,80,80],"card_choices":[{"not_picked":["Feel No Pain","Shrug It Off"],"picked":"Headbutt","floor":1},{"not_picked":["Entrench","Disarm","Rupture"],"picked":"SKIP","floor":6},{"not_picked":["Heavy Blade","Pommel Strike"],"picked":"Warcry","floor":8},{"not_picked":["Iron Wave","Dual Wield"],"picked":"True Grit","floor":10},{"not_picked":["Thunderclap","Sentinel"],"picked":"Havoc","floor":11},{"not_picked":["Power Through","Exhume","Thunderclap"],"picked":"SKIP","floor":13},{"not_picked":["Sentinel","Blood for Blood","Intimidate"],"picked":"SKIP","floor":14},{"not_picked":["Berserk","Immolate"],"picked":"Fiend Fire","floor":16},{"not_picked":["Clothesline","Shockwave","Whirlwind"],"picked":"SKIP","floor":18},{"not_picked":["Wild Strike","Body Slam"],"picked":"Flex+1","floor":20},{"not_picked":["Evolve","Ghostly Armor+1"],"picked":"Flex","floor":22},{"not_picked":["Rupture","Sentinel"],"picked":"Rage","floor":24},{"not_picked":["Sword Boomerang","Offering"],"picked":"Dual Wield","floor":28},{"not_picked":["Pummel","Flex"],"picked":"Rage+1","floor":29}],"player_experience":452324,"relics_obtained":[{"floor":6,"key":"Matryoshka"},{"floor":8,"key":"Unceasing Top"},{"floor":9,"key":"Lantern"},{"floor":9,"key":"Pen Nib"},{"floor":10,"key":"Odd Mushroom"},{"floor":13,"key":"Darkstone Periapt"},{"floor":24,"key":"Oddly Smooth Stone"},{"floor":26,"key":"Omamori"},{"floor":26,"key":"StoneCalendar"},{"floor":27,"key":"Bronze Scales"}],"event_choices":[{"damage_healed":0,"gold_gain":0,"player_choice":"Ignored","damage_taken":0,"max_hp_gain":0,"max_hp_loss":0,"event_name":"Shining Light","floor":3,"gold_loss":0},{"damage_healed":0,"gold_gain":0,"player_choice":"Success","damage_taken":12,"relics_obtained":["Ginger"],"max_hp_gain":0,"max_hp_loss":0,"event_name":"Scrap Ooze","floor":4,"gold_loss":0},{"damage_healed":0,"gold_gain":0,"player_choice":"Fought Mushrooms","damage_taken":0,"max_hp_gain":0,"max_hp_loss":0,"event_name":"Mushrooms","floor":10,"gold_loss":0},{"cards_removed":["Warcry"],"damage_healed":0,"gold_gain":0,"player_choice":"Upgrade and Remove","damage_taken":0,"max_hp_gain":0,"max_hp_loss":0,"event_name":"Designer","floor":19,"gold_loss":90,"cards_upgraded":["Strike_R"]}],"is_beta":false,"boss_relics":[{"not_picked":["Runic Pyramid","Snecko Eye"],"picked":"Philosopher\u0027s Stone"}],"items_purged_floors":[2,21],"is_endless":false,"potions_floor_spawned":[1,11,13,14,16,18,22,24],"killed_by":"Book of Stabbing","ascension_level":2}