{"gold_per_floor":[215,215,230,241,44,77,26,40,87,104,104,116,132,55,55,159,159,173,185,197,197,43,43,74,84,108,108,122,122],"floor_reached":29,"playtime":1880,"items_purged":["Fusion"],"score":249,"play_id":"2c1a4ca1-1924-4894-9b15-47108f208bc1","local_time":"20181020175944","is_ascension_mode":false,"campfire_choices":[{"floor":11,"key":"REST"},{"floor":15,"key":"REST"},{"data":"Capacitor","floor":23,"key":"SMITH"},{"floor":27,"key":"REST"}],"neow_cost":"NONE","seed_source_timestamp":692236900735415,"circlet_count":0,"master_deck":["Strike_B+1","Strike_B+1","Strike_B+1","Strike_B+1","Defend_B+1","Defend_B+1","Defend_B+1","Defend_B+1","Zap","Ball Lightning","Barrage","Defragment","Biased Cognition","Electrodynamics","White Noise+1","Leap","Capacitor+1"],"relics":["Cracked Core","Runic Capacitor","Shuriken","Bag of Preparation","Inserter","Omamori","Blood Vial"],"potions_floor_usage":[13,16,16,18,19,24,25],"damage_taken":[{"damage":7,"enemies":"Small Slimes","floor":1,"turns":3},{"damage":8,"enemies":"Jaw Worm","floor":3,"turns":3},{"damage":0,"enemies":"Cultist","floor":4,"turns":4},{"damage":21,"enemies":"3 Sentries","floor":6,"turns":6},{"damage":0,"enemies":"Large Slime","floor":8,"turns":5},{"damage":10,"enemies":"Looter","floor":10,"turns":3},{"damage":10,"enemies":"2 Fungi Beasts","floor":12,"turns":3},{"damage":6,"enemies":"Exordium Thugs","floor":13,"turns":3},{"damage":20,"enemies":"The Guardian","floor":16,"turns":9},{"damage":10,"enemies":"3 Byrds","floor":18,"turns":3},{"damage":5,"enemies":"Chosen","floor":19,"turns":3},{"damage":5,"enemies":"Snecko","floor":20,"turns":4},{"damage":23,"enemies":"Gremlin Leader","floor":24,"turns":5},{"damage":20,"enemies":"Cultist and Chosen","floor":25,"turns":4},{"damage":26,"enemies":"Snake Plant","floor":28,"turns":4},{"damage":24,"enemies":"Book of Stabbing","floor":29,"turns":4}],"seed_played":"7418110139685119604","potions_obtained":[{"floor":1,"key":"SmokeBomb"},{"floor":6,"key":"Fire Potion"},{"floor":8,"key":"Dexterity Potion"},{"floor":10,"key":"Ancient Potion"},{"floor":16,"key":"Energy Potion"},{"floor":18,"key":"EssenceOfSteel"},{"floor":24,"key":"Regen Potion"}],"is_trial":false,"path_per_floor":["M","?","M","M","$","E","$","M","T","M","R","M","M","$","R","B",null,"M","M","M","?","$","R","E","M","T","R","M"],"character_chosen":"DEFECT","items_purchased":["Runic Capacitor","Barrage","EssenceOfSteel","Capacitor"],"campfire_rested":3,"item_purchase_floors":[5,7,14,22],"current_hp_per_floor":[68,68,60,60,60,39,39,39,39,29,51,41,35,35,57,37,75,65,60,55,55,55,55,32,24,24,46,22,0],"gold":122,"neow_bonus":"HUNDRED_GOLD","is_prod":false,"is_daily":false,"chose_seed":false,"campfire_upgraded":1,"win_rate":0.0,"timestamp":1540083584,"path_taken":["M","?","M","M","$","E","$","M","T","M","R","M","?","$","R","BOSS","M","M","M","?","$","R","E","M","T","R","M","E"],"build_version":"2018-10-18","purchased_purges":1,"victory":false,"max_hp_per_floor":[75,75,75,75,75,75,75,75,75,75,75,75,75,75,75,75,75,75,75,75,75,75,75,75,75,75,75,75,75],"card_choices":[{"not_picked":["Reprogram","Chaos","Steam"],"picked":"SKIP","floor":1},{"not_picked":["Go for the Eyes","Undo","Beam Cell"],"picked":"SKIP","floor":3},{"not_picked":["Double Energy","Cold Snap"],"picked":"Ball Lightning","floor":4},{"not_picked":["Redo","Steam","Go for the Eyes"],"picked":"SKIP","floor":6},{"not_picked":["Gash","Compile Driver"],"picked":"Defragment","floor":8},{"not_picked":["Self Repair","Go for the Eyes"],"picked":"Biased Cognition","floor":10},{"not_picked":["Compile Driver","Turbo","Stack"],"picked":"SKIP","floor":12},{"not_picked":["Go for the Eyes","Streamline","Redo"],"picked":"SKIP","floor":13},{"not_picked":["Biased Cognition","Multi-Cast"],"picked":"Electrodynamics","floor":16},{"not_picked":["Rebound","Stack+1","Redo"],"picked":"SKIP","floor":18},{"not_picked":["Coolheaded","Storm"],"picked":"White Noise+1","floor":19},{"not_picked":["Genetic Algorithm","Glacier"],"picked":"Leap","floor":20},{"not_picked":["Reprogram","Recycle","Steam"],"picked":"SKIP","floor":24},{"not_picked":["Sweeping Beam+1","Leap","Coolheaded+1"],"picked":"SKIP","floor":25},{"not_picked":["Heatsinks","Reprogram","Force Field"],"picked":"SKIP","floor":28}],"player_experience":105177,"relics_obtained":[{"floor":6,"key":"Shuriken"},{"floor":9,"key":"Bag of Preparation"},{"floor":24,"key":"Omamori"},{"floor":26,"key":"Blood Vial"}],"event_choices":[{"damage_healed":0,"gold_gain":0,"cards_transformed":["Dualcast"],"player_choice":"Change","damage_taken":0,"max_hp_gain":0,"max_hp_loss":0,"event_name":"Living Wall","floor":2,"gold_loss":0,"cards_obtained":["Fusion"]},{"damage_healed":0,"gold_gain":0,"player_choice":"Simplicity","damage_taken":0,"max_hp_gain":0,"max_hp_loss":0,"event_name":"Back to Basics","floor":21,"gold_loss":0,"cards_upgraded":["Strike_B","Strike_B","Strike_B","Strike_B","Defend_B","Defend_B","Defend_B","Defend_B"]}],"is_beta":false,"boss_relics":[{"not_picked":["Runic Pyramid","Tiny House"],"picked":"Inserter"}],"items_purged_floors":[22],"is_endless":false,"potions_floor_spawned":[1,6,8,10,16,18,24],"killed_by":"Book of Stabbing","ascension_level":0}