{"path_per_floor":["M","?","?","$","M","E","?","$","T","M","E","M","M","?","R","B",null,"M","T","?","M","?","R","M","M","T","M","M","$","M","?","R"],"character_chosen":"IRONCLAD","items_purchased":["Shrug It Off","Bandage Up","Gremlin Horn"],"gold_per_floor":[109,109,109,34,44,77,77,24,81,101,135,152,169,134,134,235,235,251,300,300,319,319,319,319,332,332,345,364,3,18,18,18],"floor_reached":33,"campfire_rested":3,"playtime":1921,"current_hp_per_floor":[80,62,55,55,50,41,41,41,41,46,51,57,58,58,80,52,80,47,47,47,43,28,53,47,41,41,33,20,20,23,23,63],"items_purged":["Strike_R"],"gold":18,"play_id":"9ba5addc-cf08-40d1-aa3b-21fad64f4acc","is_prod":false,"is_daily":false,"is_ascension_mode":false,"campfire_upgraded":0,"path_taken":["M","?","?","$","?","E","?","$","T","M","E","M","M","?","R","BOSS","M","?","?","M","?","R","M","M","T","M","M","$","M","?","R","BOSS"],"build_version":"2018-02-01-PROD3","purchased_purges":1,"victory":false,"master_deck":["Strike_R","Strike_R","Strike_R","Defend_R+1","Defend_R","Defend_R+1","Defend_R","Bash","Rampage","Iron Wave+1","Immolate+1","Regret","Shrug It Off","Uppercut+1","Inflame","Flex+1","Impervious","Sword Boomerang+1","Impervious","Thunderclap+1","Flex+1","Sword Boomerang+1","Bandage Up","Sword Boomerang+1"],"max_hp_per_floor":[80,80,80,80,80,80,80,80,80,80,80,80,80,80,80,80,80,80,80,80,80,85,85,85,85,85,85,85,85,85,85,85],"relics":["Burning Blood","Bag of Marbles","Molten Egg 2","War Paint","Meat on the Bone","Tiny Chest","Matryoshka","Anchor","Oddly Smooth Stone","Regal Pillow","Paper Frog","Gremlin Horn","Nloth\u0027s Gift"],"card_choices":[{"not_picked":["Shrug It Off","Perfected Strike"],"picked":"Rampage"},{"not_picked":["Thunderclap","Shrug It Off"],"picked":"Iron Wave"},{"not_picked":["Shockwave","Sever Soul"],"picked":"Immolate"},{"not_picked":["Combust","Whirlwind"],"picked":"Uppercut"},{"not_picked":["Flex","Rage"],"picked":"Inflame"},{"not_picked":["Armaments","Cleave"],"picked":"Flex"},{"not_picked":["Exhume","Brutality"],"picked":"Impervious"},{"not_picked":["Corruption","Thunderclap","Clothesline"],"picked":"Sword Boomerang"},{"not_picked":["Anger","Infernal Blade","Shrug It Off"],"picked":"Impervious"},{"not_picked":["Pommel Strike","Reckless Charge","Searing Blow"],"picked":"Thunderclap"},{"not_picked":["Heavy Blade","Shrug It Off","Reckless Charge"],"picked":"Flex"},{"not_picked":["Bloodletting","Offering","Twin Strike"],"picked":"Sword Boomerang"},{"not_picked":["Whirlwind","Cleave","Perfected Strike"],"picked":"Sword Boomerang"}],"player_experience":61730,"potions_floor_usage":[6,21,24],"damage_taken":[{"damage":1,"enemies":"Jaw Worm","floor":1,"turns":3},{"damage":11,"enemies":"2 Louse","floor":5,"turns":3},{"damage":15,"enemies":"Lagavulin","floor":6,"turns":7},{"damage":13,"enemies":"Small Slimes","floor":10,"turns":3},{"damage":13,"enemies":"Gremlin Nob","floor":11,"turns":4},{"damage":12,"enemies":"Exordium Wildlife","floor":12,"turns":5},{"damage":17,"enemies":"Gremlin Gang","floor":13,"turns":6},{"damage":34,"enemies":"The Guardian","floor":16,"turns":9},{"damage":39,"enemies":"Spheric Guardian","floor":18,"turns":8},{"damage":22,"enemies":"3 Byrds","floor":21,"turns":8},{"damage":24,"enemies":"Cultist and Chosen","floor":24,"turns":8},{"damage":24,"enemies":"Snake Plant","floor":25,"turns":5},{"damage":26,"enemies":"Sentry and Sphere","floor":27,"turns":7},{"damage":31,"enemies":"Cultist and Chosen","floor":28,"turns":9},{"damage":19,"enemies":"Chosen and Byrds","floor":30,"turns":5},{"damage":79,"enemies":"Champ","floor":33,"turns":13}],"event_choices":[{"event_name":"Scrap Ooze","player_choice":"success","floor":2,"damage_taken":18},{"event_name":"Golden Wing","player_choice":"Card Removal","floor":3,"damage_taken":0},{"event_name":"Big Fish","player_choice":"Box","floor":7,"damage_taken":0},{"event_name":"World of Goop","player_choice":"Left","floor":14,"damage_taken":0},{"event_name":"Upgrade Shrine","player_choice":"Upgraded","floor":20,"damage_taken":0},{"event_name":"Forgotten Altar","player_choice":"Shed Blood","floor":22,"damage_taken":0},{"event_name":"N\u0027loth","player_choice":"Traded a Question Card","floor":31,"damage_taken":0}],"boss_relics":[{"not_picked":["Runic Dome","Sozu"],"picked":"Question Card"}],"potions_floor_spawned":[1,16,21,30],"seed_played":"5299614873532331193","killed_by":"Champ","ascension_level":0,"is_trial":false}