{"gold_per_floor":[113,113,113,24,199,199,214,214,261,261,271,282,282,297,297,395,395,413,441,454,454,454],"floor_reached":22,"playtime":829,"items_purged":[],"score":329,"play_id":"85f73ee7-90e1-4777-92ce-b956d0b2859a","local_time":"20190301011114","is_ascension_mode":true,"campfire_choices":[{"data":"Dagger Spray","floor":6.0,"key":"SMITH"},{"data":"Endless Agony","floor":8.0,"key":"SMITH"},{"data":"Poisoned Stab","floor":10.0,"key":"SMITH"},{"data":"Endless Agony","floor":13.0,"key":"SMITH"},{"data":"Expertise","floor":15.0,"key":"SMITH"}],"neow_cost":"NONE","seed_source_timestamp":951536116056788,"circlet_count":0,"master_deck":["Defend_G","Defend_G","Defend_G","Defend_G","Defend_G","Strike_G","Strike_G","Strike_G","Strike_G","Strike_G","Survivor","Neutralize","Poisoned Stab+1","Predator","Dagger Spray+1","Doubt","Endless Agony+1","Endless Agony+1","Dodge and Roll","Expertise+1","Venomology","Injury","Decay","Clumsy","Reflex","Deadly Poison","Prepared"],"special_seed":0,"relics":["HoveringKite","Lantern","Calling Bell","Art of War","Darkstone Periapt","Calipers","Red Mask","SsserpentHead"],"potions_floor_usage":[19,19,20],"damage_taken":[{"damage":4.0,"enemies":"2 Louse","floor":1.0,"turns":4.0},{"damage":0.0,"enemies":"Small Slimes","floor":7.0,"turns":3.0},{"damage":0.0,"enemies":"Jaw Worm","floor":11.0,"turns":3.0},{"damage":16.0,"enemies":"Exordium Wildlife","floor":12.0,"turns":3.0},{"damage":9.0,"enemies":"Red Slaver","floor":14.0,"turns":3.0},{"damage":35.0,"enemies":"Slime Boss","floor":16.0,"turns":11.0},{"damage":16.0,"enemies":"Spheric Guardian","floor":18.0,"turns":4.0},{"damage":23,"enemies":"Masked Bandits","floor":19,"turns":4},{"damage":24,"enemies":"2 Thieves","floor":20,"turns":5},{"damage":0,"enemies":"3 Cultists","floor":22,"turns":1}],"seed_played":"-3674324353935876456","potions_obtained":[{"floor":11.0,"key":"SkillPotion"},{"floor":12.0,"key":"SpeedPotion"},{"floor":14.0,"key":"Dexterity Potion"},{"floor":18.0,"key":"Swift Potion"}],"is_trial":false,"path_per_floor":["M","?","?","$","?","R","M","R","T","R","M","M","R","M","R","B",null,"M","?","M","?","M"],"character_chosen":"THE_SILENT","items_purchased":["Predator","Dagger Spray"],"campfire_rested":0,"item_purchase_floors":[4,4],"current_hp_per_floor":[66,66,66,66,66,66,66,66,66,66,66,50,50,41,41,6,70,54,31,7,7,7],"gold":454,"neow_bonus":"BOSS_RELIC","is_prod":false,"is_daily":false,"chose_seed":false,"campfire_upgraded":5,"win_rate":0,"timestamp":1551424274,"path_taken":["M","?","?","$","?","R","M","R","T","R","M","M","R","?","R","BOSS","M","?","M","?","M"],"build_version":"2019-01-23","purchased_purges":0,"victory":false,"max_hp_per_floor":[70,70,70,70,70,70,70,70,70,70,70,70,70,70,70,70,70,70,70,70,70,70],"card_choices":[{"not_picked":["Flying Knee","Sucker Punch"],"picked":"Poisoned Stab","floor":1.0},{"not_picked":["PiercingWail","Outmaneuver"],"picked":"Endless Agony","floor":7.0},{"not_picked":["Infinite Blades","Deflect"],"picked":"Endless Agony","floor":11.0},{"not_picked":["Blade Dance","Bane"],"picked":"Dodge and Roll","floor":12.0},{"not_picked":["Flying Knee","Acrobatics"],"picked":"Expertise","floor":14.0},{"not_picked":["Storm of Steel","Wraith Form v2"],"picked":"Venomology","floor":16.0},{"not_picked":["Slice+1","Outmaneuver"],"picked":"Reflex","floor":18.0},{"not_picked":["Acrobatics+1","Dagger Throw+1"],"picked":"Deadly Poison","floor":19},{"not_picked":["Flying Knee+1","Blade Dance"],"picked":"Prepared","floor":20}],"player_experience":583619,"relics_obtained":[{"floor":9.0,"key":"Lantern"},{"floor":17.0,"key":"Art of War"},{"floor":17.0,"key":"Darkstone Periapt"},{"floor":17.0,"key":"Calipers"},{"floor":19,"key":"Red Mask"}],"event_choices":[{"damage_healed":0.0,"max_hp_gain":0.0,"max_hp_loss":0.0,"gold_gain":0.0,"event_name":"Shining Light","player_choice":"Ignored","floor":2.0,"gold_loss":0.0,"damage_taken":0.0},{"damage_healed":0.0,"max_hp_gain":0.0,"max_hp_loss":0.0,"gold_gain":0.0,"event_name":"Golden Wing","player_choice":"Ignored","floor":3.0,"gold_loss":0.0,"damage_taken":0.0},{"damage_healed":0.0,"max_hp_gain":0.0,"max_hp_loss":0.0,"gold_gain":175.0,"event_name":"Liars Game","player_choice":"AGREE","floor":5.0,"gold_loss":0.0,"damage_taken":0.0,"cards_obtained":["Doubt"]},{"damage_healed":0,"gold_gain":0,"player_choice":"Fought Bandits","damage_taken":0,"max_hp_gain":0,"max_hp_loss":0,"event_name":"Masked Bandits","floor":19,"gold_loss":0},{"damage_healed":0,"gold_gain":0,"player_choice":"Trade","damage_taken":0,"relics_obtained":["SsserpentHead"],"max_hp_gain":0,"max_hp_loss":0,"event_name":"FaceTrader","floor":21,"gold_loss":0}],"is_beta":false,"boss_relics":[{"not_picked":["Black Star","Pandora\u0027s Box"],"picked":"Calling Bell"}],"items_purged_floors":[],"is_endless":false,"potions_floor_spawned":[11,12,14,18],"killed_by":"3 Cultists","ascension_level":4}