{"gold_per_floor":[114,114,129,129,152,152,187,187,187,133,158,158,192,192,192,321,321,339,249,263,388,403,403,424,442,442,442,25,43,43,43,43,174,174,194,527,527,65,165,165,165,182,205,238,238,238,33,61,61,61],"floor_reached":51,"playtime":6263,"items_purged":["Searing Blow"],"score":734,"play_id":"cffaf92e-3469-419c-ac2b-e62821630225","local_time":"20190130010729","is_ascension_mode":false,"campfire_choices":[{"floor":6,"key":"REST"},{"data":"Spot Weakness","floor":8,"key":"SMITH"},{"data":"Rage","floor":12,"key":"SMITH"},{"floor":15,"key":"REST"},{"floor":23,"key":"REST"},{"data":"Whirlwind","floor":27,"key":"SMITH"},{"floor":32,"key":"REST"},{"data":"Seeing Red","floor":40,"key":"SMITH"},{"data":"Offering","floor":45,"key":"SMITH"},{"floor":49,"key":"REST"}],"neow_cost":"PERCENT_DAMAGE","seed_source_timestamp":33057842126197,"circlet_count":0,"master_deck":["Bash","Double Tap+1","Spot Weakness+1","Rage+1","Anger","Anger+1","Whirlwind+1","Limit Break","Seeing Red+1","Brutality+1","Feel No Pain+1","Reaper","Dark Embrace+1","Fiend Fire","Headbutt","Spot Weakness","Fire Breathing+1","Feed","Twin Strike+1","Master of Strategy","Havoc","Brutality+1","Evolve+1","Offering+1","Evolve+1","Panache+1","Seeing Red","Metamorphosis","Mayhem+1","Battle Trance+1","Berserk+1","Fire Breathing+1","Master of Strategy"],"relics":["Burning Blood","Ornamental Fan","Pear","Frozen Egg 2","Pandora\u0027s Box","Bird Faced Urn","Bottled Flame","Bottled Lightning","Anchor","Mark of Pain","OrangePellets","Peace Pipe","Ancient Tea Set","Blood Vial","Letter Opener"],"potions_floor_usage":[16,21,25,33,33,39,50],"damage_taken":[{"damage":8,"enemies":"Small Slimes","floor":1,"turns":3},{"damage":1,"enemies":"Cultist","floor":3,"turns":3},{"damage":12,"enemies":"2 Louse","floor":5,"turns":3},{"damage":16,"enemies":"Gremlin Nob","floor":7,"turns":3},{"damage":10,"enemies":"Looter","floor":11,"turns":2},{"damage":31,"enemies":"Lagavulin","floor":13,"turns":6},{"damage":41,"enemies":"The Guardian","floor":16,"turns":8},{"damage":23,"enemies":"Chosen","floor":18,"turns":4},{"damage":23,"enemies":"Spheric Guardian","floor":20,"turns":4},{"damage":30,"enemies":"Colosseum Slavers","floor":21,"turns":3},{"damage":25,"enemies":"Colosseum Nobs","floor":21,"turns":4},{"damage":12,"enemies":"Cultist and Chosen","floor":22,"turns":3},{"damage":28,"enemies":"Chosen and Byrds","floor":24,"turns":4},{"damage":31,"enemies":"3 Cultists","floor":25,"turns":4},{"damage":28,"enemies":"Sentry and Sphere","floor":29,"turns":5},{"damage":64,"enemies":"Collector","floor":33,"turns":6},{"damage":43,"enemies":"3 Darklings","floor":35,"turns":3},{"damage":32,"enemies":"Mind Bloom Boss Battle","floor":39,"turns":3},{"damage":30,"enemies":"3 Shapes","floor":42,"turns":3},{"damage":18,"enemies":"Reptomancer","floor":44,"turns":3},{"damage":55,"enemies":"Nemesis","floor":48,"turns":3},{"damage":52,"enemies":"Donu and Deca","floor":50,"turns":4}],"seed_played":"7499371550798824293","potions_obtained":[{"floor":1,"key":"Weak Potion"},{"floor":13,"key":"SpeedPotion"},{"floor":14,"key":"Energy Potion"},{"floor":14,"key":"Poison Potion"},{"floor":16,"key":"SpeedPotion"},{"floor":21,"key":"Swift Potion"},{"floor":25,"key":"PowerPotion"},{"floor":29,"key":"Swift Potion"},{"floor":33,"key":"AttackPotion"},{"floor":35,"key":"Fire Potion"},{"floor":39,"key":"Regen Potion"}],"is_trial":false,"path_per_floor":["M","?","M","?","M","R","E","R","T","$","M","R","E","?","R","B",null,"M","?","M","?","M","R","M","M","T","R","$","M","?","$","R","B",null,"M","?","?","$","?","R","?","M","T","E","R","?","$","E","R","B",null],"character_chosen":"IRONCLAD","items_purchased":["Anger","Master of Strategy","Havoc","Brutality+1","OrangePellets","Panache+1","Seeing Red","Fire Breathing+1","Master of Strategy"],"campfire_rested":5,"item_purchase_floors":[10,28,28,28,38,38,38,47,47],"current_hp_per_floor":[54,54,59,59,53,74,64,64,74,74,70,70,45,45,70,35,84,67,67,52,23,21,46,38,40,40,40,40,37,37,37,62,18,84,51,51,51,51,57,57,52,69,69,84,84,84,84,59,84,59],"gold":61,"neow_bonus":"THREE_RARE_CARDS","is_prod":false,"is_daily":false,"chose_seed":false,"campfire_upgraded":5,"win_rate":0,"timestamp":1548832049,"path_taken":["M","?","M","?","?","R","E","R","T","$","M","R","E","?","R","BOSS","M","?","?","?","M","R","M","M","T","R","$","M","?","$","R","BOSS","M","?","?","$","?","R","?","?","T","E","R","?","?","E","R","BOSS"],"build_version":"2019-01-23","purchased_purges":1,"victory":true,"max_hp_per_floor":[80,74,74,74,74,74,74,74,84,84,84,84,84,84,84,84,84,84,84,84,84,84,84,84,84,84,84,84,84,84,84,84,84,84,84,84,84,84,84,84,84,84,84,84,84,84,84,84,84,87],"card_choices":[{"not_picked":["Fiend Fire","Reaper"],"picked":"Double Tap","floor":0},{"not_picked":["Corruption","Dropkick"],"picked":"Anger","floor":1},{"not_picked":["Headbutt","True Grit","Clothesline"],"picked":"SKIP","floor":3},{"not_picked":["Uppercut","Heavy Blade"],"picked":"Spot Weakness","floor":5},{"not_picked":["Wild Strike","True Grit"],"picked":"Rage","floor":7},{"not_picked":["Body Slam","Twin Strike"],"picked":"Anger","floor":11},{"not_picked":["Havoc","Berserk"],"picked":"Whirlwind","floor":13},{"not_picked":["Bludgeon","Impervious"],"picked":"Limit Break","floor":16},{"not_picked":["Clash","Armaments","Reckless Charge"],"picked":"SKIP","floor":18},{"not_picked":["Clash","Rampage"],"picked":"Spot Weakness","floor":20},{"not_picked":["Heavy Blade+1","Clothesline"],"picked":"Fire Breathing+1","floor":21},{"not_picked":["Iron Wave","Bloodletting","Clothesline+1"],"picked":"SKIP","floor":22},{"not_picked":["Wild Strike","Sword Boomerang+1"],"picked":"Feed","floor":24},{"not_picked":["Iron Wave","Corruption+1"],"picked":"Twin Strike+1","floor":25},{"not_picked":["True Grit","Twin Strike"],"picked":"Evolve+1","floor":29},{"not_picked":["Impervious","Bludgeon"],"picked":"Offering","floor":33},{"not_picked":["Clash","Havoc+1"],"picked":"Evolve+1","floor":35},{"not_picked":["Purity","Blind"],"picked":"Metamorphosis","floor":41},{"not_picked":["Enlightenment","Deep Breath"],"picked":"Mayhem+1","floor":41},{"not_picked":["Dual Wield","Twin Strike+1"],"picked":"Battle Trance+1","floor":42},{"not_picked":["Clothesline","Body Slam+1"],"picked":"Berserk+1","floor":44},{"not_picked":["Headbutt","Body Slam+1","Thunderclap+1"],"picked":"SKIP","floor":48}],"player_experience":399719,"relics_obtained":[{"floor":7,"key":"Ornamental Fan"},{"floor":9,"key":"Pear"},{"floor":13,"key":"Frozen Egg 2"},{"floor":21,"key":"Bird Faced Urn"},{"floor":21,"key":"Bottled Flame"},{"floor":26,"key":"Bottled Lightning"},{"floor":39,"key":"Peace Pipe"},{"floor":43,"key":"Ancient Tea Set"},{"floor":44,"key":"Blood Vial"},{"floor":48,"key":"Letter Opener"}],"event_choices":[{"damage_healed":0,"gold_gain":0,"player_choice":"Lose Max HP","damage_taken":0,"relics_obtained":["Golden Idol"],"max_hp_gain":0,"max_hp_loss":6,"event_name":"Golden Idol","floor":2,"gold_loss":0},{"damage_healed":0,"gold_gain":0,"player_choice":"Upgraded","damage_taken":0,"max_hp_gain":0,"max_hp_loss":0,"event_name":"Upgrade Shrine","floor":4,"gold_loss":0,"cards_upgraded":["Double Tap"]},{"damage_healed":0,"gold_gain":0,"player_choice":"Got Potions","damage_taken":0,"max_hp_gain":0,"max_hp_loss":0,"event_name":"Lab","floor":14,"gold_loss":0},{"cards_removed":["Body Slam"],"damage_healed":0,"gold_gain":0,"player_choice":"Upgrade and Remove","damage_taken":0,"max_hp_gain":0,"max_hp_loss":0,"event_name":"Designer","floor":19,"gold_loss":90,"cards_upgraded":["Anger"]},{"damage_healed":0,"gold_gain":0,"player_choice":"Fight","damage_taken":0,"max_hp_gain":0,"max_hp_loss":0,"event_name":"Colosseum","floor":21,"gold_loss":0},{"damage_healed":0,"gold_gain":0,"player_choice":"Fought Nobs","damage_taken":0,"max_hp_gain":0,"max_hp_loss":0,"event_name":"Colosseum","floor":21,"gold_loss":0},{"damage_healed":0,"gold_gain":0,"player_choice":"Opened","damage_taken":0,"relics_obtained":["Anchor"],"max_hp_gain":0,"max_hp_loss":0,"event_name":"The Mausoleum","floor":30,"gold_loss":0},{"damage_healed":0,"gold_gain":333,"player_choice":"Gave Idol","damage_taken":0,"max_hp_gain":0,"max_hp_loss":0,"event_name":"The Moai Head","floor":36,"relics_lost":["Golden Idol"],"gold_loss":0},{"damage_healed":0,"gold_gain":0,"player_choice":"Ignored","damage_taken":0,"max_hp_gain":0,"max_hp_loss":0,"event_name":"Tomb of Lord Red Mask","floor":37,"gold_loss":0},{"damage_healed":0,"gold_gain":0,"player_choice":"Fight","damage_taken":0,"max_hp_gain":0,"max_hp_loss":0,"event_name":"MindBloom","floor":39,"gold_loss":0},{"damage_healed":0,"gold_gain":0,"player_choice":"Memory 2","damage_taken":5,"max_hp_gain":0,"max_hp_loss":0,"event_name":"SensoryStone","floor":41,"gold_loss":0},{"cards_removed":["Anger"],"damage_healed":0,"gold_gain":0,"player_choice":"Removed Attack","damage_taken":0,"max_hp_gain":0,"max_hp_loss":0,"event_name":"Falling","floor":46,"gold_loss":0}],"is_beta":false,"boss_relics":[{"not_picked":["Ectoplasm","Sozu"],"picked":"Pandora\u0027s Box"},{"not_picked":["White Beast Statue","Coffee Dripper"],"picked":"Mark of Pain"}],"items_purged_floors":[28],"is_endless":false,"potions_floor_spawned":[1,13,16,21,25,29,33,35,39,42],"ascension_level":0}