{"gold_per_floor":[115,115,135,135,149,176,52,64,91,91,105,105,119,119,119,217,217,229,262,280,195,212,212,212],"floor_reached":24,"playtime":743,"items_purged":[],"score":198,"play_id":"27dabb27-bb72-4630-b05c-a9c07587e4dc","local_time":"20190405003928","is_ascension_mode":false,"campfire_choices":[{"floor":10,"key":"REST"},{"data":"Skewer","floor":12,"key":"SMITH"},{"floor":15,"key":"REST"},{"floor":23,"key":"REST"}],"neow_cost":"NONE","seed_source_timestamp":817194417325590,"circlet_count":0,"master_deck":["Defend_G","Defend_G","Defend_G","Defend_G","Defend_G","Strike_G","Survivor","Neutralize","Backflip","Footwork","Poisoned Stab","Poisoned Stab","Skewer+1","Dagger Spray","Backstab","Deadly Poison","Dash","Accuracy","Grand Finale","Deadly Poison+1","Skewer+1","Backflip","Blur"],"relics":["Ring of the Snake","NeowsBlessing","Blood Vial","Strawberry","Empty Cage","Red Mask","Smiling Mask"],"potions_floor_usage":[16,16,19,19,22,22],"damage_taken":[{"damage":0,"enemies":"Jaw Worm","floor":1,"turns":1},{"damage":0,"enemies":"2 Louse","floor":3,"turns":1},{"damage":0,"enemies":"Cultist","floor":5,"turns":1},{"damage":45,"enemies":"Gremlin Nob","floor":6,"turns":6},{"damage":7,"enemies":"Looter","floor":8,"turns":3},{"damage":10,"enemies":"Exordium Thugs","floor":11,"turns":4},{"damage":11,"enemies":"2 Fungi Beasts","floor":13,"turns":3},{"damage":49,"enemies":"Slime Boss","floor":16,"turns":13},{"damage":0,"enemies":"Spheric Guardian","floor":18,"turns":3},{"damage":15,"enemies":"Masked Bandits","floor":19,"turns":5},{"damage":11,"enemies":"Chosen","floor":20,"turns":4},{"damage":57,"enemies":"3 Cultists","floor":22,"turns":8},{"damage":34,"enemies":"Slavers","floor":24,"turns":3}],"seed_played":"-3375372299008442553","potions_obtained":[{"floor":6,"key":"Fruit Juice"},{"floor":11,"key":"Strength Potion"},{"floor":13,"key":"Block Potion"},{"floor":16,"key":"Weak Potion"},{"floor":18,"key":"Weak Potion"},{"floor":19,"key":"SpeedPotion"}],"is_trial":false,"path_per_floor":["M","?","M","?","M","E","$","M","T","R","M","R","M","?","R","B",null,"M","?","M","?","M","R","E"],"character_chosen":"THE_SILENT","items_purchased":["Skewer","Dagger Spray"],"campfire_rested":3,"item_purchase_floors":[7,7],"current_hp_per_floor":[70,63,63,63,63,18,18,13,20,43,35,35,26,26,49,7,82,82,67,58,58,3,27,0],"gold":212,"neow_bonus":"THREE_ENEMY_KILL","is_prod":false,"is_daily":false,"chose_seed":false,"campfire_upgraded":1,"win_rate":0,"timestamp":1554446368,"path_taken":["M","?","M","?","?","E","$","M","T","R","M","R","M","?","R","BOSS","M","?","M","?","M","R","E"],"build_version":"2019-01-23","purchased_purges":0,"victory":false,"max_hp_per_floor":[70,70,70,70,70,70,70,70,77,77,77,77,77,77,77,82,82,82,82,82,82,82,82,82],"card_choices":[{"not_picked":["Dagger Throw","Outmaneuver"],"picked":"Backflip","floor":1},{"not_picked":["Outmaneuver","Eviscerate"],"picked":"Footwork","floor":3},{"not_picked":["Venomology","Slice"],"picked":"Poisoned Stab","floor":5},{"not_picked":["Adrenaline","Endless Agony"],"picked":"Poisoned Stab","floor":6},{"not_picked":["Flying Knee","Escape Plan"],"picked":"Backstab","floor":8},{"not_picked":["Bouncing Flask","Eviscerate"],"picked":"Deadly Poison","floor":11},{"not_picked":["Acrobatics","Deadly Poison"],"picked":"Dash","floor":13},{"not_picked":["Bullet Time","Night Terror"],"picked":"Grand Finale","floor":16},{"not_picked":["Dagger Throw","Setup"],"picked":"Deadly Poison+1","floor":18},{"not_picked":["Leg Sweep","Flechettes+1"],"picked":"Skewer+1","floor":19},{"not_picked":["Slice","Cloak And Dagger"],"picked":"Backflip","floor":20},{"not_picked":["Dagger Spray","Bane"],"picked":"Blur","floor":22}],"player_experience":179628,"relics_obtained":[{"floor":6,"key":"Blood Vial"},{"floor":9,"key":"Strawberry"},{"floor":19,"key":"Red Mask"}],"event_choices":[{"cards_removed":["Strike_G"],"damage_healed":0,"gold_gain":0,"player_choice":"Card Removal","damage_taken":7,"max_hp_gain":0,"max_hp_loss":0,"event_name":"Golden Wing","floor":2,"gold_loss":0},{"damage_healed":0,"gold_gain":0,"player_choice":"Bought 0 Potions","damage_taken":0,"max_hp_gain":0,"max_hp_loss":0,"event_name":"The Woman in Blue","floor":4,"gold_loss":0},{"damage_healed":0,"gold_gain":0,"cards_transformed":["Strike_G"],"player_choice":"Transformed","damage_taken":0,"max_hp_gain":0,"max_hp_loss":0,"event_name":"Transmorgrifier","floor":14,"gold_loss":0,"cards_obtained":["Accuracy"]},{"damage_healed":0,"gold_gain":0,"player_choice":"Fought Bandits","damage_taken":0,"max_hp_gain":0,"max_hp_loss":0,"event_name":"Masked Bandits","floor":19,"gold_loss":0},{"damage_healed":0,"gold_gain":0,"player_choice":"Obtained Relic","damage_taken":0,"relics_obtained":["Smiling Mask"],"max_hp_gain":0,"max_hp_loss":0,"event_name":"Addict","floor":21,"gold_loss":85}],"is_beta":false,"boss_relics":[{"not_picked":["Ring of the Serpent","WristBlade"],"picked":"Empty Cage"}],"items_purged_floors":[],"is_endless":false,"potions_floor_spawned":[6,11,13,16,18,19],"killed_by":"Slavers","ascension_level":0}