{"gold_per_floor":[115,115,76,151,171,171,210,210,510,510,533,533,567,567,567,697,697,711,735,608,608,623,623,663,686,686,704,727,765,765,804,804,804],"floor_reached":33,"playtime":1654,"items_purged":["Strike_B"],"score":362,"play_id":"0b3aa12e-76df-4ca1-b0f4-34e916c61dc6","local_time":"20190325162042","is_ascension_mode":true,"campfire_choices":[{"data":"Sunder","floor":6.0,"key":"SMITH"},{"data":"Glacier","floor":8.0,"key":"SMITH"},{"data":"Zap","floor":10.0,"key":"SMITH"},{"data":"Dualcast","floor":15.0,"key":"SMITH"},{"data":"FTL","floor":23.0,"key":"SMITH"},{"floor":32,"key":"REST"}],"neow_cost":"NONE","seed_source_timestamp":0,"circlet_count":0,"master_deck":["Defend_B","Defend_B","Defend_B","Defend_B","Zap+1","Dualcast+1","Ball Lightning","Sunder+1","Glacier+1","All For One","Redo+1","Go for the Eyes","FTL+1","Defragment","Gash","Gash","Bite","Bite","Bite","Bite","Bite"],"special_seed":0,"relics":["White Beast Statue","Golden Idol","Pantograph","Old Coin","Bag of Marbles","Nuclear Battery","Gambling Chip","Gremlin Horn","Red Mask","FossilizedHelix"],"potions_floor_usage":[31,31],"damage_taken":[{"damage":16.0,"enemies":"Jaw Worm","floor":1.0,"turns":4.0},{"damage":6.0,"enemies":"2 Louse","floor":5.0,"turns":3.0},{"damage":7.0,"enemies":"Gremlin Nob","floor":7.0,"turns":3.0},{"damage":0.0,"enemies":"Cultist","floor":11.0,"turns":2.0},{"damage":6.0,"enemies":"Lagavulin","floor":13.0,"turns":6.0},{"damage":27.0,"enemies":"Hexaghost","floor":16.0,"turns":11.0},{"damage":2.0,"enemies":"Chosen","floor":18.0,"turns":3.0},{"damage":4.0,"enemies":"Shell Parasite","floor":19.0,"turns":4.0},{"damage":18.0,"enemies":"Snake Plant","floor":22.0,"turns":4.0},{"damage":23.0,"enemies":"Gremlin Leader","floor":24.0,"turns":6.0},{"damage":1.0,"enemies":"Centurion and Healer","floor":25.0,"turns":8.0},{"damage":0.0,"enemies":"3 Cultists","floor":27.0,"turns":4.0},{"damage":13.0,"enemies":"Shelled Parasite and Fungi","floor":28.0,"turns":5.0},{"damage":0.0,"enemies":"Masked Bandits","floor":29.0,"turns":1.0},{"damage":1,"enemies":"Book of Stabbing","floor":31,"turns":5},{"damage":69,"enemies":"Collector","floor":33,"turns":10}],"seed_played":"-8973502981301700878","potions_obtained":[{"floor":1.0,"key":"Poison Potion"},{"floor":5.0,"key":"Fire Potion"},{"floor":7.0,"key":"AttackPotion"},{"floor":11.0,"key":"Swift Potion"},{"floor":13.0,"key":"Swift Potion"},{"floor":16.0,"key":"Strength Potion"},{"floor":18.0,"key":"FearPotion"},{"floor":22.0,"key":"FocusPotion"},{"floor":24.0,"key":"Explosive Potion"},{"floor":25.0,"key":"Block Potion"},{"floor":27.0,"key":"Explosive Potion"},{"floor":29.0,"key":"Poison Potion"},{"floor":31,"key":"Dexterity Potion"}],"is_trial":false,"path_per_floor":["M","?","$","?","M","R","E","R","T","R","M","?","E","?","R","B",null,"M","M","$","?","M","R","E","M","T","M","M","?","?","E","R","B"],"character_chosen":"DEFECT","items_purchased":["Sunder","Go for the Eyes"],"campfire_rested":1,"item_purchase_floors":[3,20],"current_hp_per_floor":[59,41,41,34,28,28,21,21,21,21,21,21,15,15,15,13,75,73,69,69,69,51,51,28,27,27,27,14,14,14,19,34,0],"gold":804,"neow_bonus":"BOSS_RELIC","is_prod":false,"is_daily":false,"chose_seed":false,"campfire_upgraded":5,"win_rate":0,"timestamp":1553548842,"path_taken":["M","?","$","?","?","R","E","R","T","R","M","?","E","?","R","BOSS","M","M","$","?","M","R","E","M","T","M","?","?","?","E","R","BOSS"],"build_version":"2019-01-23","purchased_purges":1,"victory":false,"max_hp_per_floor":[75,75,75,75,75,75,75,75,75,75,75,75,75,75,75,75,75,75,75,75,75,75,75,75,75,75,75,75,75,52,52,52,52],"card_choices":[{"not_picked":["Redo","Force Field"],"picked":"Ball Lightning","floor":1.0},{"not_picked":["Capacitor","Undo","Recycle"],"picked":"SKIP","floor":5.0},{"not_picked":["Sweeping Beam","Coolheaded"],"picked":"Glacier","floor":7.0},{"not_picked":["Stack","Reprogram","Streamline"],"picked":"SKIP","floor":11.0},{"not_picked":["Multi-Cast","Coolheaded","Hologram"],"picked":"SKIP","floor":13.0},{"not_picked":["Thunder Strike","Seek"],"picked":"All For One","floor":16.0},{"not_picked":["Turbo","Gash"],"picked":"Redo","floor":18.0},{"not_picked":["Blizzard+1","Force Field","Capacitor+1"],"picked":"SKIP","floor":19.0},{"not_picked":["Barrage+1","Coolheaded"],"picked":"FTL","floor":22.0},{"not_picked":["Tempest+1","White Noise","Sweeping Beam"],"picked":"SKIP","floor":24.0},{"not_picked":["Ball Lightning","Streamline"],"picked":"Defragment","floor":25.0},{"not_picked":["Fusion","Multi-Cast"],"picked":"Gash","floor":27.0},{"not_picked":["Stack+1","Melter"],"picked":"Gash","floor":28.0},{"not_picked":["Aggregate","Blizzard","Rebound"],"picked":"SKIP","floor":31}],"player_experience":78632,"relics_obtained":[{"floor":7.0,"key":"Pantograph"},{"floor":9.0,"key":"Old Coin"},{"floor":13.0,"key":"Bag of Marbles"},{"floor":24.0,"key":"Gambling Chip"},{"floor":26.0,"key":"Gremlin Horn"},{"floor":29.0,"key":"Red Mask"},{"floor":31,"key":"FossilizedHelix"}],"event_choices":[{"damage_healed":0.0,"max_hp_gain":0.0,"max_hp_loss":0.0,"gold_gain":0.0,"event_name":"Golden Idol","player_choice":"Take Damage","floor":2.0,"gold_loss":0.0,"damage_taken":18.0,"relics_obtained":["Golden Idol"]},{"damage_healed":0.0,"max_hp_gain":0.0,"max_hp_loss":0.0,"gold_gain":75.0,"event_name":"FaceTrader","player_choice":"Touch","floor":4.0,"gold_loss":0.0,"damage_taken":7.0},{"damage_healed":0.0,"max_hp_gain":0.0,"max_hp_loss":0.0,"gold_gain":0.0,"event_name":"Liars Game","player_choice":"Ignored","floor":12.0,"gold_loss":0.0,"damage_taken":0.0},{"damage_healed":0.0,"max_hp_gain":0.0,"max_hp_loss":0.0,"gold_gain":0.0,"event_name":"Dead Adventurer","player_choice":"Searched \u00270\u0027 times","floor":14.0,"gold_loss":0.0,"damage_taken":0.0},{"damage_healed":0.0,"max_hp_gain":0.0,"max_hp_loss":0.0,"gold_gain":0.0,"event_name":"Accursed Blacksmith","player_choice":"Forge","floor":21.0,"gold_loss":0.0,"damage_taken":0.0,"cards_upgraded":["Redo"]},{"damage_healed":0.0,"max_hp_gain":0.0,"max_hp_loss":0.0,"gold_gain":0.0,"event_name":"Masked Bandits","player_choice":"Fought Bandits","floor":29.0,"gold_loss":0.0,"damage_taken":0.0},{"damage_healed":0.0,"max_hp_gain":0.0,"max_hp_loss":23.0,"gold_gain":0.0,"event_name":"Vampires","player_choice":"Became a vampire","floor":30.0,"gold_loss":0.0,"damage_taken":0.0,"cards_obtained":["Bite","Bite","Bite","Bite","Bite"]}],"is_beta":false,"boss_relics":[{"not_picked":["Ectoplasm","Busted Crown"],"picked":"Nuclear Battery"}],"items_purged_floors":[20],"is_endless":false,"potions_floor_spawned":[1,5,7,11,13,16,18,19,22,24,25,27,28,29,31],"killed_by":"Collector","ascension_level":3}