{"gold_per_floor":[112,112,112,15,15,50,50,50,50,50,64,64,83,98,98,98],"floor_reached":16,"playtime":664,"items_purged":[],"score":181,"play_id":"64dde929-c941-4d5b-97de-3d33f2450554","local_time":"20190321080326","is_ascension_mode":true,"campfire_choices":[{"floor":7.0,"key":"REST"},{"floor":10.0,"key":"REST"},{"floor":12,"key":"REST"},{"data":"Mind Blast","floor":15,"key":"SMITH"}],"neow_cost":"TEN_PERCENT_HP_LOSS","seed_source_timestamp":0,"circlet_count":0,"master_deck":["AscendersBane","Strike_B","Strike_B","Strike_B","Defend_B","Defend_B","Defend_B","Defend_B","Zap","Dualcast","Echo Form","Loop","Double Energy","Mind Blast+1","Redo","Stack","Chill","Coolheaded"],"special_seed":0,"relics":["Cracked Core","Question Card","Bottled Tornado","Lantern"],"potions_floor_usage":[],"damage_taken":[{"damage":7.0,"enemies":"Small Slimes","floor":1.0,"turns":3.0},{"damage":50.0,"enemies":"3 Sentries","floor":6.0,"turns":13.0},{"damage":7,"enemies":"Jaw Worm","floor":11,"turns":3},{"damage":2,"enemies":"2 Louse","floor":13,"turns":3},{"damage":6,"enemies":"Blue Slaver","floor":14,"turns":4},{"damage":51,"enemies":"Hexaghost","floor":16,"turns":12}],"seed_played":"576950643501756109","potions_obtained":[{"floor":11,"key":"Energy Potion"}],"is_trial":false,"path_per_floor":["M","?","?","$","T","E","R","?","T","R","M","R","M","M","R","B"],"character_chosen":"DEFECT","items_purchased":["Mind Blast"],"campfire_rested":3,"item_purchase_floors":[4],"current_hp_per_floor":[57,57,57,57,57,7,26,26,26,45,38,57,55,49,49,0],"gold":98,"neow_bonus":"THREE_RARE_CARDS","is_prod":false,"is_daily":false,"chose_seed":false,"campfire_upgraded":1,"win_rate":0,"timestamp":1553173406,"path_taken":["M","?","?","?","?","E","R","?","T","R","M","R","M","?","R","BOSS"],"build_version":"2019-01-23","purchased_purges":0,"victory":false,"max_hp_per_floor":[64,64,64,64,64,64,64,64,64,64,64,64,64,64,64,64],"card_choices":[{"not_picked":["Seek","Meteor Strike"],"picked":"Echo Form","floor":0.0},{"not_picked":["Redo","Streamline"],"picked":"Loop","floor":1.0},{"not_picked":["Streamline","Gash","Static Discharge"],"picked":"Redo","floor":6.0},{"not_picked":["Rebound","Beam Cell","Sweeping Beam"],"picked":"Stack","floor":11},{"not_picked":["Barrage","Ball Lightning","Reboot"],"picked":"Chill","floor":13},{"not_picked":["Defragment","White Noise","Go for the Eyes"],"picked":"Coolheaded","floor":14}],"player_experience":763937,"relics_obtained":[{"floor":5.0,"key":"Question Card"},{"floor":6.0,"key":"Bottled Tornado"},{"floor":9.0,"key":"Lantern"}],"event_choices":[{"damage_healed":0.0,"max_hp_gain":0.0,"max_hp_loss":0.0,"gold_gain":0.0,"cards_transformed":["Strike_B"],"event_name":"Living Wall","player_choice":"Change","floor":2.0,"gold_loss":0.0,"damage_taken":0.0,"cards_obtained":["Double Energy"]},{"damage_healed":0.0,"max_hp_gain":0.0,"max_hp_loss":0.0,"gold_gain":0.0,"event_name":"Scrap Ooze","player_choice":"Fled","floor":3.0,"gold_loss":0.0,"damage_taken":0.0},{"damage_healed":0.0,"max_hp_gain":0.0,"max_hp_loss":0.0,"gold_gain":0.0,"event_name":"Shining Light","player_choice":"Ignored","floor":8.0,"gold_loss":0.0,"damage_taken":0.0}],"is_beta":false,"boss_relics":[],"items_purged_floors":[],"is_endless":false,"potions_floor_spawned":[11],"killed_by":"Hexaghost","ascension_level":17}