{"gold_per_floor":[117,129,49,63,63,96,96,131,131,131,97,62,93,93,93,188,188,203,223,59,76],"floor_reached":21,"playtime":34566,"items_purged":[],"score":217,"play_id":"5d15802a-4837-474b-bd49-3fa79a80aea3","local_time":"20181107214600","is_ascension_mode":true,"campfire_choices":[{"data":"Rampage","floor":15,"key":"SMITH"}],"neow_cost":"NONE","seed_source_timestamp":468170375023240,"circlet_count":0,"master_deck":["Strike_R","Strike_R","Strike_R","Strike_R","Defend_R","Defend_R","Defend_R","Defend_R","Bash","Rampage","Battle Trance","Rampage","Rampage+1","Flex","Anger","Inflame+1","Flex","Berserk+1","Headbutt","Thunderclap","Perfected Strike","Flame Barrier","Feed"],"relics":["Burning Blood","NeowsBlessing","Mummified Hand","Frozen Egg 2","Ornamental Fan","Omamori","Mercury Hourglass","Champion Belt","Prayer Wheel","Runic Pyramid"],"potions_floor_usage":[8,13,13,18],"damage_taken":[{"damage":0,"enemies":"2 Louse","floor":1,"turns":1},{"damage":0,"enemies":"Cultist","floor":2,"turns":1},{"damage":0,"enemies":"Small Slimes","floor":4,"turns":1},{"damage":44,"enemies":"3 Sentries","floor":6,"turns":7},{"damage":6,"enemies":"Gremlin Nob","floor":8,"turns":3},{"damage":1,"enemies":"3 Sentries","floor":13,"turns":4},{"damage":32,"enemies":"Hexaghost","floor":16,"turns":6},{"damage":19,"enemies":"2 Thieves","floor":18,"turns":3},{"damage":26,"enemies":"Spheric Guardian","floor":19,"turns":4},{"damage":28,"enemies":"Chosen and Byrds","floor":21,"turns":4}],"seed_played":"-2046346156880490410","potions_obtained":[{"floor":1,"key":"EssenceOfSteel"},{"floor":2,"key":"AttackPotion"},{"floor":6,"key":"EssenceOfSteel"},{"floor":16,"key":"Block Potion"},{"floor":18,"key":"Dexterity Potion"}],"is_trial":false,"path_per_floor":["M","M","?","M","$","E","T","E","T","?","$","?","E","?","R","B",null,"M","M","$","M"],"character_chosen":"IRONCLAD","items_purchased":["Inflame+1","Feed"],"campfire_rested":0,"item_purchase_floors":[11,20],"current_hp_per_floor":[80,80,80,80,80,42,42,42,42,42,42,62,67,67,67,41,80,67,47,47,28],"gold":76,"neow_bonus":"THREE_ENEMY_KILL","is_prod":false,"is_daily":false,"chose_seed":false,"campfire_upgraded":1,"win_rate":0,"timestamp":1541648760,"path_taken":["M","M","?","?","$","E","?","E","T","?","$","?","E","?","R","BOSS","M","M","$","M"],"build_version":"2018-11-01","purchased_purges":0,"victory":false,"max_hp_per_floor":[80,80,80,80,80,80,80,80,80,80,80,80,80,80,80,80,80,80,80,80,83],"card_choices":[{"not_picked":["Sentinel","Pommel Strike"],"picked":"Rampage","floor":1},{"not_picked":["Iron Wave","Twin Strike"],"picked":"Battle Trance","floor":2},{"not_picked":["Wild Strike","Infernal Blade"],"picked":"Rampage","floor":4},{"not_picked":["Juggernaut","Corruption"],"picked":"Rampage","floor":6},{"not_picked":["Bloodletting","Warcry"],"picked":"Flex","floor":8},{"not_picked":["Body Slam","Barricade+1"],"picked":"Flex","floor":13},{"not_picked":["Dark Embrace+1","Limit Break"],"picked":"Berserk+1","floor":16},{"not_picked":["Heavy Blade","Thunderclap"],"picked":"Headbutt","floor":18},{"not_picked":["Clash","Burning Pact"],"picked":"Thunderclap","floor":18},{"not_picked":["Feel No Pain+1","Hemokinesis"],"picked":"Perfected Strike","floor":19},{"not_picked":["True Grit+1","Clash"],"picked":"Flame Barrier","floor":19}],"player_experience":323128,"relics_obtained":[{"floor":6,"key":"Frozen Egg 2"},{"floor":7,"key":"Ornamental Fan"},{"floor":8,"key":"Omamori"},{"floor":9,"key":"Mercury Hourglass"},{"floor":13,"key":"Champion Belt"}],"event_choices":[{"damage_healed":0,"gold_gain":0,"player_choice":"Paid Gold","damage_taken":0,"relics_obtained":["Mummified Hand"],"max_hp_gain":0,"max_hp_loss":0,"event_name":"WeMeetAgain","floor":3,"gold_loss":80},{"damage_healed":0,"gold_gain":0,"cards_transformed":["Strike_R"],"player_choice":"Change","damage_taken":0,"max_hp_gain":0,"max_hp_loss":0,"event_name":"Living Wall","floor":10,"gold_loss":0,"cards_obtained":["Anger"]},{"damage_healed":20,"gold_gain":0,"player_choice":"Healed","damage_taken":0,"max_hp_gain":0,"max_hp_loss":0,"event_name":"The Cleric","floor":12,"gold_loss":35},{"damage_healed":0,"gold_gain":0,"player_choice":"Box","damage_taken":0,"relics_obtained":["Prayer Wheel"],"max_hp_gain":0,"max_hp_loss":0,"event_name":"Big Fish","floor":14,"gold_loss":0,"cards_obtained":["Regret"]}],"is_beta":false,"boss_relics":[{"not_picked":["Sozu","White Beast Statue"],"picked":"Runic Pyramid"}],"items_purged_floors":[],"is_endless":false,"potions_floor_spawned":[1,2,6,16,18],"killed_by":"Chosen and Byrds","ascension_level":2}