{"gold_per_floor":[10,24,41,7,7,40,62,108,146,158,198,210,233,265,277,391,403,431,542,554,576,608,654,676,688,700,712],"floor_reached":27,"playtime":2289,"items_purged":[],"score":306,"play_id":"1b7f8351-46e7-4c2f-a207-cf369b456ffe","local_time":"20190318211311","is_ascension_mode":true,"campfire_choices":[{"floor":10,"key":"REST"},{"floor":15,"key":"REST"}],"neow_cost":"NO_GOLD","seed_source_timestamp":3574217198875,"circlet_count":0,"master_deck":["Strike_R","Strike_R","Strike_R","Strike_R","Strike_R","Defend_R","Defend_R","Defend_R","Defend_R","Bash","Shrug It Off","Infernal Blade","Infernal Blade","Impervious","Rage","Intimidate","Bludgeon","Rage","Rampage","Anger","Double Tap","Bloodletting","Flex","Inflame","Dark Embrace","Carnage","Doubt"],"relics":["Burning Blood","MawBank","Ancient Tea Set","Potion Belt","Boot","Bag of Marbles","Cursed Key","WarpedTongs","Blood Vial","Matryoshka"],"potions_floor_usage":[6,11,23,24,27,27],"damage_taken":[{"damage":1,"enemies":"Cultist","floor":1,"turns":4},{"damage":3,"enemies":"2 Louse","floor":2,"turns":4},{"damage":0,"enemies":"Small Slimes","floor":3,"turns":3},{"damage":24,"enemies":"Lagavulin","floor":6,"turns":8},{"damage":11,"enemies":"Looter","floor":7,"turns":3},{"damage":22,"enemies":"Gremlin Nob","floor":8,"turns":5},{"damage":13,"enemies":"Lagavulin","floor":11,"turns":6},{"damage":4,"enemies":"2 Fungi Beasts","floor":13,"turns":4},{"damage":2,"enemies":"Exordium Thugs","floor":14,"turns":4},{"damage":62,"enemies":"Slime Boss","floor":16,"turns":12},{"damage":10,"enemies":"3 Byrds","floor":18,"turns":6},{"damage":0,"enemies":"Spheric Guardian","floor":21,"turns":2},{"damage":29,"enemies":"3 Cultists","floor":22,"turns":6},{"damage":43,"enemies":"Book of Stabbing","floor":23,"turns":6},{"damage":27,"enemies":"Centurion and Healer","floor":24,"turns":6},{"damage":20,"enemies":"Slavers","floor":27,"turns":3}],"seed_played":"-6835101559418034867","potions_obtained":[{"floor":1,"key":"Strength Potion"},{"floor":2,"key":"SpeedPotion"},{"floor":6,"key":"SpeedPotion"},{"floor":13,"key":"Poison Potion"},{"floor":21,"key":"EssenceOfSteel"},{"floor":23,"key":"Fire Potion"}],"is_trial":false,"path_per_floor":["M","$","?","M","?","?","?","M","?"],"character_chosen":"IRONCLAD","items_purchased":["Infernal Blade"],"campfire_rested":2,"item_purchase_floors":[4],"current_hp_per_floor":[96,96,96,96,96,78,73,57,57,85,78,66,68,72,96,40,96,92,92,92,96,73,36,17,17,17,0],"gold":712,"neow_bonus":"TWENTY_PERCENT_HP_BONUS","is_prod":false,"is_daily":false,"chose_seed":false,"campfire_upgraded":0,"win_rate":0,"timestamp":1552939991,"path_taken":["M","?","M","?","?","E","?","E","T","R","E","?","M","M","R","BOSS","M","?","?","M","?","E","M","?","T","E"],"build_version":"2019-01-23","purchased_purges":0,"victory":false,"max_hp_per_floor":[96,96,96,96,96,96,96,96,96,96,96,96,96,96,96,96,96,96,96,96,96,96,96,96,96,96,96],"card_choices":[{"not_picked":["Blood for Blood","True Grit"],"picked":"Shrug It Off","floor":1},{"not_picked":["Body Slam","Spot Weakness"],"picked":"Infernal Blade","floor":2},{"not_picked":["Havoc","Searing Blow","Second Wind"],"picked":"SKIP","floor":3},{"not_picked":["True Grit","Sentinel"],"picked":"Rage","floor":6},{"not_picked":["Burning Pact","Cleave"],"picked":"Intimidate","floor":7},{"not_picked":["Spot Weakness","Flex"],"picked":"Bludgeon","floor":8},{"not_picked":["Flame Barrier","Searing Blow"],"picked":"Rage","floor":11},{"not_picked":["True Grit","Cleave"],"picked":"Rampage","floor":13},{"not_picked":["Cleave","Pommel Strike"],"picked":"Anger","floor":14},{"not_picked":["Reaper","Impervious"],"picked":"Double Tap","floor":16},{"not_picked":["Flame Barrier","Twin Strike"],"picked":"Bloodletting","floor":18},{"not_picked":["Anger","Sword Boomerang"],"picked":"Flex","floor":21},{"not_picked":["Sever Soul","Hemokinesis+1"],"picked":"Inflame","floor":22},{"not_picked":["Havoc","Anger"],"picked":"Dark Embrace","floor":23},{"not_picked":["Thunderclap","Combust"],"picked":"Carnage","floor":24}],"player_experience":122815,"relics_obtained":[{"floor":6,"key":"MawBank"},{"floor":8,"key":"Ancient Tea Set"},{"floor":9,"key":"Potion Belt"},{"floor":11,"key":"Boot"},{"floor":23,"key":"Blood Vial"},{"floor":26,"key":"Matryoshka"}],"event_choices":[{"damage_healed":0,"gold_gain":0,"player_choice":"1 cards matched","damage_taken":0,"max_hp_gain":0,"max_hp_loss":0,"event_name":"Match and Keep!","floor":5,"gold_loss":0,"cards_obtained":["Impervious"]},{"damage_healed":0,"gold_gain":0,"player_choice":"Success","damage_taken":12,"relics_obtained":["Bag of Marbles"],"max_hp_gain":0,"max_hp_loss":0,"event_name":"Scrap Ooze","floor":12,"gold_loss":0},{"damage_healed":0,"gold_gain":99,"player_choice":"Stole From Cult","damage_taken":0,"max_hp_gain":0,"max_hp_loss":0,"event_name":"Nest","floor":19,"gold_loss":0},{"damage_healed":0,"gold_gain":0,"player_choice":"Rummage","damage_taken":0,"relics_obtained":["WarpedTongs"],"max_hp_gain":0,"max_hp_loss":0,"event_name":"Accursed Blacksmith","floor":20,"gold_loss":0,"cards_obtained":["Pain"]},{"cards_removed":["Pain"],"damage_healed":0,"gold_gain":0,"player_choice":"Card Removal","damage_taken":0,"max_hp_gain":0,"max_hp_loss":0,"event_name":"Wheel of Change","floor":25,"gold_loss":0}],"is_beta":false,"boss_relics":[{"not_picked":["Calling Bell","Runic Dome"],"picked":"Cursed Key"}],"items_purged_floors":[],"is_endless":false,"potions_floor_spawned":[1,2,6,13,21,23],"killed_by":"Slavers","ascension_level":2}