{"gold_per_floor":[14,27,27,47,6,6,6,6,6,36,52,64,129,129,129,224,224,240,49,0,18,18,51,51,63,140,190],"floor_reached":27,"playtime":1424,"items_purged":[],"score":231,"play_id":"978e21fb-5f4d-4c1e-acbc-7fab0762667d","local_time":"20180706145147","is_ascension_mode":false,"campfire_choices":[{"data":"Footwork","floor":6,"key":"SMITH"},{"data":"Flechettes","floor":8,"key":"SMITH"},{"data":"Neutralize","floor":15,"key":"SMITH"},{"floor":24,"key":"REST"}],"neow_cost":"NO_GOLD","seed_source_timestamp":395554886715213,"circlet_count":0,"master_deck":["Defend_G","Defend_G","Defend_G","Defend_G","Strike_G","Strike_G","Strike_G","Strike_G","Survivor","Neutralize+1","Flechettes+1","Dagger Throw","Flying Knee","Footwork+1","Deadly Poison+1","Corpse Explosion+1","Deadly Poison+1","Acrobatics+1","Burst+1","Injury","Doubt","Writhe","Acrobatics+1","Panache","Footwork+1","Bane","Deflect+1"],"relics":["Ring of the Snake","Anchor","Pantograph","Toxic Egg 2","Orichalcum","Calling Bell","Oddly Smooth Stone","Question Card","Peace Pipe","SsserpentHead","Happy Flower","Letter Opener"],"potions_floor_usage":[18,18],"damage_taken":[{"damage":1,"enemies":"Cultist","floor":1,"turns":4},{"damage":1,"enemies":"2 Louse","floor":2,"turns":2},{"damage":0,"enemies":"Small Slimes","floor":4,"turns":4},{"damage":16,"enemies":"Lagavulin","floor":10,"turns":12},{"damage":0,"enemies":"2 Fungi Beasts","floor":11,"turns":3},{"damage":0,"enemies":"3 Louse","floor":12,"turns":3},{"damage":13,"enemies":"Gremlin Nob","floor":13,"turns":4},{"damage":33,"enemies":"Slime Boss","floor":16,"turns":10},{"damage":5,"enemies":"Chosen","floor":18,"turns":5},{"damage":27,"enemies":"2 Thieves","floor":21,"turns":5},{"damage":24,"enemies":"Slavers","floor":23,"turns":4},{"damage":12,"enemies":"Cultist and Chosen","floor":25,"turns":6},{"damage":27,"enemies":"Snecko","floor":27,"turns":5}],"seed_played":"4322150732346788397","potions_obtained":[{"floor":1,"key":"Swift Potion"},{"floor":10,"key":"Ancient Potion"},{"floor":13,"key":"Ancient Potion"},{"floor":25,"key":"Strength Potion"}],"is_trial":false,"path_per_floor":["M","M","?","M","$","R","?","R","T","E","M","M","?","?","R","B",null,"M","$","?","M","?","E","R","M","T"],"character_chosen":"THE_SILENT","items_purchased":["Footwork","Panache"],"campfire_rested":1,"item_purchase_floors":[5,19],"current_hp_per_floor":[69,68,68,68,68,68,61,61,61,45,45,45,32,70,70,37,70,65,65,65,38,38,14,35,23,23,0],"gold":190,"neow_bonus":"REMOVE_TWO","is_prod":false,"is_daily":false,"chose_seed":false,"campfire_upgraded":3,"win_rate":0,"timestamp":1530910307,"path_taken":["M","M","?","M","$","R","?","R","T","E","M","?","?","?","R","BOSS","M","$","?","?","?","E","R","M","T","?"],"build_version":"2018-07-05","purchased_purges":0,"victory":false,"max_hp_per_floor":[70,70,70,70,70,70,70,70,70,70,70,70,70,70,70,70,70,70,70,70,70,70,70,70,70,70,70],"card_choices":[{"not_picked":["Heel Hook","Deflect"],"picked":"Flechettes","floor":1},{"not_picked":["Slice","Flechettes"],"picked":"Dagger Throw","floor":2},{"not_picked":["Cloak And Dagger","Prepared"],"picked":"Flying Knee","floor":4},{"not_picked":["Heel Hook","Reflex"],"picked":"Deadly Poison","floor":10},{"not_picked":["Flying Knee","Bane"],"picked":"Corpse Explosion+1","floor":11},{"not_picked":["Expertise+1","Sucker Punch"],"picked":"Deadly Poison+1","floor":12},{"not_picked":["Deadly Poison+1","Prepared+1"],"picked":"Acrobatics+1","floor":13},{"not_picked":["Venomology+1","Wraith Form v2"],"picked":"Burst+1","floor":16},{"not_picked":["Caltrops","PiercingWail+1","Bane"],"picked":"Acrobatics+1","floor":18},{"not_picked":["Acrobatics+1","Well Laid Plans+1","Deadly Poison+1"],"picked":"Footwork+1","floor":21},{"not_picked":["Flechettes","Terror+1","Masterful Stab"],"picked":"Bane","floor":23},{"not_picked":["Acrobatics+1","Unload","Calculated Gamble+1"],"picked":"Deflect+1","floor":25}],"player_experience":72333,"relics_obtained":[{"floor":9,"key":"Pantograph"},{"floor":10,"key":"Toxic Egg 2"},{"floor":13,"key":"Orichalcum"},{"floor":17,"key":"Oddly Smooth Stone"},{"floor":17,"key":"Question Card"},{"floor":17,"key":"Peace Pipe"},{"floor":23,"key":"Happy Flower"},{"floor":26,"key":"Letter Opener"}],"event_choices":[{"event_name":"Big Fish","player_choice":"Box","floor":3,"damage_taken":0},{"event_name":"Golden Wing","player_choice":"Card Removal","floor":7,"damage_taken":0},{"event_name":"Dead Adventurer","player_choice":"Searched \u00272\u0027 times","floor":13,"damage_taken":0},{"event_name":"Wheel of Change","player_choice":"Full Heal","floor":14,"damage_taken":0},{"event_name":"Masked Bandits","player_choice":"Paid Bandits 49 gold","floor":20,"damage_taken":0},{"event_name":"FaceTrader","player_choice":"Trade","floor":22,"damage_taken":0}],"boss_relics":[{"not_picked":["Sozu","Philosopher\u0027s Stone"],"picked":"Calling Bell"}],"items_purged_floors":[],"is_endless":false,"potions_floor_spawned":[1,10,13,25],"killed_by":"Snecko","ascension_level":0}