{"path_per_floor":["M","?","M","?","M","E","R","M","T","R","E","?","R","E","R","B",null,"M","?","?","M","$","E","R","E","T","R","M","M","E","?","R","B",null,"M","$","?","?","?","R","E","R","T","$","?","E","R","M","R","B"],"character_chosen":"THE_SILENT","items_purchased":["Kunai","Accuracy","Regen Potion","Infinite Blades","Ice Cream","Blade Dance","Backflip","Accuracy","Strength Potion"],"gold_per_floor":[115,115,131,131,144,169,169,189,267,267,301,301,301,327,327,431,431,441,441,467,487,71,106,106,133,209,209,221,239,271,271,271,367,367,380,244,466,517,517,517,546,546,546,35,35,69,69,87,87,87],"floor_reached":51,"campfire_rested":5,"playtime":3471,"current_hp_per_floor":[70,63,63,63,63,17,44,43,43,49,37,37,43,41,47,46,70,60,60,28,28,28,28,36,17,17,46,43,31,14,14,43,43,72,62,62,62,42,42,52,52,62,62,62,53,4,37,37,70,28],"items_purged":["Strike_G","Strike_G"],"gold":87,"score":996,"play_id":"d8e64195-48a8-469a-a7a4-65f31affc2e6","local_time":"20180317052724","is_prod":false,"is_daily":false,"is_ascension_mode":true,"campfire_upgraded":6,"timestamp":1521289644,"path_taken":["M","?","M","?","?","E","R","M","T","R","E","?","R","E","R","BOSS","M","?","?","M","$","E","R","E","T","R","M","M","E","?","R","BOSS","M","$","?","?","?","R","E","R","T","$","?","E","R","M","R","BOSS"],"build_version":"2018-03-16","purchased_purges":3,"victory":true,"master_deck":["Defend_G","Defend_G","Defend_G","Defend_G","Defend_G","Survivor","Neutralize+1","Flying Knee","Blur","Cloak And Dagger+1","Backflip","Blade Dance+1","Backstab","After Image+1","Tools of the Trade","Outmaneuver+1","Noxious Fumes","Noxious Fumes+1","Accuracy","Slice","Dodge and Roll+1","A Thousand Cuts+1","Quick Slash","Adrenaline+1","Cloak And Dagger+1","Backflip+1","Slice+1","Blade Dance+1","Backflip+1","Accuracy+1","Madness+1","Madness+1","Backflip+1","Backflip+1"],"max_hp_per_floor":[70,70,70,70,70,70,70,70,70,70,70,70,70,70,70,70,70,70,70,70,70,70,70,70,70,70,70,70,70,72,72,72,72,72,72,72,72,72,72,72,72,72,72,72,72,72,72,72,72,72],"relics":["Eternal Feather","Pen Nib","Mercury Hourglass","Oddly Smooth Stone","Art of War","Philosopher\u0027s Stone","Red Mask","Kunai","Gambling Chip","Singing Bowl","Toxic Egg 2","Shovel","Runic Pyramid","Ginger","Frozen Egg 2","Bottled Lightning","Ice Cream","Vajra"],"card_choices":[{"not_picked":["Dodge and Roll","Acrobatics"],"picked":"Flying Knee"},{"not_picked":["Leg Sweep","Poisoned Stab"],"picked":"Blur"},{"not_picked":["Dash","Slice"],"picked":"Cloak And Dagger"},{"not_picked":["Blur","Deflect"],"picked":"Backflip"},{"not_picked":["Prepared","Slice"],"picked":"Blade Dance"},{"not_picked":["Flechettes","Malaise"],"picked":"Backstab"},{"not_picked":["Dagger Throw","Die Die Die"],"picked":"After Image"},{"not_picked":["Grand Finale","Phantasmal Killer"],"picked":"Tools of the Trade"},{"not_picked":["Deadly Poison","Dagger Spray"],"picked":"Outmaneuver"},{"not_picked":["Outmaneuver","Catalyst"],"picked":"Noxious Fumes"},{"not_picked":["Quick Slash","Concentrate"],"picked":"Noxious Fumes"},{"not_picked":["Distraction","Prepared"],"picked":"Slice"},{"not_picked":["Bane","Poisoned Stab"],"picked":"Dodge and Roll"},{"not_picked":["Distraction","Setup"],"picked":"A Thousand Cuts"},{"not_picked":["Poisoned Stab","Acrobatics"],"picked":"Quick Slash"},{"not_picked":["Grand Finale","Venomology"],"picked":"Adrenaline"},{"not_picked":["Infinite Blades","Underhanded Strike"],"picked":"Cloak And Dagger"},{"not_picked":["Noxious Fumes","Eviscerate"],"picked":"Backflip"},{"not_picked":["Deadly Poison","Poisoned Stab"],"picked":"Slice"},{"not_picked":["Prepared","Heel Hook"],"picked":"Backflip"},{"not_picked":["Prepared","Poisoned Stab"],"picked":"Backflip"}],"player_experience":149190,"potions_floor_usage":[6,14,16,18,21,23,23,25,50,50],"damage_taken":[{"damage":0,"enemies":"2 Louse","floor":1,"turns":3},{"damage":0,"enemies":"Jaw Worm","floor":3,"turns":5},{"damage":0,"enemies":"Cultist","floor":5,"turns":4},{"damage":46,"enemies":"Gremlin Nob","floor":6,"turns":6},{"damage":1,"enemies":"Looter","floor":8,"turns":5},{"damage":12,"enemies":"3 Sentries","floor":11,"turns":7},{"damage":2,"enemies":"Lagavulin","floor":14,"turns":7},{"damage":1,"enemies":"The Guardian","floor":16,"turns":15},{"damage":10,"enemies":"2 Thieves","floor":18,"turns":5},{"damage":32,"enemies":"Masked Bandits","floor":20,"turns":7},{"damage":0,"enemies":"Spheric Guardian","floor":21,"turns":4},{"damage":15,"enemies":"Gremlin Leader","floor":23,"turns":8},{"damage":19,"enemies":"Book of Stabbing","floor":25,"turns":7},{"damage":3,"enemies":"Snecko","floor":28,"turns":6},{"damage":12,"enemies":"Sentry and Sphere","floor":29,"turns":6},{"damage":19,"enemies":"Gremlin Leader","floor":30,"turns":7},{"damage":0,"enemies":"Champ","floor":33,"turns":12},{"damage":10,"enemies":"Flame Bruiser 1 Orb","floor":35,"turns":7},{"damage":20,"enemies":"Mysterious Sphere","floor":38,"turns":7},{"damage":0,"enemies":"Nemesis","floor":41,"turns":8},{"damage":49,"enemies":"2 Orb Walkers","floor":46,"turns":5},{"damage":0,"enemies":"Orb Walker","floor":48,"turns":4},{"damage":42,"enemies":"Awakened One","floor":50,"turns":11}],"event_choices":[{"event_name":"Golden Wing","player_choice":"Card Removal","floor":2,"damage_taken":0},{"event_name":"Liars Game","player_choice":"disagreed","floor":4,"damage_taken":0},{"event_name":"Purifier","player_choice":"One Purge","floor":12,"damage_taken":0},{"event_name":"The Woman in Blue","player_choice":"Bought 0 Potions","floor":19,"damage_taken":0},{"event_name":"Masked Bandits","player_choice":"Fought over 441 gold","floor":20,"damage_taken":0},{"event_name":"Purifier","player_choice":"One Purge","floor":31,"damage_taken":0},{"event_name":"Tomb of Lord Red Mask","player_choice":"Wore Mask","floor":37,"damage_taken":0},{"event_name":"Mysterious Sphere","player_choice":"Fight","floor":38,"damage_taken":0},{"event_name":"Winding Halls","player_choice":"Embrace Madness","floor":45,"damage_taken":0}],"boss_relics":[{"not_picked":["Question Card","Ectoplasm"],"picked":"Philosopher\u0027s Stone"},{"not_picked":["Pandora\u0027s Box","White Beast Statue"],"picked":"Runic Pyramid"}],"potions_floor_spawned":[3,8,11,14,20,21,23,28,30,48],"seed_played":"8200442693769805101","ascension_level":3,"is_trial":false}