{"path_per_floor":["M","?","?","M","$","E","R","?","T","E","$","E","M","E","R","B",null,"M","M","?","M","M","E","R","M","T","M","M","M","R","M","R","B",null,"M","?","M","M","$","E","?","M","T","M","M","M","R","M","R"],"character_chosen":"IRONCLAD","items_purchased":["Burning Pact","Membership Card"],"gold_per_floor":[109,109,109,125,50,79,79,79,79,113,13,38,55,380,380,482,482,494,512,512,531,541,576,576,588,618,631,647,667,667,679,679,780,780,799,799,813,832,428,459,0,20,20,33,51,67,67,78,78],"floor_reached":50,"campfire_rested":7,"playtime":3272,"current_hp_per_floor":[79,85,85,81,81,38,63,67,67,58,58,56,58,33,60,53,93,79,74,58,48,54,22,49,31,37,28,27,27,56,51,80,35,99,99,105,101,101,101,53,53,29,35,36,24,44,77,64,97],"items_purged":["Strike_R","Strike_R","Strike_R"],"gold":78,"score":580,"play_id":"a7aa3d1a-d13c-4eb3-8bcf-a0b805dfaeb6","is_prod":false,"is_daily":false,"is_ascension_mode":false,"campfire_upgraded":0,"path_taken":["M","?","?","?","?","E","R","?","T","E","$","E","M","E","R","BOSS","M","?","?","M","M","E","R","M","T","M","M","M","R","M","R","BOSS","M","?","M","M","$","E","?","?","T","M","M","M","R","M","R","BOSS"],"build_version":"2018-02-08-PROD1","purchased_purges":4,"victory":false,"master_deck":["Strike_R","Strike_R","Defend_R","Defend_R","Defend_R","Defend_R","Bash","Pommel Strike","Iron Wave","Metallicize","Immolate","Power Through","Infernal Blade","Dark Embrace","Armaments","Demon Form","Second Wind","Flex+1","Evolve+1","Power Through+1","Clumsy","Disarm","Iron Wave","Juggernaut+1","Heavy Blade+1","Normality","Sentinel+1","Shrug It Off+1","Burning Pact","Infernal Blade+1","Evolve+1","Injury","Burning Pact+1","Pummel+1","Flame Barrier+1","Pommel Strike"],"max_hp_per_floor":[80,86,86,86,86,86,86,93,93,93,93,93,93,93,93,93,93,93,93,93,93,93,93,93,93,99,99,99,99,99,99,99,99,99,99,105,105,105,105,105,105,105,111,111,111,111,111,111,111],"relics":["Burning Blood","Anchor","Darkstone Periapt","Vajra","Strawberry","Dodecahedron","Du-Vu Doll","Unceasing Top","Old Coin","Cursed Key","Enchiridion","Frozen Egg 2","Tiny Chest","Mark of Pain","Calipers","Membership Card","Ancient Tea Set","Red Mask","Bird Faced Urn"],"card_choices":[{"not_picked":["Reckless Charge","Combust"],"picked":"Pommel Strike"},{"not_picked":["Clash","Anger"],"picked":"Iron Wave"},{"not_picked":["Flex","Warcry"],"picked":"Metallicize"},{"not_picked":["Hemokinesis","Dual Wield"],"picked":"Immolate"},{"not_picked":["Hemokinesis","True Grit"],"picked":"Power Through"},{"not_picked":["Sword Boomerang","Battle Trance"],"picked":"Infernal Blade"},{"not_picked":["Berserk","Offering"],"picked":"Dark Embrace"},{"not_picked":["Sword Boomerang","Havoc"],"picked":"Armaments"},{"not_picked":["Flex","Pommel Strike"],"picked":"Demon Form"},{"not_picked":["Feel No Pain","Sword Boomerang"],"picked":"Second Wind"},{"not_picked":["True Grit","Iron Wave"],"picked":"Flex"},{"not_picked":["Shrug It Off","Flame Barrier"],"picked":"Evolve"},{"not_picked":["Heavy Blade","Anger"],"picked":"Power Through"},{"not_picked":["Shockwave","Dual Wield"],"picked":"Disarm"},{"not_picked":["Heavy Blade","Wild Strike"],"picked":"Iron Wave"},{"not_picked":["Dark Embrace","Bludgeon"],"picked":"Juggernaut"},{"not_picked":["Corruption","Body Slam"],"picked":"Heavy Blade"},{"not_picked":["Heavy Blade","Blood for Blood"],"picked":"Sentinel"},{"not_picked":["Iron Wave","Sword Boomerang"],"picked":"Shrug It Off"},{"not_picked":["Havoc","Anger"],"picked":"Infernal Blade"},{"not_picked":["Combust","Infernal Blade"],"picked":"Evolve"},{"not_picked":["Shockwave","Warcry"],"picked":"Burning Pact"},{"not_picked":["Armaments","Clash"],"picked":"Pummel"},{"not_picked":["Shockwave","Body Slam"],"picked":"Flame Barrier"},{"not_picked":["Thunderclap","True Grit"],"picked":"Pommel Strike"}],"player_experience":64976,"potions_floor_usage":[16,16,16,21,23,27,33,33,33,40,40,44,45,50],"damage_taken":[{"damage":7,"enemies":"Jaw Worm","floor":1,"turns":4},{"damage":10,"enemies":"Small Slimes","floor":4,"turns":3},{"damage":49,"enemies":"Lagavulin","floor":6,"turns":8},{"damage":15,"enemies":"Gremlin Nob","floor":10,"turns":5},{"damage":8,"enemies":"3 Sentries","floor":12,"turns":6},{"damage":4,"enemies":"Blue Slaver","floor":13,"turns":3},{"damage":31,"enemies":"Lagavulin","floor":14,"turns":7},{"damage":13,"enemies":"Slime Boss","floor":16,"turns":8},{"damage":20,"enemies":"Shell Parasite","floor":18,"turns":8},{"damage":11,"enemies":"3 Byrds","floor":19,"turns":8},{"damage":16,"enemies":"Snake Plant","floor":21,"turns":5},{"damage":0,"enemies":"Snecko","floor":22,"turns":6},{"damage":38,"enemies":"Slavers","floor":23,"turns":6},{"damage":24,"enemies":"3 Cultists","floor":25,"turns":5},{"damage":15,"enemies":"Slaver and Parasite","floor":27,"turns":8},{"damage":7,"enemies":"Snecko","floor":28,"turns":5},{"damage":6,"enemies":"Snake Plant","floor":29,"turns":4},{"damage":11,"enemies":"Centurion and Healer","floor":31,"turns":7},{"damage":51,"enemies":"Collector","floor":33,"turns":11},{"damage":1,"enemies":"3 Shapes","floor":35,"turns":6},{"damage":10,"enemies":"3 Darklings","floor":37,"turns":6},{"damage":6,"enemies":"Maw","floor":38,"turns":7},{"damage":54,"enemies":"2 Orb Walkers","floor":40,"turns":6},{"damage":30,"enemies":"4 Shapes","floor":42,"turns":6},{"damage":17,"enemies":"3 Darklings","floor":44,"turns":5},{"damage":30,"enemies":"Sphere and 2 Shapes","floor":45,"turns":6},{"damage":0,"enemies":"Maw","floor":46,"turns":8},{"damage":31,"enemies":"4 Shapes","floor":48,"turns":6},{"damage":120,"enemies":"Awakened One","floor":50,"turns":6}],"event_choices":[{"event_name":"Big Fish","player_choice":"Box","floor":2,"damage_taken":0},{"event_name":"Purifier","player_choice":"One Purge","floor":3,"damage_taken":0},{"event_name":"Scrap Ooze","player_choice":"success","floor":8,"damage_taken":3},{"event_name":"Cursed Tome","player_choice":"Obtained Book","floor":20,"damage_taken":0},{"event_name":"Accursed Blacksmith","player_choice":"Rummage","floor":36,"damage_taken":0},{"event_name":"Tomb of Lord Red Mask","player_choice":"Paid","floor":41,"damage_taken":0}],"boss_relics":[{"not_picked":["Philosopher\u0027s Stone","Velvet Choker"],"picked":"Cursed Key"},{"not_picked":["Question Card","Runic Pyramid"],"picked":"Mark of Pain"}],"potions_floor_spawned":[4,10,13,16,19,23,25,27,29,33,38,40,44,48],"seed_played":"6213528459405095864","killed_by":"Awakened One","ascension_level":0,"is_trial":false}