{"path_per_floor":["M","?","?","M","M","E","M","E","T","E","R","E","M","$","R","B",null,"M","M","$","M","M"],"character_chosen":"THE_SILENT","items_purchased":["Apotheosis","Infinite Blades"],"gold_per_floor":[145,145,145,159,169,201,221,253,279,307,307,338,349,60,60,162,162,175,190,15,29,43,43],"floor_reached":23,"campfire_rested":0,"playtime":1495,"current_hp_per_floor":[66,63,56,52,52,45,45,39,39,34,34,34,34,34,34,28,65,64,52,52,52,43,0],"items_purged":["Strike_G","Venomology"],"gold":43,"score":322,"play_id":"9fd0d069-494d-4309-9962-c443857d0a28","local_time":"20180320050745","is_prod":false,"is_daily":false,"is_ascension_mode":true,"campfire_upgraded":2,"timestamp":1521547665,"path_taken":["M","?","?","M","M","E","M","E","T","E","R","E","M","$","R","BOSS","M","M","$","M","M","E"],"build_version":"2018-03-19","purchased_purges":2,"victory":false,"master_deck":["Defend_G","Defend_G","Defend_G","Defend_G","Defend_G","Strike_G","Strike_G+1","Strike_G","Survivor","Neutralize+1","Flying Knee","Backflip","Sucker Punch","Backflip","Terror","Dodge and Roll","Outmaneuver","Well Laid Plans","Predator","Apotheosis+1","Cloak And Dagger","Cloak And Dagger","Infinite Blades","Leg Sweep+1","Accuracy"],"max_hp_per_floor":[75,75,75,75,75,75,75,75,75,77,77,77,77,77,77,77,77,77,77,77,77,77,77],"relics":["Tiny House","Shuriken","Ancient Tea Set","Singing Bowl","Regal Pillow","Vajra","Omamori","Sozu"],"card_choices":[{"not_picked":["Masterful Stab","Poisoned Stab"],"picked":"Flying Knee","floor":0},{"not_picked":["Storm of Steel","Bane"],"picked":"Backflip","floor":1},{"not_picked":["Prepared","Riddle With Holes"],"picked":"Sucker Punch","floor":4},{"not_picked":["Deadly Poison","Quick Slash"],"picked":"Backflip","floor":5},{"not_picked":["Dodge and Roll","PiercingWail"],"picked":"Terror","floor":6},{"not_picked":["PiercingWail","Quick Slash"],"picked":"Dodge and Roll","floor":7},{"not_picked":["Deadly Poison","Riddle With Holes"],"picked":"Outmaneuver","floor":8},{"not_picked":["PiercingWail","Bullet Time"],"picked":"Well Laid Plans","floor":12},{"not_picked":["Acrobatics","Deadly Poison"],"picked":"Predator","floor":13},{"not_picked":["Unload","Grand Finale"],"picked":"Venomology","floor":16},{"not_picked":["Outmaneuver","Deflect"],"picked":"Cloak And Dagger","floor":18},{"not_picked":["Slice","Backflip"],"picked":"Cloak And Dagger","floor":19},{"not_picked":["Distraction","Poisoned Stab"],"picked":"Leg Sweep","floor":21},{"not_picked":["Dash","Caltrops"],"picked":"Accuracy","floor":22}],"player_experience":180701,"potions_floor_usage":[6,6,12,16,16],"damage_taken":[{"damage":2,"enemies":"Jaw Worm","floor":1,"turns":4},{"damage":4,"enemies":"Small Slimes","floor":4,"turns":4},{"damage":0,"enemies":"2 Louse","floor":5,"turns":3},{"damage":7,"enemies":"Lagavulin","floor":6,"turns":6},{"damage":0,"enemies":"Blue Slaver","floor":7,"turns":4},{"damage":6,"enemies":"3 Sentries","floor":8,"turns":12},{"damage":7,"enemies":"Lagavulin","floor":10,"turns":8},{"damage":0,"enemies":"Gremlin Nob","floor":12,"turns":3},{"damage":0,"enemies":"Exordium Thugs","floor":13,"turns":5},{"damage":6,"enemies":"Slime Boss","floor":16,"turns":8},{"damage":1,"enemies":"Chosen","floor":18,"turns":4},{"damage":12,"enemies":"3 Byrds","floor":19,"turns":8},{"damage":0,"enemies":"Centurion and Healer","floor":21,"turns":5},{"damage":9,"enemies":"Slaver and Parasite","floor":22,"turns":7},{"damage":54,"enemies":"Gremlin Leader","floor":23,"turns":4}],"event_choices":[{"event_name":"Scrap Ooze","player_choice":"success","floor":2,"damage_taken":3},{"event_name":"Golden Wing","player_choice":"Card Removal","floor":3,"damage_taken":0}],"boss_relics":[{"not_picked":["Eternal Feather","Pandora\u0027s Box"],"picked":"Sozu"}],"potions_floor_spawned":[1,8,10,12,19,21],"seed_played":"-5102022744397865961","killed_by":"Gremlin Leader","ascension_level":6,"is_trial":false}