{"gold_per_floor":[111,29,29,43,56,88,101,133,133,133,153,153,153,153,153,277,277,301,60,83,83,107,107,131,131,131,170,170,189,189,212,212,333,333,351,351,366,699,30,30],"floor_reached":40,"playtime":4310,"items_purged":[],"score":483,"play_id":"5cbbe54e-ce61-4300-9e85-c71b2d924ccd","local_time":"20190327212551","is_ascension_mode":true,"campfire_choices":[{"floor":10,"key":"REST"},{"floor":13,"key":"REST"},{"data":"Defragment","floor":15,"key":"SMITH"},{"floor":23,"key":"REST"},{"floor":25,"key":"REST"},{"floor":28,"key":"REST"},{"floor":30,"key":"REST"},{"floor":32,"key":"REST"}],"neow_cost":"NONE","seed_source_timestamp":358252641441,"circlet_count":0,"master_deck":["Defend_B","Defend_B","Defend_B","Defend_B","Zap","Dualcast","Go for the Eyes","Sunder","Conserve Battery","Streamline","Cold Snap","Chaos","Rebound","Coolheaded","Defragment+1","All For One","Buffer","Gash+1","Doom and Gloom","Reinforced Body+1","Conserve Battery+1","Recycle+1","Rainbow","Heatsinks+1","Machine Learning+1","Stack+1","Panache+1","Consume+1","Defragment+1","Turbo"],"relics":["Empty Cage","Orichalcum","Smiling Mask","Bronze Scales","White Beast Statue","Question Card","Nilry\u0027s Codex","Mango","Frozen Egg 2","Inserter","OrangePellets","Vajra","Happy Flower"],"potions_floor_usage":[4,6,16,22,22,24,24,31,33,35,37,40,40,40],"damage_taken":[{"damage":2,"enemies":"2 Louse","floor":1,"turns":2},{"damage":0,"enemies":"Cultist","floor":4,"turns":3},{"damage":0,"enemies":"Jaw Worm","floor":5,"turns":3},{"damage":14,"enemies":"3 Sentries","floor":6,"turns":7},{"damage":0,"enemies":"2 Fungi Beasts","floor":7,"turns":2},{"damage":25,"enemies":"Lagavulin","floor":8,"turns":7},{"damage":1,"enemies":"Blue Slaver","floor":11,"turns":3},{"damage":15,"enemies":"The Guardian","floor":16,"turns":12},{"damage":6,"enemies":"3 Byrds","floor":18,"turns":3},{"damage":10,"enemies":"Shell Parasite","floor":20,"turns":6},{"damage":26,"enemies":"Snake Plant","floor":22,"turns":3},{"damage":35,"enemies":"3 Cultists","floor":24,"turns":5},{"damage":17,"enemies":"Book of Stabbing","floor":27,"turns":7},{"damage":15,"enemies":"Cultist and Chosen","floor":29,"turns":9},{"damage":5,"enemies":"Snecko","floor":31,"turns":6},{"damage":51,"enemies":"Automaton","floor":33,"turns":15},{"damage":38,"enemies":"Orb Walker","floor":35,"turns":6},{"damage":12,"enemies":"3 Shapes","floor":37,"turns":6},{"damage":48,"enemies":"Reptomancer","floor":40,"turns":2}],"seed_played":"-6097052311556048126","potions_obtained":[{"floor":1,"key":"Poison Potion"},{"floor":4,"key":"Fruit Juice"},{"floor":6,"key":"Ancient Potion"},{"floor":16,"key":"SpeedPotion"},{"floor":18,"key":"SpeedPotion"},{"floor":20,"key":"Block Potion"},{"floor":22,"key":"LiquidBronze"},{"floor":24,"key":"SteroidPotion"},{"floor":27,"key":"FearPotion"},{"floor":29,"key":"SpeedPotion"},{"floor":31,"key":"SkillPotion"},{"floor":33,"key":"FearPotion"},{"floor":35,"key":"FocusPotion"},{"floor":37,"key":"PowerPotion"}],"is_trial":false,"path_per_floor":["?","M","?","?","?","?","?"],"character_chosen":"DEFECT","items_purchased":["Sunder","Conserve Battery","Question Card","OrangePellets","Vajra","Happy Flower","Defragment+1","Turbo","Block Potion"],"campfire_rested":7,"item_purchase_floors":[2,2,19,39,39,39,39,39,39],"current_hp_per_floor":[73,73,73,78,78,64,64,39,39,63,62,42,66,66,66,51,80,74,74,64,48,22,46,11,35,49,32,60,45,73,68,94,43,94,56,56,44,44,44,0],"gold":30,"neow_bonus":"BOSS_RELIC","is_prod":false,"is_daily":false,"chose_seed":false,"campfire_upgraded":1,"win_rate":0,"timestamp":1553718351,"path_taken":["M","$","?","?","M","E","M","E","T","R","M","?","R","?","R","BOSS","M","$","M","?","M","R","M","R","T","E","R","M","R","M","R","BOSS","M","?","M","?","$","E"],"build_version":"2019-01-23","purchased_purges":0,"victory":false,"max_hp_per_floor":[75,75,75,80,80,80,80,80,80,80,80,80,80,80,80,80,80,80,80,80,80,80,80,80,80,94,94,94,94,94,94,94,94,94,94,94,94,94,94,94],"card_choices":[{"not_picked":["Self Repair","Stack"],"picked":"Go for the Eyes","floor":1},{"not_picked":["Beam Cell","White Noise"],"picked":"Streamline","floor":4},{"not_picked":["Force Field","Steam"],"picked":"Cold Snap","floor":5},{"not_picked":["Leap","Storm"],"picked":"Chaos","floor":6},{"not_picked":["Consume","Coolheaded"],"picked":"Rebound","floor":7},{"not_picked":["Compile Driver","Redo"],"picked":"Coolheaded","floor":8},{"not_picked":["Rebound","Tempest"],"picked":"Defragment","floor":11},{"not_picked":["Meteor Strike","Amplify"],"picked":"Buffer","floor":16},{"not_picked":["Sweeping Beam","Storm"],"picked":"Gash+1","floor":18},{"not_picked":["Rebound","Tempest","Meteor Strike"],"picked":"Doom and Gloom","floor":20},{"not_picked":["Barrage","Redo","Coolheaded"],"picked":"Reinforced Body+1","floor":22},{"not_picked":["Ball Lightning","Stack+1","Sunder"],"picked":"Conserve Battery+1","floor":24},{"not_picked":["Steam","Skim+1","Hologram"],"picked":"Recycle+1","floor":27},{"not_picked":["Blizzard","Gash","Storm+1"],"picked":"Rainbow","floor":29},{"not_picked":["Sweeping Beam+1","Stack","Hologram"],"picked":"Heatsinks+1","floor":31},{"not_picked":["Thunder Strike","Electrodynamics+1","Echo Form+1"],"picked":"Machine Learning+1","floor":33},{"not_picked":["Hologram","Coolheaded","Gash"],"picked":"Stack+1","floor":35},{"not_picked":["Bandage Up","HandOfGreed","Dark Shackles"],"picked":"Panache+1","floor":36},{"not_picked":["Skim+1","Streamline","Force Field"],"picked":"Consume+1","floor":37}],"player_experience":151183,"relics_obtained":[{"floor":6,"key":"Orichalcum"},{"floor":8,"key":"Smiling Mask"},{"floor":9,"key":"Bronze Scales"},{"floor":21,"key":"Nilry\u0027s Codex"},{"floor":26,"key":"Mango"},{"floor":27,"key":"Frozen Egg 2"}],"event_choices":[{"cards_removed":["Strike_B"],"damage_healed":0,"gold_gain":0,"player_choice":"Purged","damage_taken":0,"max_hp_gain":0,"max_hp_loss":0,"event_name":"Purifier","floor":3,"gold_loss":0},{"damage_healed":0,"gold_gain":0,"player_choice":"Take Damage","damage_taken":20,"relics_obtained":["Golden Idol"],"max_hp_gain":0,"max_hp_loss":0,"event_name":"Golden Idol","floor":12,"gold_loss":0},{"damage_healed":0,"gold_gain":0,"cards_transformed":["Strike_B"],"player_choice":"Change","damage_taken":0,"max_hp_gain":0,"max_hp_loss":0,"event_name":"Living Wall","floor":14,"gold_loss":0,"cards_obtained":["All For One"]},{"damage_healed":0,"gold_gain":0,"player_choice":"Obtained Book","damage_taken":16,"max_hp_gain":0,"max_hp_loss":0,"event_name":"Cursed Tome","floor":21,"gold_loss":0},{"damage_healed":0,"gold_gain":0,"player_choice":"Memory 1","damage_taken":0,"max_hp_gain":0,"max_hp_loss":0,"event_name":"SensoryStone","floor":36,"gold_loss":0},{"damage_healed":0,"gold_gain":333,"player_choice":"Gave Idol","damage_taken":0,"max_hp_gain":0,"max_hp_loss":0,"event_name":"The Moai Head","floor":38,"relics_lost":["Golden Idol"],"gold_loss":0}],"is_beta":false,"boss_relics":[{"not_picked":["Philosopher\u0027s Stone","Lizard Tail"],"picked":"White Beast Statue"},{"not_picked":["Snecko Eye","Sozu"],"picked":"Inserter"}],"items_purged_floors":[],"is_endless":false,"potions_floor_spawned":[1,4,6,16,18,20,22,24,27,29,31,33,35,37],"killed_by":"Reptomancer","ascension_level":2}