{"gold_per_floor":[117,128,128,138,155,208,208,236,236,269,269,91,126,26,26,129,129,144,144,164,39,39,39,65,65,88,115,115,126,138,138,138,235,285,297,309,359,369,369,369,385,385,454,181,191,226,226,242,242,344,344,364,364,364,383,393,393,428,445,445,461,494,494,84,103,103,204,204,218,232,250,349,77,77,77,91,120,220,254,254,265,294,294,399,399,399],"floor_reached":86,"playtime":30573,"items_purged":["Cleave","Dual Wield","Corruption","True Grit","Disarm","Havoc"],"score":1960,"play_id":"8a5d8352-504f-4d69-b18f-46e38295b6cb","local_time":"20181019102622","daily_mods":["Draft"],"is_ascension_mode":false,"campfire_choices":[{"floor":7,"key":"REST"},{"data":"Seeing Red","floor":15,"key":"SMITH"},{"floor":23,"key":"REST"},{"floor":25,"key":"REST"},{"floor":28,"key":"REST"},{"floor":32,"key":"REST"},{"floor":40,"key":"REST"},{"floor":42,"key":"REST"},{"floor":47,"key":"REST"},{"floor":49,"key":"REST"},{"floor":57,"key":"REST"},{"floor":63,"key":"REST"},{"floor":66,"key":"REST"},{"floor":74,"key":"REST"},{"floor":80,"key":"REST"},{"floor":83,"key":"REST"}],"neow_cost":"","seed_source_timestamp":552931613331840,"circlet_count":0,"master_deck":["Warcry","Anger","Anger","Burning Pact","Pommel Strike","Pommel Strike","Rage","Seeing Red+1","Rage","Flex","Clash","Clash+1","Clash","Body Slam+1","Warcry","Offering","Clash+1","Anger+1","Flex+1","Armaments+1","Warcry","Anger","Anger","Body Slam","Clash","Anger","Anger","Anger","Seeing Red+1","Rage+1","Flex+1"],"relics":["Unceasing Top","Juzu Bracelet","Oddly Smooth Stone","Du-Vu Doll","Boot","Fusion Hammer","Question Card","Orichalcum","Incense Burner","Tiny House","Regal Pillow","Self Forming Clay","Membership Card","Bronze Scales","Empty Cage","Shuriken","PreservedInsect","HandDrill","Pocketwatch","Orrery","Pen Nib","DollysMirror","Nloth\u0027s Gift","Busted Crown"],"potions_floor_usage":[38,38],"damage_taken":[{"damage":7,"enemies":"Cultist","floor":1,"turns":4},{"damage":0,"enemies":"Small Slimes","floor":2,"turns":3},{"damage":11,"enemies":"Jaw Worm","floor":4,"turns":3},{"damage":0,"enemies":"2 Fungi Beasts","floor":5,"turns":2},{"damage":4,"enemies":"Lagavulin","floor":8,"turns":5},{"damage":0,"enemies":"Gremlin Nob","floor":10,"turns":3},{"damage":0,"enemies":"Lagavulin","floor":13,"turns":3},{"damage":0,"enemies":"Hexaghost","floor":16,"turns":4},{"damage":0,"enemies":"Chosen","floor":18,"turns":3},{"damage":0,"enemies":"Shell Parasite","floor":20,"turns":3},{"damage":17,"enemies":"Slavers","floor":24,"turns":4},{"damage":0,"enemies":"Gremlin Leader","floor":27,"turns":2},{"damage":0,"enemies":"Centurion and Healer","floor":29,"turns":3},{"damage":0,"enemies":"Snake Plant","floor":30,"turns":3},{"damage":26,"enemies":"Automaton","floor":33,"turns":6},{"damage":6,"enemies":"Orb Walker","floor":35,"turns":2},{"damage":6,"enemies":"3 Darklings","floor":36,"turns":3},{"damage":24,"enemies":"Sphere and 2 Shapes","floor":38,"turns":4},{"damage":6,"enemies":"Spire Growth","floor":41,"turns":1},{"damage":24,"enemies":"4 Shapes","floor":45,"turns":4},{"damage":6,"enemies":"Nemesis","floor":46,"turns":2},{"damage":6,"enemies":"Transient","floor":48,"turns":5},{"damage":12,"enemies":"Awakened One","floor":50,"turns":4},{"damage":6,"enemies":"Small Slimes","floor":52,"turns":1},{"damage":6,"enemies":"2 Louse","floor":55,"turns":1},{"damage":0,"enemies":"Cultist","floor":56,"turns":1},{"damage":6,"enemies":"3 Sentries","floor":58,"turns":1},{"damage":0,"enemies":"Red Slaver","floor":59,"turns":1},{"damage":6,"enemies":"Blue Slaver","floor":61,"turns":1},{"damage":6,"enemies":"Gremlin Nob","floor":62,"turns":1},{"damage":6,"enemies":"Exordium Wildlife","floor":65,"turns":1},{"damage":6,"enemies":"The Guardian","floor":67,"turns":1},{"damage":6,"enemies":"3 Byrds","floor":69,"turns":1},{"damage":0,"enemies":"2 Thieves","floor":70,"turns":1},{"damage":6,"enemies":"Centurion and Healer","floor":71,"turns":1},{"damage":6,"enemies":"Chosen and Byrds","floor":76,"turns":1},{"damage":0,"enemies":"Slavers","floor":77,"turns":1},{"damage":6,"enemies":"Gremlin Leader","floor":79,"turns":1},{"damage":0,"enemies":"Snecko","floor":81,"turns":1},{"damage":1,"enemies":"Book of Stabbing","floor":82,"turns":1},{"damage":6,"enemies":"Champ","floor":84,"turns":1},{"damage":0,"enemies":"3 Darklings","floor":86,"turns":1}],"seed_played":"8221573837967764143","potions_obtained":[{"floor":4,"key":"Regen Potion"},{"floor":10,"key":"Poison Potion"},{"floor":30,"key":"Poison Potion"},{"floor":38,"key":"SteroidPotion"},{"floor":39,"key":"Swift Potion"}],"is_trial":true,"path_per_floor":["M","M","?","M","M","T","R","E","T","E","?","$","E","$","R","B",null,"M","?","M","$","?","R","E","R","T","E","R","M","M","$","R","B",null,"M","M","T","M","?","R","M","R","T","$","M","E","R","M","R","B",null,"M","?","?","M","M","R","E","M","T","M","E","R","$","M","R","B",null,"M","M","M","?","$","R","?","M","E","?","E","R","M","E","R","B",null],"character_chosen":"IRONCLAD","items_purchased":["True Grit","Corruption","Membership Card","PreservedInsect","HandDrill","Pocketwatch","Pen Nib","DollysMirror"],"campfire_rested":15,"item_purchase_floors":[12,12,44,64,64,64,73,73],"current_hp_per_floor":[73,73,73,62,62,62,80,76,76,76,76,76,76,76,76,76,80,80,80,80,80,80,80,63,80,80,80,80,80,80,80,80,54,85,79,73,73,49,49,85,79,85,85,85,61,55,85,79,85,73,85,79,79,79,73,73,85,79,79,79,73,67,85,85,79,85,79,85,79,79,73,73,73,85,85,79,79,79,73,85,85,84,85,79,85,85],"gold":399,"neow_bonus":"","is_prod":false,"is_daily":false,"chose_seed":false,"campfire_upgraded":1,"win_rate":0,"timestamp":1539962782,"path_taken":["M","M","?","M","M","?","R","E","T","E","?","$","E","$","R","BOSS","M","?","M","$","?","R","E","R","T","E","R","M","M","$","R","BOSS","M","M","?","M","?","R","M","R","T","$","M","E","R","M","R","BOSS","M","?","?","M","M","R","E","M","T","M","E","R","$","M","R","BOSS","M","M","M","?","$","R","?","M","E","?","E","R","M","E","R","BOSS","M"],"build_version":"2018-10-18","purchased_purges":6,"victory":false,"max_hp_per_floor":[80,80,80,80,80,80,80,80,80,80,80,80,80,80,80,80,80,80,80,80,80,80,80,80,80,80,80,80,80,80,80,80,80,85,85,85,85,85,85,85,85,85,85,85,85,85,85,85,85,85,85,85,85,85,85,85,85,85,85,85,85,85,85,85,85,85,85,85,85,85,85,85,85,85,85,85,85,85,85,85,85,85,85,85,85,85],"card_choices":[{"not_picked":["Cleave","Feel No Pain"],"picked":"Iron Wave","floor":0},{"not_picked":["True Grit","Infernal Blade"],"picked":"Warcry","floor":0},{"not_picked":["Hemokinesis","Warcry"],"picked":"Anger","floor":0},{"not_picked":["Cleave","Clothesline"],"picked":"Dual Wield","floor":0},{"not_picked":["Shockwave","Wild Strike"],"picked":"Anger","floor":0},{"not_picked":["Flame Barrier","Hemokinesis"],"picked":"Burning Pact","floor":0},{"not_picked":["Sever Soul","Clothesline"],"picked":"Disarm","floor":0},{"not_picked":["Bloodletting","Sword Boomerang"],"picked":"Iron Wave","floor":0},{"not_picked":["Clothesline","Shockwave"],"picked":"Power Through","floor":0},{"not_picked":["Metallicize","Twin Strike"],"picked":"Pommel Strike","floor":0},{"not_picked":["Combust","Sentinel"],"picked":"Ghostly Armor","floor":0},{"not_picked":["Clothesline","Blood for Blood"],"picked":"Havoc","floor":0},{"not_picked":["Cleave","Spot Weakness"],"picked":"Pommel Strike","floor":0},{"not_picked":["Warcry","Rupture"],"picked":"Rage","floor":0},{"not_picked":["Sentinel","Sword Boomerang"],"picked":"Cleave","floor":0},{"not_picked":["Feel No Pain","Iron Wave"],"picked":"Seeing Red","floor":1},{"not_picked":["Twin Strike","Searing Blow"],"picked":"Rage","floor":2},{"not_picked":["Pommel Strike","Wild Strike"],"picked":"Flex","floor":4},{"not_picked":["Twin Strike","Heavy Blade","Evolve"],"picked":"SKIP","floor":5},{"not_picked":["Inflame","Rupture","Heavy Blade"],"picked":"SKIP","floor":8},{"not_picked":["Iron Wave","Rampage","Sentinel"],"picked":"SKIP","floor":10},{"not_picked":["Pommel Strike","Fire Breathing"],"picked":"Clash","floor":13},{"not_picked":["Clothesline","Metallicize","Perfected Strike+1"],"picked":"SKIP","floor":18},{"not_picked":["Armaments","Shrug It Off"],"picked":"Clash","floor":20},{"not_picked":["Headbutt+1","Twin Strike"],"picked":"Body Slam+1","floor":24},{"not_picked":["Metallicize","Feel No Pain","Barricade","Body Slam"],"picked":"SKIP","floor":27},{"not_picked":["Armaments","Iron Wave+1","Twin Strike","Combust+1"],"picked":"SKIP","floor":29},{"not_picked":["Sentinel","Dual Wield","Iron Wave"],"picked":"Warcry","floor":30},{"not_picked":["Impervious","Reaper","Exhume"],"picked":"Offering","floor":33},{"not_picked":["Ghostly Armor+1","Armaments","Heavy Blade"],"picked":"Clash+1","floor":35},{"not_picked":["Intimidate","Carnage+1","Iron Wave+1"],"picked":"Anger+1","floor":36},{"not_picked":["Infernal Blade","Dropkick","Rupture"],"picked":"Flex+1","floor":38},{"not_picked":["Bloodletting","Feed","Reckless Charge","Iron Wave"],"picked":"SKIP","floor":41},{"not_picked":["Headbutt","Anger","Warcry+1"],"picked":"Armaments+1","floor":45},{"not_picked":["Armaments+1","Battle Trance+1","Reaper","Dual Wield+1"],"picked":"SKIP","floor":46},{"not_picked":["Burning Pact","True Grit+1","Sword Boomerang","Pummel"],"picked":"SKIP","floor":48},{"not_picked":["Heavy Blade","Sentinel","Searing Blow","Twin Strike"],"picked":"SKIP","floor":52},{"not_picked":["Clothesline","Twin Strike","Body Slam","Havoc"],"picked":"SKIP","floor":55},{"not_picked":["Heavy Blade","Wild Strike","Pommel Strike","Armaments"],"picked":"SKIP","floor":56},{"not_picked":["Rupture","Clothesline","Shrug It Off","Battle Trance"],"picked":"SKIP","floor":58},{"not_picked":["Warcry","Thunderclap","Armaments"],"picked":"Anger","floor":59},{"not_picked":["Impervious","Corruption","Shrug It Off"],"picked":"Anger","floor":61},{"not_picked":["Clash","Anger","Flex"],"picked":"Body Slam","floor":62},{"not_picked":["Wild Strike","Battle Trance","Rampage","Barricade"],"picked":"SKIP","floor":65},{"not_picked":["Corruption","Shockwave","True Grit"],"picked":"Clash","floor":68},{"not_picked":["Clothesline","Cleave","Twin Strike"],"picked":"Anger","floor":68},{"not_picked":["Shrug It Off","True Grit","Rupture"],"picked":"Anger","floor":69},{"not_picked":["Sword Boomerang","Clothesline","Pommel Strike+1","Carnage"],"picked":"SKIP","floor":70},{"not_picked":["Blood for Blood","Power Through","Bloodletting"],"picked":"Anger","floor":71},{"not_picked":["Armaments","Rupture","Perfected Strike+1"],"picked":"Rage+1","floor":76},{"not_picked":["Wild Strike+1","True Grit","Perfected Strike","Heavy Blade"],"picked":"SKIP","floor":77},{"not_picked":["Anger","Limit Break","Feed"],"picked":"Flex+1","floor":79},{"not_picked":["Wild Strike","True Grit","Berserk","Rampage"],"picked":"SKIP","floor":81},{"not_picked":["Body Slam","Heavy Blade","True Grit","Iron Wave"],"picked":"SKIP","floor":82}],"player_experience":124065,"relics_obtained":[{"floor":6,"key":"Juzu Bracelet"},{"floor":8,"key":"Oddly Smooth Stone"},{"floor":9,"key":"Du-Vu Doll"},{"floor":10,"key":"WingedGreaves"},{"floor":13,"key":"Boot"},{"floor":24,"key":"Question Card"},{"floor":26,"key":"Orichalcum"},{"floor":27,"key":"Incense Burner"},{"floor":37,"key":"Regal Pillow"},{"floor":43,"key":"Self Forming Clay"},{"floor":46,"key":"Bronze Scales"},{"floor":60,"key":"Shuriken"}],"event_choices":[{"cards_removed":["Power Through"],"damage_healed":0,"gold_gain":0,"player_choice":"Forget","damage_taken":0,"max_hp_gain":0,"max_hp_loss":0,"event_name":"Living Wall","floor":3,"gold_loss":0},{"damage_healed":0,"gold_gain":0,"player_choice":"Bought 0 Potions","damage_taken":0,"max_hp_gain":0,"max_hp_loss":0,"event_name":"The Woman in Blue","floor":11,"gold_loss":0},{"damage_healed":0,"gold_gain":0,"player_choice":"Ignored","damage_taken":0,"max_hp_gain":0,"max_hp_loss":0,"event_name":"Vampires","floor":19,"gold_loss":0},{"damage_healed":0,"gold_gain":0,"player_choice":"Read","damage_taken":0,"max_hp_gain":0,"max_hp_loss":0,"event_name":"The Library","floor":22,"gold_loss":0,"cards_obtained":["Clash"]},{"damage_healed":0,"gold_gain":0,"player_choice":"Got Potions","damage_taken":0,"max_hp_gain":0,"max_hp_loss":0,"event_name":"The Lab","floor":39,"gold_loss":0},{"damage_healed":0,"gold_gain":0,"player_choice":"Leave","damage_taken":0,"max_hp_gain":0,"max_hp_loss":0,"event_name":"FaceTrader","floor":53,"gold_loss":0},{"damage_healed":0,"gold_gain":0,"cards_transformed":["Ghostly Armor"],"player_choice":"Transformed","damage_taken":0,"max_hp_gain":0,"max_hp_loss":0,"event_name":"Transmorgrifier","floor":54,"gold_loss":0,"cards_obtained":["Warcry"]},{"damage_healed":0,"gold_gain":99,"player_choice":"Stole From Cult","damage_taken":0,"max_hp_gain":0,"max_hp_loss":0,"event_name":"Nest","floor":72,"gold_loss":0},{"damage_healed":0,"gold_gain":0,"player_choice":"Traded Relic","damage_taken":0,"relics_obtained":["Nloth\u0027s Gift"],"max_hp_gain":0,"max_hp_loss":0,"event_name":"N\u0027loth","floor":75,"relics_lost":["WingedGreaves"],"gold_loss":0},{"damage_healed":0,"gold_gain":100,"player_choice":"Pray","damage_taken":0,"max_hp_gain":0,"max_hp_loss":0,"event_name":"Golden Shrine","floor":78,"gold_loss":0}],"is_beta":false,"boss_relics":[{"not_picked":["Cursed Key","White Beast Statue"],"picked":"Fusion Hammer"},{"not_picked":["Coffee Dripper","Busted Crown"],"picked":"Tiny House"},{"not_picked":["Black Star","Mark of Pain"],"picked":"Empty Cage"},{"not_picked":["White Beast Statue","Mark of Pain"],"picked":"Orrery"},{"not_picked":["Black Star","Snecko Eye"],"picked":"Busted Crown"}],"items_purged_floors":[12,14,21,44,64,73],"is_endless":true,"potions_floor_spawned":[4,10,13,18,20,24,30,36,38,48,52,59,65,71,81,82,84],"killed_by":"3 Darklings","ascension_level":0}