{"gold_per_floor":[119,62,62,82,101,101,112,132,132,132,132,166,166,166,166,243,243,257,275,275],"floor_reached":20,"playtime":774,"items_purged":[],"score":313,"play_id":"8a754c91-fb0b-4654-8b69-2f63a0a1d7c9","local_time":"20190318092518","is_ascension_mode":true,"campfire_choices":[{"floor":6.0,"key":"REST"},{"floor":10,"key":"REST"},{"floor":15,"key":"REST"}],"neow_cost":"NONE","seed_source_timestamp":39006485496320,"circlet_count":0,"master_deck":["AscendersBane","Strike_B","Strike_B","Strike_B","Defend_B","Defend_B","Defend_B","Defend_B","Zap","Dualcast+1","Stack","Gash","Ball Lightning","Ball Lightning+1","Steam","Gash","Cold Snap","Core Surge","Capacitor","Ball Lightning+1"],"special_seed":0,"relics":["White Beast Statue","Mummified Hand","Meat on the Bone","Eternal Feather"],"potions_floor_usage":[7,8,8,12,16,19,20,20,20,20],"damage_taken":[{"damage":17.0,"enemies":"Small Slimes","floor":1.0,"turns":4.0},{"damage":10.0,"enemies":"Cultist","floor":4.0,"turns":5.0},{"damage":9.0,"enemies":"Jaw Worm","floor":5.0,"turns":3.0},{"damage":3,"enemies":"3 Louse","floor":7,"turns":2},{"damage":0,"enemies":"Looter","floor":8,"turns":2},{"damage":23,"enemies":"3 Sentries","floor":12,"turns":7},{"damage":28,"enemies":"Hexaghost","floor":16,"turns":11},{"damage":22,"enemies":"3 Byrds","floor":18,"turns":6},{"damage":30,"enemies":"2 Thieves","floor":19,"turns":4},{"damage":5,"enemies":"Centurion and Healer","floor":20,"turns":5}],"seed_played":"4871884666665420905","potions_obtained":[{"floor":1.0,"key":"Ancient Potion"},{"floor":4.0,"key":"Explosive Potion"},{"floor":5.0,"key":"Dexterity Potion"},{"floor":7,"key":"LiquidBronze"},{"floor":8,"key":"Block Potion"},{"floor":12,"key":"SpeedPotion"},{"floor":16,"key":"SpeedPotion"},{"floor":18,"key":"Fire Potion"},{"floor":19,"key":"EntropicBrew"}],"is_trial":false,"path_per_floor":["M","$","?","M","M","R","M","M","T","R","$","E","?","?","R","B",null,"M","M","M"],"character_chosen":"DEFECT","items_purchased":["Gash"],"campfire_rested":3,"item_purchase_floors":[2],"current_hp_per_floor":[47,47,47,37,28,49,46,46,46,67,67,44,23,46,67,39,63,41,23,18],"gold":275,"neow_bonus":"BOSS_RELIC","is_prod":false,"is_daily":false,"chose_seed":false,"campfire_upgraded":0,"win_rate":0,"timestamp":1552919118,"path_taken":["M","$","?","M","M","R","M","?","T","R","$","E","?","?","R","BOSS","M","M","M"],"build_version":"2019-01-23","purchased_purges":0,"victory":false,"max_hp_per_floor":[71,71,71,71,71,71,71,71,71,71,71,71,71,71,71,71,71,71,71,71],"card_choices":[{"not_picked":["Reprogram","Darkness"],"picked":"Stack","floor":1.0},{"not_picked":["Go for the Eyes","Compile Driver"],"picked":"Ball Lightning","floor":4.0},{"not_picked":["Beam Cell","Barrage"],"picked":"Ball Lightning","floor":5.0},{"not_picked":["Multi-Cast","Barrage"],"picked":"Steam","floor":7},{"not_picked":["Go for the Eyes","Turbo"],"picked":"Gash","floor":8},{"not_picked":["Genetic Algorithm","BootSequence"],"picked":"Cold Snap","floor":12},{"not_picked":["Seek","Reboot"],"picked":"Core Surge","floor":16},{"not_picked":["Conserve Battery","Go for the Eyes"],"picked":"Capacitor","floor":18},{"not_picked":["Aggregate","Barrage"],"picked":"Ball Lightning+1","floor":19}],"player_experience":757949,"relics_obtained":[{"floor":9,"key":"Mummified Hand"},{"floor":12,"key":"Meat on the Bone"}],"event_choices":[{"cards_removed":["Strike_B"],"damage_healed":0.0,"max_hp_gain":0.0,"max_hp_loss":0.0,"gold_gain":0.0,"event_name":"Purifier","player_choice":"Purged","floor":3.0,"gold_loss":0.0,"damage_taken":0.0},{"damage_healed":0,"gold_gain":0,"player_choice":"Entered Light","damage_taken":21,"max_hp_gain":0,"max_hp_loss":0,"event_name":"Shining Light","floor":13,"gold_loss":0,"cards_upgraded":["Ball Lightning","Dualcast"]},{"damage_healed":23,"gold_gain":0,"player_choice":"Banana","damage_taken":0,"max_hp_gain":0,"max_hp_loss":0,"event_name":"Big Fish","floor":14,"gold_loss":0}],"is_beta":false,"boss_relics":[{"not_picked":["Coffee Dripper","Ectoplasm"],"picked":"Eternal Feather"}],"items_purged_floors":[],"is_endless":false,"potions_floor_spawned":[1,4,5,7,8,12,16,18,19],"killed_by":"Centurion and Healer","ascension_level":16}