{"path_per_floor":["M","M","M","M","?","R","E","?","T","M","E","M","M","E","R","B",null,"M","M","$","?","M","E","M","E","T","E","R"],"character_chosen":"THE_SILENT","items_purchased":["Footwork","Toxic Egg 2"],"gold_per_floor":[110,125,137,154,154,154,185,185,185,202,232,250,260,295,295,394,394,411,428,72,72,87,148,162,190,190,221,221],"floor_reached":29,"campfire_rested":0,"playtime":2639,"current_hp_per_floor":[63,63,57,56,56,56,44,30,30,30,27,27,27,21,21,9,77,63,59,59,59,43,41,41,31,31,20,20],"items_purged":["Strike_G"],"gold":221,"score":307,"play_id":"2c395bbe-6ec8-4b8b-bd32-6cbe5d2591cc","is_prod":false,"is_daily":false,"is_ascension_mode":false,"campfire_upgraded":3,"path_taken":["M","M","M","?","?","R","E","?","T","M","E","M","?","E","R","BOSS","M","M","$","?","M","E","?","E","T","E","R","M"],"build_version":"2018-02-08-BETA1","purchased_purges":1,"victory":false,"master_deck":["Defend_G+1","Defend_G","Defend_G","Defend_G+1","Defend_G","Strike_G","Strike_G+1","Strike_G+1","Survivor+1","Neutralize+1","Wraith Form","Caltrops","Flying Knee","Backflip","Heel Hook","Well Laid Plans","Tools of the Trade","Footwork+1","Terror+1","Deflect","Burst+1","Dagger Throw+1","Dodge and Roll","Footwork","Outmaneuver+1","Crippling Poison+1","Escape Plan+1","Calculated Gamble+1","Parasite","Dash"],"max_hp_per_floor":[70,70,70,70,70,70,70,70,70,70,70,70,70,77,77,77,77,77,77,77,77,77,77,77,77,77,77,77],"relics":["The Specimen","Whetstone","Bag of Preparation","Ninja Scroll","Strawberry","Cursed Key","Toxic Egg 2","Tiny Chest","Blood Vial","Vajra","War Paint"],"card_choices":[{"not_picked":["Dagger Throw","Underhanded Strike"],"picked":"Wraith Form"},{"not_picked":["Masterful Stab","Bane"],"picked":"Caltrops"},{"not_picked":["Dagger Spray","All Out Attack"],"picked":"Flying Knee"},{"not_picked":["Blade Dance","Dodge and Roll"],"picked":"Backflip"},{"not_picked":["Backflip","PiercingWail"],"picked":"Heel Hook"},{"not_picked":["Heel Hook","Dash"],"picked":"Well Laid Plans"},{"not_picked":["Malaise","Backflip"],"picked":"Tools of the Trade"},{"not_picked":["Eviscerate","Acrobatics"],"picked":"Footwork"},{"not_picked":["Finisher","Bane"],"picked":"Terror"},{"not_picked":["Deadly Poison","Dagger Throw"],"picked":"Deflect"},{"not_picked":["Phantasmal Killer","Corpse Explosion"],"picked":"Burst"},{"not_picked":["Deadly Poison","Dagger Spray"],"picked":"Dagger Throw"},{"not_picked":["Eviscerate","Cloak And Dagger"],"picked":"Dodge and Roll"},{"not_picked":["Tools of the Trade","Slice"],"picked":"Crippling Poison"},{"not_picked":["Infinite Blades","Corpse Explosion"],"picked":"Escape Plan"},{"not_picked":["Poisoned Stab","Slice"],"picked":"Calculated Gamble"},{"not_picked":["Poisoned Stab","Quick Slash"],"picked":"Dash"}],"player_experience":95532,"potions_floor_usage":[7,7,11,18,25,25],"damage_taken":[{"damage":7,"enemies":"Blue Slaver","floor":1,"turns":5},{"damage":0,"enemies":"Cultist","floor":2,"turns":5},{"damage":6,"enemies":"2 Louse","floor":3,"turns":3},{"damage":1,"enemies":"2 Fungi Beasts","floor":4,"turns":5},{"damage":12,"enemies":"Gremlin Nob","floor":7,"turns":5},{"damage":0,"enemies":"Exordium Thugs","floor":10,"turns":6},{"damage":3,"enemies":"3 Sentries","floor":11,"turns":8},{"damage":0,"enemies":"Lots of Slimes","floor":12,"turns":5},{"damage":0,"enemies":"Red Slaver","floor":13,"turns":4},{"damage":13,"enemies":"Lagavulin","floor":14,"turns":8},{"damage":12,"enemies":"Hexaghost","floor":16,"turns":10},{"damage":14,"enemies":"Spheric Guardian","floor":18,"turns":5},{"damage":4,"enemies":"3 Byrds","floor":19,"turns":6},{"damage":16,"enemies":"Centurion and Healer","floor":22,"turns":8},{"damage":2,"enemies":"Book of Stabbing","floor":23,"turns":6},{"damage":0,"enemies":"Snecko","floor":24,"turns":6},{"damage":10,"enemies":"Slavers","floor":25,"turns":8},{"damage":13,"enemies":"Gremlin Leader","floor":27,"turns":8},{"damage":25,"enemies":"Snake Plant","floor":29,"turns":3}],"event_choices":[{"event_name":"Living Wall","player_choice":"Forget","floor":5,"damage_taken":0},{"event_name":"Shining Light","player_choice":"Entered Light","floor":8,"damage_taken":0},{"event_name":"The Library","player_choice":"Read","floor":21,"damage_taken":0}],"boss_relics":[{"not_picked":["Philosopher\u0027s Stone","Black Star"],"picked":"Cursed Key"}],"potions_floor_spawned":[1,4,10,11,22,23],"seed_played":"7801647832535324900","killed_by":"Snake Plant","ascension_level":0,"is_trial":false}