{"path_per_floor":["M","?","$","?","?","R","M","E","T","$","M","$","?","T","R","B",null,"M","?","M","?","$","E","?","T","T","$","M","$"],"character_chosen":"DEFECT","items_purchased":["Fruit Juice","Dramatic Entrance"],"gold_per_floor":[115,115,40,40,140,140,154,184,207,107,122,23,50,74,74,172,172,190,190,203,203,78,109,109,109,109,7,24,24,24],"floor_reached":30,"campfire_rested":1,"playtime":599,"item_purchase_floors":[12,27],"current_hp_per_floor":[66,66,66,66,66,66,66,51,51,51,46,46,43,50,76,36,87,83,67,60,60,60,25,25,25,25,25,1,1,0],"items_purged":["Strike_B","Strike_B","Strike_B"],"gold":24,"score":290,"play_id":"3a219a65-7b0a-45fb-bf49-7ff746e02c40","local_time":"20180519225125","is_prod":false,"is_daily":false,"chose_seed":false,"is_ascension_mode":true,"campfire_upgraded":1,"timestamp":1526763085,"campfire_choices":[{"data":"Zap","floor":6,"key":"SMITH"},{"floor":15,"key":"REST"}],"path_taken":["M","?","$","?","?","R","?","E","T","$","M","?","?","?","R","BOSS","M","?","M","?","$","E","?","?","T","$","M","?","M"],"build_version":"2018-05-18","seed_source_timestamp":1254352326539123,"purchased_purges":3,"victory":false,"master_deck":["Defend_B+1","Defend_B+1","Defend_B+1","Defend_B+1","Zap+1","Dualcast","Sunder+1","Go for the Eyes","Beam Cell+1","Conserve Battery","BootSequence","Beam Cell+1","Doom and Gloom","Rebound+1","White Noise","All For One","Dramatic Entrance","Axe Kick","Rebound+1"],"max_hp_per_floor":[75,75,75,75,75,75,75,75,75,75,75,75,80,87,87,87,87,87,87,87,87,87,87,87,87,87,87,87,87,87],"relics":["Cracked Core","Bronze Scales","Prayer Wheel","Ancient Tea Set","Odd Mushroom","Strawberry","Velvet Choker","Enchiridion","Whetstone","Gremlin Horn","Dream Catcher"],"card_choices":[{"not_picked":["Doom and Gloom","Streamline"],"picked":"Sunder","floor":1},{"not_picked":["Streamline","Leap"],"picked":"Beam Cell","floor":7},{"not_picked":["Tempest","Lockon","Double Energy"],"picked":"SKIP","floor":8},{"not_picked":["Steam Power","Tempest"],"picked":"Conserve Battery","floor":11},{"not_picked":["Reinforced Body","Consume"],"picked":"BootSequence","floor":11},{"not_picked":["Ball Lightning","Streamline"],"picked":"Beam Cell","floor":13},{"not_picked":["Steam Power","Steam"],"picked":"Doom and Gloom","floor":18},{"not_picked":["Steam","Ball Lightning","Capacitor"],"picked":"SKIP","floor":18},{"not_picked":["Heatsinks","Coolheaded"],"picked":"Rebound+1","floor":20},{"not_picked":["Leap","Blizzard"],"picked":"White Noise","floor":20},{"not_picked":["Loop","Ball Lightning"],"picked":"All For One","floor":23},{"not_picked":["Skim","Leap"],"picked":"Axe Kick","floor":28},{"not_picked":["Cold Snap","Stack"],"picked":"Rebound+1","floor":28}],"player_experience":82795,"potions_floor_usage":[8,13,16,23],"damage_taken":[{"damage":9,"enemies":"2 Louse","floor":1,"turns":2},{"damage":0,"enemies":"Cultist","floor":7,"turns":2},{"damage":15,"enemies":"Lagavulin","floor":8,"turns":4},{"damage":5,"enemies":"Small Slimes","floor":11,"turns":2},{"damage":8,"enemies":"The Mushroom Lair","floor":13,"turns":3},{"damage":40,"enemies":"Hexaghost","floor":16,"turns":8},{"damage":4,"enemies":"3 Byrds","floor":18,"turns":3},{"damage":7,"enemies":"2 Thieves","floor":20,"turns":2},{"damage":35,"enemies":"Book of Stabbing","floor":23,"turns":4},{"damage":24,"enemies":"Snake Plant","floor":28,"turns":3},{"damage":10,"enemies":"Centurion and Healer","floor":30,"turns":2}],"relics_obtained":[{"floor":8,"key":"Prayer Wheel"},{"floor":9,"key":"Ancient Tea Set"},{"floor":13,"key":"Odd Mushroom"},{"floor":14,"key":"Strawberry"},{"floor":19,"key":"Enchiridion"},{"floor":23,"key":"Whetstone"},{"floor":25,"key":"Gremlin Horn"},{"floor":26,"key":"Dream Catcher"}],"event_choices":[{"event_name":"Transmorgrifier","player_choice":"Transform","floor":2,"damage_taken":0},{"event_name":"Living Wall","player_choice":"Grow","floor":4,"damage_taken":0},{"event_name":"Golden Shrine","player_choice":"Pray","floor":5,"damage_taken":0},{"event_name":"Mushrooms","player_choice":"Fought Mushrooms","floor":13,"damage_taken":0},{"event_name":"Cursed Tome","player_choice":"Obtained Book","floor":19,"damage_taken":0},{"event_name":"Ghosts","player_choice":"Ignored","floor":21,"damage_taken":0},{"event_name":"Back to Basics","player_choice":"Simplicity","floor":24,"damage_taken":0}],"boss_relics":[{"not_picked":["Calling Bell","Runic Dome"],"picked":"Velvet Choker"}],"items_purged_floors":[3,10,22],"potions_floor_spawned":[1,7,8,18],"seed_played":"6461575640800599566","killed_by":"Centurion and Healer","ascension_level":4,"potions_obtained":[{"floor":1,"key":"LiquidBronze"},{"floor":7,"key":"Poison Potion"},{"floor":8,"key":"Poison Potion"},{"floor":18,"key":"PowerPotion"}],"is_trial":false}