{"gold_per_floor":[117,117,25,25,1,59,59,76,100,130,130,130,207,242,242,345,345,363,363,378,396,12,12,43,43,43,43,54,54,154,183,183,287,287,299,4,19,0,10,39,39,70,97,97,48,82,82,107,107,107],"floor_reached":51,"playtime":3309,"items_purged":["Strike_B","Defend_B"],"score":1230,"play_id":"5f4d55da-bb30-41fd-be0a-62af5293ae0d","local_time":"20180707231437","is_ascension_mode":true,"campfire_choices":[{"data":"Defragment","floor":7,"key":"SMITH"},{"floor":11,"key":"REST"},{"data":"Zap","floor":15,"key":"SMITH"},{"data":"Rainbow","floor":25,"key":"SMITH"},{"data":"Chaos","floor":27,"key":"SMITH"},{"data":"Coolheaded","floor":32,"key":"SMITH"},{"data":"Apotheosis","floor":47,"key":"SMITH"},{"data":"Meteor Strike","floor":49,"key":"SMITH"}],"neow_cost":"NONE","seed_source_timestamp":611030956290710,"circlet_count":0,"master_deck":["Defend_B","Defend_B","Zap+1","Dualcast","Chaos+1","Defragment+1","Conserve Battery","Go for the Eyes+1","Conserve Battery","Go for the Eyes","Coolheaded+1","Echo Form","Meteor Strike+1","Rainbow+1","Skim","Necronomicurse","Conserve Battery","Conserve Battery+1","Rebound","Echo Form","Creative AI","Buffer","Undo+1","Meteor Strike+1","Storm","Hologram","Stack+1","Hologram+1","Echo Form","PanicButton","Sadistic Nature","Apotheosis+1","Turbo"],"relics":["White Beast Statue","Tiny Chest","Happy Flower","Pantograph","Blue Candle","Ice Cream","Coffee Dripper","Necronomicon","Unceasing Top","Juzu Bracelet","Thread and Needle","Pear","Bag of Preparation","Empty Cage","Red Mask","Potion Belt","Whetstone","Dream Catcher","Gremlin Horn","Ancient Tea Set"],"potions_floor_usage":[14,16,21,24,33,35,37,40,40,40,46,50],"damage_taken":[{"damage":2,"enemies":"Jaw Worm","floor":1,"turns":4},{"damage":44,"enemies":"3 Sentries","floor":6,"turns":10},{"damage":0,"enemies":"Cultist","floor":8,"turns":5},{"damage":11,"enemies":"Lagavulin","floor":10,"turns":8},{"damage":2,"enemies":"3 Sentries","floor":14,"turns":6},{"damage":12,"enemies":"Slime Boss","floor":16,"turns":10},{"damage":5,"enemies":"3 Byrds","floor":18,"turns":6},{"damage":5,"enemies":"Spheric Guardian","floor":20,"turns":4},{"damage":0,"enemies":"Snake Plant","floor":21,"turns":4},{"damage":1,"enemies":"Gremlin Leader","floor":24,"turns":7},{"damage":0,"enemies":"Snecko","floor":28,"turns":5},{"damage":0,"enemies":"Book of Stabbing","floor":31,"turns":4},{"damage":8,"enemies":"Collector","floor":33,"turns":7},{"damage":4,"enemies":"Flame Bruiser 1 Orb","floor":35,"turns":7},{"damage":0,"enemies":"3 Shapes","floor":37,"turns":3},{"damage":6,"enemies":"Spire Growth","floor":39,"turns":4},{"damage":57,"enemies":"2 Orb Walkers","floor":40,"turns":7},{"damage":0,"enemies":"Nemesis","floor":42,"turns":7},{"damage":0,"enemies":"Giant Head","floor":46,"turns":6},{"damage":0,"enemies":"Time Eater","floor":50,"turns":6}],"seed_played":"4477271103762336726","potions_obtained":[{"floor":1,"key":"Strength Potion"},{"floor":6,"key":"Ancient Potion"},{"floor":8,"key":"Explosive Potion"},{"floor":10,"key":"PowerPotion"},{"floor":14,"key":"FocusPotion"},{"floor":16,"key":"Explosive Potion"},{"floor":18,"key":"GamblersBrew"},{"floor":20,"key":"SpeedPotion"},{"floor":21,"key":"Fire Potion"},{"floor":24,"key":"Weak Potion"},{"floor":28,"key":"Dexterity Potion"},{"floor":33,"key":"Fruit Juice"},{"floor":35,"key":"Swift Potion"},{"floor":37,"key":"SpeedPotion"},{"floor":39,"key":"GamblersBrew"},{"floor":40,"key":"SkillPotion"},{"floor":42,"key":"Ancient Potion"},{"floor":46,"key":"FearPotion"}],"is_trial":false,"path_per_floor":["M","?","$","?","$","E","R","M","T","E","R","?","T","E","R","B",null,"M","?","M","M","$","?","E","R","T","R","M","T","?","E","R","B",null,"M","$","M","?","M","E","?","E","T","?","$","E","R","T","R","B"],"character_chosen":"DEFECT","items_purchased":["Defragment","Conserve Battery","Go for the Eyes","Unceasing Top","Meteor Strike","Storm","Hologram","Turbo"],"campfire_rested":1,"item_purchase_floors":[3,3,5,22,36,36,36,45],"current_hp_per_floor":[66,66,66,66,66,22,22,22,22,11,33,33,33,31,31,44,67,62,46,41,41,41,41,40,40,40,40,40,50,50,50,50,67,81,82,82,82,82,76,19,9,9,9,79,79,79,79,79,79,79],"gold":107,"neow_bonus":"BOSS_RELIC","is_prod":false,"is_daily":false,"chose_seed":false,"campfire_upgraded":7,"win_rate":0,"timestamp":1531030477,"path_taken":["M","?","$","?","$","E","R","M","T","E","R","?","?","E","R","BOSS","M","?","?","M","$","?","E","R","T","R","M","?","?","E","R","BOSS","M","$","M","?","M","E","?","E","T","?","$","E","R","?","R","BOSS"],"build_version":"2018-07-05","purchased_purges":2,"victory":true,"max_hp_per_floor":[75,75,75,75,75,75,75,75,75,75,75,75,75,75,75,75,75,75,75,75,75,75,75,75,75,75,75,75,85,85,85,85,85,85,90,90,90,90,90,90,90,90,90,79,79,79,79,79,79,79],"card_choices":[{"not_picked":["Stack","Steam Power"],"picked":"Chaos","floor":1},{"not_picked":["Ball Lightning","Coolheaded"],"picked":"Conserve Battery","floor":6},{"not_picked":["Ball Lightning","Stack"],"picked":"Go for the Eyes","floor":8},{"not_picked":["Steam","Doom and Gloom"],"picked":"Coolheaded","floor":10},{"not_picked":["Hologram","Streamline"],"picked":"Meteor Strike","floor":14},{"not_picked":["Biased Cognition","Hyperbeam"],"picked":"Rainbow","floor":16},{"not_picked":["Hologram","Streamline+1"],"picked":"Skim","floor":18},{"not_picked":["Hologram+1","Cold Snap"],"picked":"Conserve Battery","floor":20},{"not_picked":["Go for the Eyes+1","Turbo"],"picked":"Conserve Battery+1","floor":21},{"not_picked":["Sweeping Beam","Compile Driver+1"],"picked":"Rebound","floor":24},{"not_picked":["Sunder","Streamline+1"],"picked":"Echo Form","floor":28},{"not_picked":["Double Energy","Loop"],"picked":"Creative AI","floor":31},{"not_picked":["Seek","Thunder Strike"],"picked":"Buffer","floor":33},{"not_picked":["Steam Power","Sweeping Beam+1"],"picked":"Undo+1","floor":35},{"not_picked":["Consume+1","FTL"],"picked":"Stack+1","floor":37},{"not_picked":["Force Field","Barrage+1"],"picked":"Hologram+1","floor":39},{"not_picked":["Gash","Blizzard"],"picked":"Echo Form","floor":40},{"not_picked":["Jack Of All Trades","Dramatic Entrance"],"picked":"PanicButton","floor":41},{"not_picked":["Flash of Steel","Thinking Ahead"],"picked":"Sadistic Nature","floor":41},{"not_picked":["Dramatic Entrance","Good Instincts"],"picked":"Apotheosis","floor":41},{"not_picked":["Gash","Sweeping Beam","Stack"],"picked":"SKIP","floor":42},{"not_picked":["Electrodynamics","Fusion+1","Coolheaded"],"picked":"SKIP","floor":46}],"player_experience":268409,"relics_obtained":[{"floor":6,"key":"Tiny Chest"},{"floor":9,"key":"Happy Flower"},{"floor":10,"key":"Pantograph"},{"floor":13,"key":"Blue Candle"},{"floor":14,"key":"Ice Cream"},{"floor":19,"key":"Necronomicon"},{"floor":24,"key":"Juzu Bracelet"},{"floor":26,"key":"Thread and Needle"},{"floor":29,"key":"Pear"},{"floor":31,"key":"Bag of Preparation"},{"floor":40,"key":"Potion Belt"},{"floor":42,"key":"Whetstone"},{"floor":43,"key":"Dream Catcher"},{"floor":46,"key":"Gremlin Horn"},{"floor":48,"key":"Ancient Tea Set"}],"event_choices":[{"event_name":"Bonfire Elementals","player_choice":"BASIC","floor":2,"damage_taken":0},{"event_name":"The Cleric","player_choice":"Leave","floor":4,"damage_taken":0},{"event_name":"Transmorgrifier","player_choice":"Transform","floor":12,"damage_taken":0},{"event_name":"Cursed Tome","player_choice":"Obtained Book","floor":19,"damage_taken":0},{"event_name":"Vampires","player_choice":"Ignored","floor":23,"damage_taken":0},{"event_name":"Golden Shrine","player_choice":"Pray","floor":30,"damage_taken":0},{"event_name":"Tomb of Lord Red Mask","player_choice":"Paid","floor":38,"damage_taken":0},{"event_name":"SensoryStone","player_choice":"Memory 3","floor":41,"damage_taken":0},{"event_name":"The Moai Head","player_choice":"Heal","floor":44,"damage_taken":0}],"boss_relics":[{"not_picked":["Ectoplasm","Velvet Choker"],"picked":"Coffee Dripper"},{"not_picked":["Inserter","Orrery"],"picked":"Empty Cage"}],"items_purged_floors":[22,36],"is_endless":false,"potions_floor_spawned":[1,6,8,10,14,16,18,20,21,24,28,31,33,35,37,39,40,42,46],"ascension_level":6}