{"path_per_floor":["M","?","$","?","?","R","E","R","T","M","E","M","$","E","R","B",null,"M","M","?","M","M","R"],"character_chosen":"THE_SILENT","items_purchased":["Footwork","Quick Slash","Outmaneuver","Noxious Fumes"],"gold_per_floor":[110,110,28,28,28,28,61,61,61,81,116,126,27,55,55,156,156,170,180,230,248,265,265],"floor_reached":24,"campfire_rested":0,"playtime":1568,"current_hp_per_floor":[70,70,70,63,70,70,41,41,41,41,21,33,33,42,42,27,80,78,62,62,44,41,41],"items_purged":[],"gold":265,"play_id":"684dfbb9-3042-40bc-9c18-c9310665981e","is_prod":false,"is_daily":false,"is_ascension_mode":false,"campfire_upgraded":4,"path_taken":["M","?","$","?","?","R","E","R","T","M","E","M","$","E","R","BOSS","M","M","?","?","?","R","E"],"build_version":"2018-02-01-PROD3","purchased_purges":0,"victory":false,"master_deck":["Defend_G","Defend_G","Defend_G","Defend_G","Defend_G","Strike_G","Strike_G","Strike_G","Strike_G","Survivor","Neutralize","Flying Knee+1","Quick Slash+1","Deflect","Infinite Blades","Deadly Poison","Backflip","Outmaneuver","Noxious Fumes","A Thousand Cuts+1","Burst+1","Catalyst","Bouncing Flask","Backflip+1","Prepared"],"max_hp_per_floor":[70,70,70,70,70,70,70,70,70,70,70,70,70,80,80,80,80,80,80,80,80,80,80],"relics":["Ring of the Snake","Mercury Hourglass","Anchor","Meat on the Bone","Pear","Black Star"],"card_choices":[{"not_picked":["Masterful Stab","Dagger Spray"],"picked":"Flying Knee"},{"not_picked":["Dash","Underhanded Strike"],"picked":"Deflect"},{"not_picked":["Underhanded Strike","Dodge and Roll"],"picked":"Infinite Blades"},{"not_picked":["Distraction","Dodge and Roll"],"picked":"Deadly Poison"},{"not_picked":["Poisoned Stab","PiercingWail"],"picked":"Backflip"},{"not_picked":["Blur","Sucker Punch"],"picked":"A Thousand Cuts"},{"not_picked":["Bullet Time","Corpse Explosion"],"picked":"Burst"},{"not_picked":["Dagger Throw","Underhanded Strike"],"picked":"Catalyst"},{"not_picked":["Dagger Spray","Eviscerate"],"picked":"Bouncing Flask"},{"not_picked":["Deflect","Underhanded Strike"],"picked":"Backflip"},{"not_picked":["Dagger Spray","Malaise"],"picked":"Prepared"}],"player_experience":37517,"potions_floor_usage":[7,7,14,18,18,22,22],"damage_taken":[{"damage":0,"enemies":"Jaw Worm","floor":1,"turns":4},{"damage":29,"enemies":"Lagavulin","floor":7,"turns":8},{"damage":0,"enemies":"Blue Slaver","floor":10,"turns":3},{"damage":20,"enemies":"Gremlin Nob","floor":11,"turns":5},{"damage":0,"enemies":"2 Louse","floor":12,"turns":2},{"damage":19,"enemies":"Lagavulin","floor":14,"turns":5},{"damage":27,"enemies":"Slime Boss","floor":16,"turns":8},{"damage":2,"enemies":"Chosen","floor":18,"turns":4},{"damage":16,"enemies":"Spheric Guardian","floor":19,"turns":4},{"damage":18,"enemies":"3 Cultists","floor":21,"turns":5},{"damage":15,"enemies":"Snecko","floor":22,"turns":3},{"damage":42,"enemies":"Book of Stabbing","floor":24,"turns":7}],"event_choices":[{"event_name":"The Lab","player_choice":"Got Potions","floor":2,"damage_taken":0},{"event_name":"Golden Wing","player_choice":"Card Removal","floor":4,"damage_taken":0},{"event_name":"Bonfire Elementals","player_choice":"UNCOMMON","floor":5,"damage_taken":0},{"event_name":"The Joust","player_choice":"Bet on Murderer","floor":20,"damage_taken":0}],"boss_relics":[{"not_picked":["Ectoplasm","Runic Dome"],"picked":"Black Star"}],"potions_floor_spawned":[1,12,14,16,21],"seed_played":"-1685062954014095171","killed_by":"Book of Stabbing","ascension_level":0,"is_trial":false}