{"gold_per_floor":[112,187,134,147,97,97,272,272,272,297,311,344,344,362,362,457,457,467,467,467,492,510,510,525,450,474,50,61,61,73,105,105,105],"floor_reached":33,"playtime":3354,"items_purged":["Defend_G"],"score":288,"play_id":"70d8eca0-4bc5-4a92-aa54-7917731ef81a","local_time":"20190405095235","is_ascension_mode":false,"campfire_choices":[{"data":"Neutralize","floor":6,"key":"SMITH"},{"data":"Blade Dance","floor":8,"key":"SMITH"},{"data":"Terror","floor":13,"key":"SMITH"},{"data":"Expertise","floor":15,"key":"SMITH"},{"data":"Envenom","floor":23,"key":"SMITH"},{"floor":29,"key":"REST"},{"floor":32,"key":"REST"}],"neow_cost":"NONE","seed_source_timestamp":6480465033217921,"circlet_count":0,"master_deck":["Defend_G","Survivor","Neutralize+1","Quick Slash+1","Flying Knee+1","Blade Dance+1","Terror+1","Dagger Throw","Backflip","Expertise+1","Envenom+1","Tactician","Bite","Bite","Bite","Bite","Bite","Prepared","Dagger Throw+1","Blade Dance+1","Infinite Blades","Unload","Underhanded Strike","Doppelganger","Well Laid Plans","Choke"],"relics":["Ring of the Snake","NeowsBlessing","Whetstone","Odd Mushroom","Bag of Preparation","Empty Cage","Oddly Smooth Stone","Red Mask","Bag of Marbles","Pen Nib","Blood Vial"],"potions_floor_usage":[24,24,31],"damage_taken":[{"damage":0,"enemies":"Small Slimes","floor":1,"turns":1},{"damage":0,"enemies":"2 Louse","floor":4,"turns":1},{"damage":0,"enemies":"The Mushroom Lair","floor":10,"turns":1},{"damage":0,"enemies":"Jaw Worm","floor":11,"turns":3},{"damage":3,"enemies":"Lagavulin","floor":12,"turns":7},{"damage":2,"enemies":"Blue Slaver","floor":14,"turns":3},{"damage":31,"enemies":"Slime Boss","floor":16,"turns":13},{"damage":6,"enemies":"Chosen","floor":18,"turns":3},{"damage":44,"enemies":"Masked Bandits","floor":21,"turns":6},{"damage":11,"enemies":"Shell Parasite","floor":22,"turns":4},{"damage":12,"enemies":"Sentry and Sphere","floor":24,"turns":4},{"damage":15,"enemies":"3 Cultists","floor":28,"turns":5},{"damage":15,"enemies":"Snake Plant","floor":30,"turns":3},{"damage":9,"enemies":"Gremlin Leader","floor":31,"turns":3},{"damage":30,"enemies":"Automaton","floor":33,"turns":3}],"seed_played":"6875096409148424434","potions_obtained":[{"floor":10,"key":"Dexterity Potion"},{"floor":11,"key":"SpeedPotion"},{"floor":16,"key":"Dexterity Potion"},{"floor":18,"key":"GhostInAJar"},{"floor":21,"key":"SteroidPotion"},{"floor":28,"key":"Weak Potion"}],"is_trial":false,"path_per_floor":["M","?","$","M","?","R","?","R","T","?","M","E","R","M","R","B",null,"M","?","?","?","M","R","M","?","T","$","M","R","M","E","R","B"],"character_chosen":"THE_SILENT","items_purchased":["Flying Knee","Infinite Blades","Unload","Underhanded Strike","Pen Nib"],"campfire_rested":2,"item_purchase_floors":[3,27,27,27,27],"current_hp_per_floor":[70,59,59,59,59,59,59,59,59,59,59,56,56,54,54,23,70,64,64,49,17,14,14,16,16,16,16,7,21,12,3,17,0],"gold":105,"neow_bonus":"THREE_ENEMY_KILL","is_prod":false,"is_daily":false,"chose_seed":false,"campfire_upgraded":5,"win_rate":0.0,"timestamp":1554472355,"path_taken":["M","?","$","M","?","R","?","R","T","?","M","E","R","M","R","BOSS","M","?","?","?","?","R","M","?","T","$","M","R","M","E","R","BOSS"],"build_version":"2019-01-23","purchased_purges":1,"victory":false,"max_hp_per_floor":[70,70,70,70,70,70,70,70,70,70,70,70,70,70,70,70,70,70,70,49,49,49,49,49,49,49,49,49,49,49,49,49,49],"card_choices":[{"not_picked":["Deadly Poison","Eviscerate"],"picked":"Quick Slash","floor":1},{"not_picked":["Slice","Noxious Fumes"],"picked":"Blade Dance","floor":4},{"not_picked":["Slice","Escape Plan"],"picked":"Terror","floor":10},{"not_picked":["Caltrops","Tactician"],"picked":"Dagger Throw","floor":11},{"not_picked":["Calculated Gamble","Dodge and Roll"],"picked":"Backflip","floor":12},{"not_picked":["Distraction","Poisoned Stab"],"picked":"Expertise","floor":14},{"not_picked":["After Image","Adrenaline"],"picked":"Envenom","floor":16},{"not_picked":["Prepared","Deflect"],"picked":"Tactician","floor":18},{"not_picked":["Outmaneuver","Poisoned Stab"],"picked":"Prepared","floor":21},{"not_picked":["Slice+1","Caltrops+1"],"picked":"Dagger Throw+1","floor":22},{"not_picked":["Deflect","Noxious Fumes"],"picked":"Blade Dance+1","floor":24},{"not_picked":["Tactician","Deadly Poison+1"],"picked":"Doppelganger","floor":28},{"not_picked":["Quick Slash","Blur"],"picked":"Well Laid Plans","floor":30},{"not_picked":["Outmaneuver","Flying Knee"],"picked":"Choke","floor":31}],"player_experience":91494,"relics_obtained":[{"floor":9,"key":"Whetstone"},{"floor":10,"key":"Odd Mushroom"},{"floor":12,"key":"Bag of Preparation"},{"floor":21,"key":"Red Mask"},{"floor":26,"key":"Bag of Marbles"},{"floor":31,"key":"Blood Vial"}],"event_choices":[{"damage_healed":0,"gold_gain":75,"player_choice":"Gather Gold","damage_taken":11,"max_hp_gain":0,"max_hp_loss":0,"event_name":"World of Goop","floor":2,"gold_loss":0},{"cards_removed":["Defend_G"],"damage_healed":0,"gold_gain":0,"player_choice":"Card Removal","damage_taken":0,"max_hp_gain":0,"max_hp_loss":0,"event_name":"The Cleric","floor":5,"gold_loss":50},{"damage_healed":0,"gold_gain":175,"player_choice":"AGREE","damage_taken":0,"max_hp_gain":0,"max_hp_loss":0,"event_name":"Liars Game","floor":7,"gold_loss":0,"cards_obtained":["Doubt"]},{"damage_healed":0,"gold_gain":0,"player_choice":"Fought Mushrooms","damage_taken":0,"max_hp_gain":0,"max_hp_loss":0,"event_name":"Mushrooms","floor":10,"gold_loss":0},{"damage_healed":0,"gold_gain":0,"player_choice":"Opened","damage_taken":0,"relics_obtained":["Oddly Smooth Stone"],"max_hp_gain":0,"max_hp_loss":0,"event_name":"The Mausoleum","floor":19,"gold_loss":0},{"damage_healed":0,"gold_gain":0,"player_choice":"Became a vampire","damage_taken":0,"max_hp_gain":0,"max_hp_loss":21,"event_name":"Vampires","floor":20,"gold_loss":0,"cards_obtained":["Bite","Bite","Bite","Bite","Bite"]},{"damage_healed":0,"gold_gain":0,"player_choice":"Fought Bandits","damage_taken":0,"max_hp_gain":0,"max_hp_loss":0,"event_name":"Masked Bandits","floor":21,"gold_loss":0},{"cards_removed":["Defend_G"],"damage_healed":0,"gold_gain":0,"player_choice":"Gave Gold","damage_taken":0,"max_hp_gain":0,"max_hp_loss":0,"event_name":"Beggar","floor":25,"gold_loss":75}],"is_beta":false,"boss_relics":[{"not_picked":["Tiny House","Velvet Choker"],"picked":"Empty Cage"}],"items_purged_floors":[27],"is_endless":false,"potions_floor_spawned":[10,11,16,18,21,28],"killed_by":"Automaton","ascension_level":0}