{"path_per_floor":["M","?","M","?","$","R","$","E","T","R","M","R","M","E","R","B",null,"M","?","?","?","M","R","M","?","T","M","?","E","$","M","R","B",null,"M","$","?","?","?","R","M","R","T","M"],"character_chosen":"IRONCLAD","items_purchased":["Rage","Feed","Shrug It Off","Metallicize"],"gold_per_floor":[112,112,125,90,17,17,17,45,45,45,57,57,74,100,100,202,202,220,220,120,120,138,138,155,155,155,175,175,202,18,32,32,132,132,150,76,76,0,0,0,13,13,13,30],"floor_reached":45,"campfire_rested":3,"playtime":2861,"current_hp_per_floor":[54,54,58,82,82,82,82,58,58,86,90,90,88,77,77,57,96,87,87,87,87,96,96,92,96,110,96,96,53,53,59,92,51,110,104,104,94,94,94,94,64,98,98,52],"items_purged":[],"gold":30,"play_id":"2b6d37df-af27-4718-8e1b-df6b40fe9f04","is_prod":false,"is_daily":false,"is_ascension_mode":false,"campfire_upgraded":4,"path_taken":["M","?","M","?","?","R","$","E","T","R","M","R","M","E","R","BOSS","M","?","?","?","M","R","?","?","T","M","?","E","$","M","R","BOSS","M","$","?","?","?","R","M","R","T","M","E"],"build_version":"2018-01-25-PROD3","purchased_purges":0,"victory":false,"master_deck":["Strike_R","Strike_R","Strike_R","Strike_R","Strike_R","Defend_R","Defend_R","Defend_R","Defend_R","Bash+1","Metallicize+1","Uppercut+1","Rage","Rampage+1","Perfected Strike","Offering","Armaments+1","Reaper+1","Warcry+1","J.A.X.","Sword Boomerang+1","Shrug It Off","Perfected Strike","Normality","Sword Boomerang+1","Feed","Shrug It Off","Seeing Red","Juggernaut","Thunderclap+1","Metallicize","Madness","Madness","Metallicize+1","Heavy Blade+1","Uppercut+1"],"max_hp_per_floor":[96,96,96,96,96,96,96,96,96,96,96,96,96,96,96,96,96,96,96,96,96,96,96,96,96,110,110,110,110,110,110,110,110,110,114,114,114,114,114,114,114,114,114,114],"relics":["Black Blood","Kunai","Sundial","Whetstone","Velvet Choker","Mango","Mummified Hand","Girya","Red Mask","Molten Egg"],"card_choices":[{"not_picked":["Heavy Blade","Pummel"],"picked":"Metallicize"},{"not_picked":["Flex","Rupture"],"picked":"Uppercut"},{"not_picked":["Shrug It Off","Disarm"],"picked":"Rampage"},{"not_picked":["Twin Strike","Fire Breathing"],"picked":"Perfected Strike"},{"not_picked":["Feel No Pain","Sever Soul"],"picked":"Offering"},{"not_picked":["Clothesline","Twin Strike"],"picked":"Armaments"},{"not_picked":["Dark Embrace","Brutality"],"picked":"Reaper"},{"not_picked":["Clothesline","Flex"],"picked":"Warcry"},{"not_picked":["Second Wind","True Grit"],"picked":"Sword Boomerang"},{"not_picked":["Blood for Blood","Dual Wield"],"picked":"Shrug It Off"},{"not_picked":["Clothesline","Intimidate"],"picked":"Perfected Strike"},{"not_picked":["Anger","Battle Trance"],"picked":"Sword Boomerang"},{"not_picked":["Armaments","Sword Boomerang"],"picked":"Seeing Red"},{"not_picked":["Demon Form","Reaper"],"picked":"Juggernaut"},{"not_picked":["Fire Breathing","Rage"],"picked":"Thunderclap"},{"not_picked":["Perfected Strike","Body Slam"],"picked":"Heavy Blade"},{"not_picked":["Anger","Clothesline"],"picked":"Uppercut"}],"player_experience":4383,"potions_floor_usage":[16,27,29,31,33,45],"damage_taken":[{"damage":0,"enemies":"Small Slimes","floor":1,"turns":3},{"damage":2,"enemies":"2 Louse","floor":3,"turns":4},{"damage":30,"enemies":"3 Sentries","floor":8,"turns":11},{"damage":2,"enemies":"Cultist","floor":11,"turns":3},{"damage":8,"enemies":"Large Slime","floor":13,"turns":6},{"damage":17,"enemies":"Lagavulin","floor":14,"turns":7},{"damage":41,"enemies":"The Guardian","floor":16,"turns":10},{"damage":25,"enemies":"2 Thieves","floor":18,"turns":5},{"damage":3,"enemies":"Chosen","floor":22,"turns":5},{"damage":17,"enemies":"Snake Plant","floor":24,"turns":5},{"damage":20,"enemies":"Sentry and Sphere","floor":27,"turns":5},{"damage":57,"enemies":"Slavers","floor":29,"turns":7},{"damage":8,"enemies":"3 Cultists","floor":31,"turns":7},{"damage":51,"enemies":"Champ","floor":33,"turns":13},{"damage":23,"enemies":"3 Shapes","floor":35,"turns":4},{"damage":42,"enemies":"3 Darklings","floor":41,"turns":5},{"damage":62,"enemies":"Maw","floor":44,"turns":8},{"damage":75,"enemies":"Nemesis","floor":45,"turns":9}],"event_choices":[{"event_name":"Golden Wing","player_choice":"Ignored","floor":2,"damage_taken":0},{"event_name":"The Cleric","player_choice":"Healed","floor":4,"damage_taken":0},{"event_name":"Vampires","player_choice":"Ignored","floor":19,"damage_taken":0},{"event_name":"Drug Dealer","player_choice":"Got JAXXED","floor":20,"damage_taken":0},{"event_name":"Beggar","player_choice":"Ignored","floor":21,"damage_taken":0},{"event_name":"Wheel of Change","player_choice":"Full Heal","floor":25,"damage_taken":0},{"event_name":"Accursed Blacksmith","player_choice":"Rummage","floor":28,"damage_taken":0},{"event_name":"Winding Halls","player_choice":"Embrace Madness","floor":37,"damage_taken":0},{"event_name":"Tomb of Lord Red Mask","player_choice":"Paid","floor":38,"damage_taken":0},{"event_name":"Duplicator","player_choice":"One dupe","floor":39,"damage_taken":0}],"boss_relics":[{"not_picked":["Sozu","Astrolabe"],"picked":"Velvet Choker"},{"not_picked":["Question Card","Philosopher\u0027s Stone"],"picked":"Black Blood"}],"potions_floor_spawned":[13,14,18,24,29,44],"seed_played":"3508300561595338342","killed_by":"Nemesis","ascension_level":0,"is_trial":false}