{"path_per_floor":["M","?","M","M","?","M","E","R","T","E","M","$","M"],"character_chosen":"IRONCLAD","items_purchased":["Whirlwind"],"gold_per_floor":[116,116,128,142,142,157,188,188,188,222,241,110,128,128],"floor_reached":14,"campfire_rested":0,"playtime":526,"current_hp_per_floor":[73,57,60,66,59,59,53,53,53,48,54,54,23,0],"items_purged":["Strike_R"],"gold":128,"score":107,"play_id":"b7767b2d-ee19-4424-ad63-9821e4a2280f","local_time":"20180325015507","is_prod":false,"is_daily":false,"is_ascension_mode":true,"campfire_upgraded":1,"timestamp":1521939307,"path_taken":["M","?","M","M","?","M","E","R","T","E","M","$","M","E"],"build_version":"2018-03-22v2","purchased_purges":1,"victory":false,"master_deck":["Strike_R","Strike_R","Strike_R","Strike_R","Defend_R","Defend_R","Defend_R+1","Defend_R","Bash+1","Flex+1","Warcry","Dual Wield","Feel No Pain","Flex+1","Flex","Whirlwind","Infernal Blade"],"max_hp_per_floor":[80,80,80,80,80,80,80,80,80,80,80,80,80,80],"relics":["Burning Blood","Dream Catcher","Regal Pillow","Smiling Mask","Anchor"],"card_choices":[{"not_picked":["Dropkick","Rampage"],"picked":"Flex","floor":1},{"not_picked":["Armaments","Battle Trance"],"picked":"Warcry","floor":3},{"not_picked":["Anger","Power Through"],"picked":"Dual Wield","floor":4},{"not_picked":["Sever Soul","Entrench"],"picked":"Feel No Pain","floor":6},{"not_picked":["Heavy Blade","Rupture"],"picked":"Flex","floor":7},{"not_picked":["Metallicize","Shrug It Off"],"picked":"Flex","floor":10},{"not_picked":["Burning Pact","Iron Wave"],"picked":"Infernal Blade","floor":13}],"player_experience":114728,"potions_floor_usage":[7,7,10,13],"damage_taken":[{"damage":13,"enemies":"Jaw Worm","floor":1,"turns":3},{"damage":3,"enemies":"Small Slimes","floor":3,"turns":2},{"damage":0,"enemies":"2 Louse","floor":4,"turns":2},{"damage":6,"enemies":"Blue Slaver","floor":6,"turns":4},{"damage":12,"enemies":"Gremlin Nob","floor":7,"turns":4},{"damage":11,"enemies":"3 Sentries","floor":10,"turns":7},{"damage":0,"enemies":"Looter","floor":11,"turns":3},{"damage":37,"enemies":"Gremlin Gang","floor":13,"turns":8},{"damage":49,"enemies":"Gremlin Nob","floor":14,"turns":4}],"event_choices":[{"event_name":"Shining Light","player_choice":"Entered Light","floor":2,"damage_taken":0},{"event_name":"Scrap Ooze","player_choice":"success","floor":5,"damage_taken":7}],"boss_relics":[],"potions_floor_spawned":[3,4,6,10],"seed_played":"-6612733126703122090","killed_by":"Gremlin Nob","ascension_level":1,"is_trial":false}