{"path_per_floor":["M","?","?","M","M","R","M","R","T","M","M","$","E","?","R","B",null,"M","?","$","T","M","R","M","?","T","R","?","E","R"],"character_chosen":"IRONCLAD","items_purchased":["Metallicize","Armaments"],"gold_per_floor":[118,88,38,38,58,58,73,73,73,88,105,24,58,58,58,153,153,167,167,38,38,48,48,67,67,67,67,67,101,101],"floor_reached":31,"campfire_rested":4,"playtime":1272,"current_hp_per_floor":[72,72,72,60,53,77,77,77,77,74,60,60,60,48,72,67,80,59,59,59,59,59,59,29,29,29,45,56,33,51],"items_purged":["Strike_R"],"gold":101,"play_id":"8bcb5f5a-74ba-404c-b58f-595594a19db6","is_prod":false,"is_daily":false,"is_ascension_mode":false,"campfire_upgraded":2,"path_taken":["M","?","?","M","M","R","?","R","T","M","M","?","E","?","R","BOSS","M","?","$","?","?","R","M","?","T","R","?","E","R","E"],"build_version":"2018-01-25-PROD3","purchased_purges":1,"victory":false,"master_deck":["Defend_R","Defend_R","Defend_R","Defend_R","Bash","Demon Form+1","Anger","Flex","Sword Boomerang","Juggernaut","Rampage","Metallicize","Demon Form+1","Barricade","Flame Barrier","Armaments+1","Headbutt","Flex","Bite_R","Bite_R","Bite_R","Bite_R","Bite_R"],"max_hp_per_floor":[80,80,80,80,80,80,80,80,80,80,80,80,80,80,80,80,80,80,80,80,80,80,80,80,56,56,56,56,63,63],"relics":["Philosopher\u0027s Stone","Ice Cream","Thread and Needle","Paper Frog","White Beast Statue","Shuriken","Toxic Egg","Du-Vu Doll","Strawberry"],"card_choices":[{"not_picked":["Wild Strike","Second Wind"],"picked":"Demon Form"},{"not_picked":["Disarm","Clash"],"picked":"Anger"},{"not_picked":["Rupture","Bloodletting"],"picked":"Flex"},{"not_picked":["Cleave","Dropkick"],"picked":"Sword Boomerang"},{"not_picked":["Wild Strike","Twin Strike"],"picked":"Juggernaut"},{"not_picked":["Sever Soul","Twin Strike"],"picked":"Rampage"},{"not_picked":["Clash","Feel No Pain"],"picked":"Demon Form"},{"not_picked":["Berserk","Fiend Fire"],"picked":"Barricade"},{"not_picked":["Iron Wave","Cleave"],"picked":"Flame Barrier"},{"not_picked":["Clothesline","Combust"],"picked":"Headbutt"},{"not_picked":["Sever Soul","Iron Wave"],"picked":"Flex"}],"player_experience":33151,"potions_floor_usage":[5,11,13,16,16,29,29,29,31],"damage_taken":[{"damage":8,"enemies":"Cultist","floor":1,"turns":3},{"damage":12,"enemies":"Blue Slaver","floor":4,"turns":4},{"damage":7,"enemies":"Small Slimes","floor":5,"turns":3},{"damage":0,"enemies":"Exordium Wildlife","floor":7,"turns":4},{"damage":3,"enemies":"2 Fungi Beasts","floor":10,"turns":3},{"damage":14,"enemies":"Exordium Thugs","floor":11,"turns":5},{"damage":0,"enemies":"Lagavulin","floor":13,"turns":4},{"damage":19,"enemies":"Slime Boss","floor":16,"turns":6},{"damage":21,"enemies":"Spheric Guardian","floor":18,"turns":4},{"damage":0,"enemies":"Chosen","floor":22,"turns":3},{"damage":30,"enemies":"Centurion and Healer","floor":24,"turns":6},{"damage":37,"enemies":"Gremlin Leader","floor":29,"turns":5},{"damage":55,"enemies":"Slavers","floor":31,"turns":4}],"event_choices":[{"event_name":"The Woman in Blue","player_choice":"Bought 2 Potions","floor":2,"damage_taken":0},{"event_name":"The Cleric","player_choice":"Card Removal","floor":3,"damage_taken":0},{"event_name":"Scrap Ooze","player_choice":"success","floor":14,"damage_taken":12},{"event_name":"The Mausoleum","player_choice":"Yes","floor":19,"damage_taken":0},{"event_name":"Vampires","player_choice":"Became a vampire","floor":25,"damage_taken":0},{"event_name":"The Library","player_choice":"Heal","floor":28,"damage_taken":0}],"boss_relics":[{"not_picked":["Mark of Pain","Snecko Eye"],"picked":"White Beast Statue"}],"potions_floor_spawned":[5,10,13,18,22,24,29],"seed_played":"6316335577560588479","killed_by":"Slavers","ascension_level":0,"is_trial":false}