{"gold_per_floor":[114,114,127,139,149,149,166,183,183,258,289,303,303,320,320,417,417,434,454,454,335,335,370,370,370,370,370,388,388,419,518,518,518],"floor_reached":33,"playtime":4319,"items_purged":[],"score":287,"play_id":"21c7575d-f406-42f7-9e58-c743c790dc30","local_time":"20190406150916","is_ascension_mode":false,"campfire_choices":[{"data":"Chill","floor":6,"key":"SMITH"},{"floor":15,"key":"REST"},{"floor":25,"key":"REST"},{"floor":27,"key":"REST"},{"floor":29,"key":"REST"},{"floor":32,"key":"REST"}],"neow_cost":"NONE","seed_source_timestamp":2169130710016,"circlet_count":0,"master_deck":["Zap","Dualcast+1","Chill+1","Conserve Battery","Barrage","Machine Learning","Thunder Strike","All For One","Steam","Reprogram","Melter","Chill","Storm","Storm","Force Field","Cold Snap+1","Cold Snap+1"],"relics":["Cracked Core","NeowsBlessing","Sundial","The Courier","Pandora\u0027s Box","Oddly Smooth Stone","Juzu Bracelet","Incense Burner","Centennial Puzzle","Du-Vu Doll"],"potions_floor_usage":[16,16],"damage_taken":[{"damage":0,"enemies":"Cultist","floor":1,"turns":1},{"damage":0,"enemies":"Small Slimes","floor":3,"turns":1},{"damage":0,"enemies":"Jaw Worm","floor":4,"turns":1},{"damage":12,"enemies":"Exordium Wildlife","floor":5,"turns":4},{"damage":0,"enemies":"Looter","floor":7,"turns":4},{"damage":3,"enemies":"Blue Slaver","floor":8,"turns":4},{"damage":21,"enemies":"Lagavulin","floor":11,"turns":8},{"damage":4,"enemies":"Large Slime","floor":12,"turns":7},{"damage":0,"enemies":"Looter","floor":14,"turns":3},{"damage":40,"enemies":"The Guardian","floor":16,"turns":18},{"damage":10,"enemies":"Chosen","floor":18,"turns":5},{"damage":0,"enemies":"Spheric Guardian","floor":19,"turns":2},{"damage":36,"enemies":"Colosseum Slavers","floor":20,"turns":5},{"damage":28,"enemies":"Gremlin Leader","floor":23,"turns":7},{"damage":12,"enemies":"Snecko","floor":28,"turns":6},{"damage":33,"enemies":"Slavers","floor":30,"turns":7},{"damage":60,"enemies":"Collector","floor":33,"turns":7}],"seed_played":"4520377726864532990","potions_obtained":[{"floor":5,"key":"Regen Potion"},{"floor":7,"key":"AttackPotion"},{"floor":8,"key":"SkillPotion"},{"floor":16,"key":"Ancient Potion"},{"floor":18,"key":"Swift Potion"}],"is_trial":false,"path_per_floor":["M","?","M","M","M","R","M","M","T","?","E","M","?","M","R","B",null,"M","M","?","$","?","E","T","R","T","R","M","R","E","?","R","B"],"character_chosen":"DEFECT","items_purchased":["Oddly Smooth Stone"],"campfire_rested":5,"item_purchase_floors":[21],"current_hp_per_floor":[75,75,75,75,63,63,63,60,60,53,32,28,53,53,75,35,75,65,65,29,29,29,1,1,23,23,45,33,55,22,22,44,0],"gold":518,"neow_bonus":"THREE_ENEMY_KILL","is_prod":false,"is_daily":false,"chose_seed":false,"campfire_upgraded":1,"win_rate":0.0,"timestamp":1554556156,"path_taken":["M","?","M","?","M","R","M","?","T","?","E","?","?","M","R","BOSS","M","M","?","$","?","E","?","R","T","R","M","R","E","?","R","BOSS"],"build_version":"2019-01-23","purchased_purges":0,"victory":false,"max_hp_per_floor":[75,75,75,75,75,75,75,75,75,75,75,75,75,75,75,75,75,75,75,75,75,75,75,75,75,75,75,75,75,75,75,75,75],"card_choices":[{"not_picked":["Sweeping Beam","Redo","Steam"],"picked":"SKIP","floor":1},{"not_picked":["White Noise","Leap","FTL"],"picked":"SKIP","floor":3},{"not_picked":["Steam","Loop","Sweeping Beam"],"picked":"SKIP","floor":4},{"not_picked":["Rip and Tear","Scrape"],"picked":"Chill","floor":5},{"not_picked":["Rip and Tear","Go for the Eyes"],"picked":"Conserve Battery","floor":7},{"not_picked":["Loop","Gash","Hologram"],"picked":"SKIP","floor":8},{"not_picked":["Steam","Redo","Tempest"],"picked":"SKIP","floor":11},{"not_picked":["Beam Cell","Gash","Darkness"],"picked":"SKIP","floor":12},{"not_picked":["Ball Lightning","Stack"],"picked":"Barrage","floor":14},{"not_picked":["Amplify","Buffer"],"picked":"Machine Learning","floor":16},{"not_picked":["Leap+1","Gash+1","Go for the Eyes"],"picked":"SKIP","floor":18},{"not_picked":["Doom and Gloom+1","Barrage"],"picked":"Storm","floor":19},{"not_picked":["Steam Power","Gash"],"picked":"Force Field","floor":23},{"not_picked":["Ball Lightning","Scrape"],"picked":"Cold Snap+1","floor":28},{"not_picked":["Barrage","Conserve Battery+1"],"picked":"Cold Snap+1","floor":30}],"player_experience":139285,"relics_obtained":[{"floor":9,"key":"Sundial"},{"floor":11,"key":"The Courier"},{"floor":23,"key":"Juzu Bracelet"},{"floor":24,"key":"Incense Burner"},{"floor":26,"key":"Centennial Puzzle"},{"floor":30,"key":"Du-Vu Doll"}],"event_choices":[{"damage_healed":0,"gold_gain":0,"player_choice":"Forge","damage_taken":0,"max_hp_gain":0,"max_hp_loss":0,"event_name":"Accursed Blacksmith","floor":2,"gold_loss":0,"cards_upgraded":["Dualcast"]},{"damage_healed":0,"gold_gain":75,"player_choice":"Touch","damage_taken":7,"max_hp_gain":0,"max_hp_loss":0,"event_name":"FaceTrader","floor":10,"gold_loss":0},{"damage_healed":25,"gold_gain":0,"player_choice":"Banana","damage_taken":0,"max_hp_gain":0,"max_hp_loss":0,"event_name":"Big Fish","floor":13,"gold_loss":0},{"damage_healed":0,"gold_gain":0,"player_choice":"Fight","damage_taken":0,"max_hp_gain":0,"max_hp_loss":0,"event_name":"Colosseum","floor":20,"gold_loss":0},{"damage_healed":0,"gold_gain":0,"player_choice":"Fled From Nobs","damage_taken":0,"max_hp_gain":0,"max_hp_loss":0,"event_name":"Colosseum","floor":20,"gold_loss":0},{"cards_removed":["Consume"],"damage_healed":0,"gold_gain":0,"player_choice":"Elegance","damage_taken":0,"max_hp_gain":0,"max_hp_loss":0,"event_name":"Back to Basics","floor":22,"gold_loss":0},{"damage_healed":0,"gold_gain":99,"player_choice":"Stole From Cult","damage_taken":0,"max_hp_gain":0,"max_hp_loss":0,"event_name":"Nest","floor":31,"gold_loss":0}],"is_beta":false,"boss_relics":[{"not_picked":["Fusion Hammer","FrozenCore"],"picked":"Pandora\u0027s Box"}],"items_purged_floors":[],"is_endless":false,"potions_floor_spawned":[5,7,8,12,16,18,20],"killed_by":"Collector","ascension_level":0}