{"gold_per_floor":[110,35,35,58,10,26,26,101,101,144,144,162,11,26,26,154,154,177,26,50,50],"floor_reached":21,"playtime":653,"items_purged":["Strike_R","Strike_R"],"score":179,"play_id":"8dba7d97-ec2c-4003-b6a9-031e502bab05","local_time":"20190223144409","is_ascension_mode":false,"campfire_choices":[{"data":"Rampage","floor":7,"key":"SMITH"},{"data":"Armaments","floor":11,"key":"SMITH"},{"floor":15,"key":"REST"}],"neow_cost":"NONE","seed_source_timestamp":765257353943275,"circlet_count":0,"master_deck":["Strike_R","Strike_R","Strike_R","Defend_R","Defend_R","Defend_R","Defend_R","Bash","Headbutt","Rampage+1","Dual Wield","Armaments+1","Demon Form","Flex"],"relics":["Burning Blood","Potion Belt","Golden Idol","Letter Opener","Incense Burner","Velvet Choker"],"potions_floor_usage":[10,10,14,16,16,20],"damage_taken":[{"damage":6,"enemies":"Cultist","floor":1,"turns":3},{"damage":0,"enemies":"Small Slimes","floor":4,"turns":3},{"damage":11,"enemies":"Jaw Worm","floor":6,"turns":3},{"damage":36,"enemies":"Lagavulin","floor":10,"turns":5},{"damage":15,"enemies":"Exordium Wildlife","floor":12,"turns":5},{"damage":0,"enemies":"Blue Slaver","floor":14,"turns":3},{"damage":42,"enemies":"The Guardian","floor":16,"turns":12},{"damage":15,"enemies":"Chosen","floor":18,"turns":4},{"damage":35,"enemies":"2 Thieves","floor":20,"turns":4},{"damage":47,"enemies":"Cultist and Chosen","floor":21,"turns":6}],"seed_played":"-381719887584789110","potions_obtained":[{"floor":4,"key":"SteroidPotion"},{"floor":6,"key":"Ancient Potion"},{"floor":10,"key":"Block Potion"},{"floor":18,"key":"BloodPotion"}],"is_trial":false,"path_per_floor":["M","$","?","M","$","M","R","?","T","E","R","M","$","M","R","B",null,"M","$","M","M"],"character_chosen":"IRONCLAD","items_purchased":["Swift Potion","Fruit Juice","Strength Potion","SteroidPotion"],"campfire_rested":1,"item_purchase_floors":[5,13,13,19],"current_hp_per_floor":[80,80,60,66,66,61,61,50,50,20,20,11,11,22,47,11,85,76,76,55,8],"gold":50,"neow_bonus":"RANDOM_COMMON_RELIC","is_prod":false,"is_daily":false,"chose_seed":false,"campfire_upgraded":2,"win_rate":0,"timestamp":1550961849,"path_taken":["M","$","?","M","$","M","R","?","T","E","R","M","?","M","R","BOSS","M","$","M","M"],"build_version":"2019-01-23","purchased_purges":2,"victory":false,"max_hp_per_floor":[80,80,80,80,80,80,80,80,80,80,80,80,80,85,85,85,85,85,85,85,85],"card_choices":[{"not_picked":["True Grit","Metallicize"],"picked":"Headbutt","floor":1},{"not_picked":["Headbutt","Anger"],"picked":"Rampage","floor":4},{"not_picked":["Cleave","Anger"],"picked":"Dual Wield","floor":6},{"not_picked":["Havoc","Flame Barrier"],"picked":"Armaments","floor":10},{"not_picked":["Perfected Strike","Pommel Strike","Headbutt"],"picked":"SKIP","floor":12},{"not_picked":["Anger","Wild Strike","Intimidate"],"picked":"SKIP","floor":14},{"not_picked":["Fiend Fire","Juggernaut"],"picked":"Demon Form","floor":16},{"not_picked":["Havoc","Twin Strike+1","Thunderclap"],"picked":"SKIP","floor":18},{"not_picked":["True Grit+1","Twin Strike"],"picked":"Flex","floor":20}],"player_experience":150283,"relics_obtained":[{"floor":9,"key":"Letter Opener"},{"floor":10,"key":"Incense Burner"}],"event_choices":[{"damage_healed":0,"gold_gain":0,"player_choice":"Take Damage","damage_taken":20,"relics_obtained":["Golden Idol"],"max_hp_gain":0,"max_hp_loss":0,"event_name":"Golden Idol","floor":3,"gold_loss":0},{"damage_healed":0,"gold_gain":75,"player_choice":"Gather Gold","damage_taken":11,"max_hp_gain":0,"max_hp_loss":0,"event_name":"World of Goop","floor":8,"gold_loss":0}],"is_beta":false,"boss_relics":[{"not_picked":["Runic Pyramid","Eternal Feather"],"picked":"Velvet Choker"}],"items_purged_floors":[2,19],"is_endless":false,"potions_floor_spawned":[4,6,10,18],"killed_by":"Cultist and Chosen","ascension_level":0}