{"gold_per_floor":[112,112,23,23,35,64,90,120,156,183,195,263,287,315,327,434,446,473,13,13,0,0],"floor_reached":22,"playtime":1152,"items_purged":["Dualcast"],"score":232,"play_id":"2f56de01-696b-4b73-b73c-5f2bbc0aee87","local_time":"20190325151005","is_ascension_mode":true,"campfire_choices":[{"data":"Zap","floor":11,"key":"SMITH"},{"floor":15,"key":"REST"}],"neow_cost":"NONE","seed_source_timestamp":937543051371191,"circlet_count":0,"master_deck":["Strike_B","Strike_B","Strike_B","Strike_B","Defend_B","Defend_B","Defend_B","Defend_B","Zap+1","Rage","Defragment","Rebound","BootSequence","Static Discharge","Auto Shields","Double Energy","Coolheaded","Rebound","Creative AI","Cold Snap","Blizzard","Turbo+1"],"relics":["Cracked Core","NeowsBlessing","MawBank","Vajra","Tiny Chest","Snecko Eye","Runic Capacitor","Happy Flower"],"potions_floor_usage":[12,12,16,16,21],"damage_taken":[{"damage":0,"enemies":"2 Louse","floor":1,"turns":1},{"damage":0,"enemies":"Cultist","floor":5,"turns":1},{"damage":0,"enemies":"Gremlin Nob","floor":6,"turns":1},{"damage":1,"enemies":"Jaw Worm","floor":7,"turns":4},{"damage":3,"enemies":"Blue Slaver","floor":8,"turns":4},{"damage":2,"enemies":"Looter","floor":10,"turns":3},{"damage":18,"enemies":"Lagavulin","floor":12,"turns":5},{"damage":16,"enemies":"Exordium Thugs","floor":13,"turns":5},{"damage":8,"enemies":"2 Fungi Beasts","floor":14,"turns":4},{"damage":31,"enemies":"Hexaghost","floor":16,"turns":8},{"damage":29,"enemies":"Chosen","floor":18,"turns":6},{"damage":19,"enemies":"2 Thieves","floor":21,"turns":4},{"damage":14,"enemies":"Snecko","floor":22,"turns":3}],"seed_played":"-1741880535835966527","potions_obtained":[{"floor":6,"key":"FocusPotion"},{"floor":8,"key":"Swift Potion"},{"floor":10,"key":"SteroidPotion"},{"floor":14,"key":"FearPotion"},{"floor":18,"key":"Explosive Potion"}],"is_trial":false,"path_per_floor":["M","?","$","$","M","E","M","M","T","M","R","E","M","M","R","B",null,"M","$","?","M","M"],"character_chosen":"DEFECT","items_purchased":["Defragment","SkillPotion","Blizzard","Runic Capacitor","Happy Flower"],"campfire_rested":1,"item_purchase_floors":[3,3,19,19,19],"current_hp_per_floor":[75,75,75,75,75,75,74,71,71,69,69,51,35,27,49,18,75,46,46,32,13,0],"gold":0,"neow_bonus":"THREE_ENEMY_KILL","is_prod":false,"is_daily":false,"chose_seed":false,"campfire_upgraded":1,"win_rate":0,"timestamp":1553551805,"path_taken":["M","?","?","$","M","E","M","?","T","M","R","E","M","M","R","BOSS","M","$","?","M","M"],"build_version":"2019-01-23","purchased_purges":1,"victory":false,"max_hp_per_floor":[75,75,75,75,75,75,75,75,75,75,75,75,75,75,75,75,75,75,75,80,80,80],"card_choices":[{"not_picked":["Redo","Beam Cell"],"picked":"Cold Snap","floor":1},{"not_picked":["Hello World","Chaos"],"picked":"Rebound","floor":5},{"not_picked":["Turbo","Sweeping Beam","Go for the Eyes"],"picked":"SKIP","floor":6},{"not_picked":["Steam Power","Compile Driver"],"picked":"BootSequence","floor":7},{"not_picked":["Scrape","Gash"],"picked":"Static Discharge","floor":8},{"not_picked":["Reinforced Body","Go for the Eyes"],"picked":"Auto Shields","floor":10},{"not_picked":["Beam Cell","Steam Power"],"picked":"Double Energy","floor":12},{"not_picked":["Stack","Steam"],"picked":"Coolheaded","floor":13},{"not_picked":["Go for the Eyes","Loop"],"picked":"Rebound","floor":14},{"not_picked":["Fission","Reboot"],"picked":"Creative AI","floor":16},{"not_picked":["Beam Cell","Skim"],"picked":"Cold Snap","floor":18},{"not_picked":["Double Energy+1","Leap"],"picked":"Turbo+1","floor":21}],"player_experience":227318,"relics_obtained":[{"floor":6,"key":"MawBank"},{"floor":9,"key":"Vajra"},{"floor":12,"key":"Tiny Chest"}],"event_choices":[{"cards_removed":["Cold Snap"],"damage_healed":0,"gold_gain":0,"player_choice":"Took Card","damage_taken":0,"max_hp_gain":0,"max_hp_loss":0,"event_name":"NoteForYourself","floor":2,"gold_loss":0,"cards_obtained":["Rage"]},{"damage_healed":0,"gold_gain":0,"player_choice":"Shed Blood","damage_taken":19,"max_hp_gain":5,"max_hp_loss":0,"event_name":"Forgotten Altar","floor":20,"gold_loss":0}],"is_beta":false,"boss_relics":[{"not_picked":["Runic Dome","Cursed Key"],"picked":"Snecko Eye"}],"items_purged_floors":[19],"is_endless":false,"potions_floor_spawned":[6,8,10,14,18],"killed_by":"Snecko","ascension_level":1}