{"gold_per_floor":[109,129,79,92,103,103,120,195,195,195,195,195,209,220,220,320,320,330,39,58,58],"floor_reached":21,"playtime":1261,"items_purged":["Strike_R"],"score":173,"play_id":"57a14907-e038-4900-ab05-c45c2bb4e30d","local_time":"20181126232655","is_ascension_mode":false,"campfire_choices":[{"data":"Armaments","floor":6,"key":"SMITH"},{"floor":10,"key":"REST"},{"floor":15,"key":"REST"}],"neow_cost":"CURSE","seed_source_timestamp":860589101256820,"circlet_count":0,"master_deck":["Strike_R+1","Strike_R","Defend_R","Defend_R+1","Defend_R","Defend_R","Bash","Dark Embrace","Combust","Warcry","Fire Breathing+1","Shrug It Off","Armaments+1","Barricade","Armaments","Warcry","Twin Strike","Flex","Whirlwind","Body Slam","The Bomb","Armaments"],"relics":["Burning Blood","Oddly Smooth Stone","Orrery"],"potions_floor_usage":[16,16],"damage_taken":[{"damage":11,"enemies":"Jaw Worm","floor":1,"turns":5},{"damage":0,"enemies":"Small Slimes","floor":2,"turns":5},{"damage":15,"enemies":"2 Louse","floor":4,"turns":4},{"damage":25,"enemies":"Gremlin Gang","floor":5,"turns":5},{"damage":3,"enemies":"Red Slaver","floor":7,"turns":7},{"damage":5,"enemies":"3 Louse","floor":13,"turns":6},{"damage":23,"enemies":"Gremlin Gang","floor":14,"turns":5},{"damage":46,"enemies":"Slime Boss","floor":16,"turns":18},{"damage":22,"enemies":"Shell Parasite","floor":18,"turns":16},{"damage":40,"enemies":"Spheric Guardian","floor":20,"turns":8},{"damage":49,"enemies":"Shelled Parasite and Fungi","floor":21,"turns":5}],"seed_played":"-2152909977679315944","potions_obtained":[{"floor":1,"key":"LiquidBronze"},{"floor":4,"key":"Explosive Potion"},{"floor":7,"key":"FairyPotion"}],"is_trial":false,"path_per_floor":["M","M","?","M","M","R","M","?","T","R","?","?","M","M","R","B",null,"M","$","M","M"],"character_chosen":"IRONCLAD","items_purchased":["Body Slam","The Bomb"],"campfire_rested":2,"item_purchase_floors":[19,19],"current_hp_per_floor":[75,80,80,71,52,52,55,44,44,68,68,52,53,36,60,20,80,64,64,30,0],"gold":58,"neow_bonus":"TRANSFORM_TWO_CARDS","is_prod":false,"is_daily":false,"chose_seed":false,"campfire_upgraded":1,"win_rate":0.0,"timestamp":1543296415,"path_taken":["M","M","?","M","M","R","M","?","T","R","?","?","M","M","R","BOSS","M","$","M","M"],"build_version":"2018-11-15","purchased_purges":1,"victory":false,"max_hp_per_floor":[80,80,80,80,80,80,80,80,80,80,80,80,80,80,80,80,80,80,80,80,80],"card_choices":[{"not_picked":["Pommel Strike","Heavy Blade"],"picked":"Warcry","floor":1},{"not_picked":["Twin Strike","Heavy Blade"],"picked":"Fire Breathing","floor":2},{"not_picked":["Infernal Blade","True Grit"],"picked":"Shrug It Off","floor":4},{"not_picked":["Power Through","Spot Weakness"],"picked":"Armaments","floor":5},{"not_picked":["Headbutt","Infernal Blade","Bloodletting"],"picked":"SKIP","floor":7},{"not_picked":["Thunderclap","True Grit"],"picked":"Barricade","floor":13},{"not_picked":["Sever Soul","Perfected Strike","Cleave"],"picked":"SKIP","floor":14},{"not_picked":["Iron Wave","Wild Strike"],"picked":"Armaments","floor":17},{"not_picked":["Havoc","Anger"],"picked":"Warcry","floor":17},{"not_picked":["Carnage","Corruption"],"picked":"Twin Strike","floor":17},{"not_picked":["Iron Wave","Pummel"],"picked":"Flex","floor":17},{"not_picked":["Combust+1","Disarm"],"picked":"Whirlwind","floor":18},{"not_picked":["Cleave","Clash"],"picked":"Armaments","floor":20}],"player_experience":62518,"relics_obtained":[{"floor":9,"key":"Oddly Smooth Stone"}],"event_choices":[{"cards_removed":["Normality"],"damage_healed":0,"gold_gain":0,"player_choice":"Card Removal","damage_taken":0,"max_hp_gain":0,"max_hp_loss":0,"event_name":"The Cleric","floor":3,"gold_loss":50},{"damage_healed":0,"gold_gain":75,"player_choice":"Gather Gold","damage_taken":11,"max_hp_gain":0,"max_hp_loss":0,"event_name":"World of Goop","floor":8,"gold_loss":0},{"damage_healed":0,"gold_gain":0,"player_choice":"Grow","damage_taken":0,"max_hp_gain":0,"max_hp_loss":0,"event_name":"Living Wall","floor":11,"gold_loss":0,"cards_upgraded":["Fire Breathing"]},{"damage_healed":0,"gold_gain":0,"player_choice":"Entered Light","damage_taken":16,"max_hp_gain":0,"max_hp_loss":0,"event_name":"Shining Light","floor":12,"gold_loss":0,"cards_upgraded":["Defend_R","Strike_R"]}],"is_beta":false,"boss_relics":[{"not_picked":["Runic Pyramid","Runic Cube"],"picked":"Orrery"}],"items_purged_floors":[19],"is_endless":false,"potions_floor_spawned":[1,4,7,13,14],"killed_by":"Shelled Parasite and Fungi","ascension_level":0}