{"path_per_floor":["M","$","$","M","M","E","R","?","T","E","T","R","?","M","R","B",null,"M","?","?","?","$","E","?","R","T","$","R","?","R","M","R","B",null,"M","M","M","?","$","R","E","R","T","M","$","R"],"character_chosen":"DEFECT","items_purchased":["Beam Cell","BootSequence","Apotheosis+1","Scrape","FTL","Blind+1"],"gold_per_floor":[118,32,32,42,60,92,92,92,119,151,151,151,251,261,261,356,386,399,369,369,369,108,139,139,139,165,25,25,25,25,41,41,145,145,158,176,192,192,92,92,118,118,118,129,36,36,36],"floor_reached":47,"campfire_rested":7,"playtime":1401,"item_purchase_floors":[2,2,22,27,27,45],"current_hp_per_floor":[75,75,75,75,75,53,53,38,38,14,14,36,36,36,58,29,80,80,80,80,80,80,20,46,70,70,70,70,55,55,53,78,55,85,81,81,59,59,59,84,4,29,29,12,12,37,0],"items_purged":["Strike_B","Strike_B"],"gold":36,"score":570,"play_id":"f43ad06c-d625-49ac-ab06-f23575cb1f2b","local_time":"20180525033719","is_prod":false,"is_daily":false,"chose_seed":false,"is_ascension_mode":true,"campfire_upgraded":3,"win_rate":0,"timestamp":1527212239,"campfire_choices":[{"data":"Zap","floor":7,"key":"SMITH"},{"floor":12,"key":"REST"},{"floor":15,"key":"REST"},{"floor":25,"key":"REST"},{"data":"Scrape","floor":28,"key":"SMITH"},{"data":"Go for the Eyes","floor":30,"key":"SMITH"},{"floor":32,"key":"REST"},{"floor":40,"key":"REST"},{"floor":42,"key":"REST"},{"floor":46,"key":"REST"}],"path_taken":["M","?","$","?","M","E","R","?","T","E","?","R","?","M","R","BOSS","M","?","?","?","$","E","?","R","T","$","R","?","R","M","R","BOSS","M","M","M","?","$","R","E","R","T","M","$","R","M"],"build_version":"2018-05-23v2","seed_source_timestamp":188191307960263,"purchased_purges":2,"victory":false,"master_deck":["Strike_B+1","Strike_B","Defend_B+1","Defend_B","Defend_B","Defend_B","Zap+1","Dualcast+1","Reboot","Go for the Eyes+1","Beam Cell","BootSequence","Darkness","Gash","Beam Cell","Echo Form","Multi-Cast+1","Melter","Chill+1","Apotheosis+1","Redo+1","Scrape+1","Defragment+1","Reboot+1","Compile Driver+1","Gash+1","Go for the Eyes+1","Redo+1","All For One","Blind+1"],"max_hp_per_floor":[75,75,75,75,75,75,75,75,75,75,75,75,75,75,75,75,80,80,80,80,80,80,80,80,80,80,80,80,85,85,85,85,85,85,85,85,85,85,85,85,85,85,85,85,85,85,85],"relics":["Cracked Core","DataDisk","Oddly Smooth Stone","Lantern","Toxic Egg 2","Tiny House","Question Card","Gremlin Horn","Blood Vial","Inserter","Ornamental Fan","Torii"],"card_choices":[{"not_picked":["Double Energy","Fusion"],"picked":"Go for the Eyes","floor":1},{"not_picked":["Redo","Conserve Battery"],"picked":"Darkness","floor":4},{"not_picked":["Streamline","FTL"],"picked":"Gash","floor":5},{"not_picked":["Capacitor","Heatsinks"],"picked":"Beam Cell","floor":6},{"not_picked":["Capacitor","Melter"],"picked":"Echo Form","floor":10},{"not_picked":["Ball Lightning","Stack+1","Chaos+1"],"picked":"SKIP","floor":14},{"not_picked":["Meteor Strike","Biased Cognition"],"picked":"Multi-Cast+1","floor":16},{"not_picked":["Lockon","Static Discharge"],"picked":"Melter","floor":17},{"not_picked":["Blizzard","Capacitor"],"picked":"Chill+1","floor":18},{"not_picked":["Turbo+1","Capacitor","Recycle+1"],"picked":"Redo+1","floor":23},{"not_picked":["Capacitor+1","Reprogram+1","Coolheaded+1"],"picked":"Defragment+1","floor":31},{"not_picked":["Meteor Strike","Seek+1","Thunder Strike"],"picked":"Reboot+1","floor":33},{"not_picked":["Capacitor+1","Loop","Sweeping Beam+1"],"picked":"Compile Driver+1","floor":35},{"not_picked":["Aggregate+1","Leap+1","Capacitor"],"picked":"Gash+1","floor":36},{"not_picked":["Tempest+1","Ball Lightning+1","Hello World+1"],"picked":"Go for the Eyes+1","floor":37},{"not_picked":["Rebound+1","Beam Cell","Storm"],"picked":"Redo+1","floor":41},{"not_picked":["Barrage","Loop+1","Go for the Eyes+1"],"picked":"All For One","floor":44}],"player_experience":91844,"potions_floor_usage":[6,18,23,23,37,37,44],"damage_taken":[{"damage":0,"enemies":"Cultist","floor":1,"turns":3},{"damage":0,"enemies":"Small Slimes","floor":4,"turns":3},{"damage":0,"enemies":"2 Louse","floor":5,"turns":3},{"damage":22,"enemies":"Gremlin Nob","floor":6,"turns":4},{"damage":24,"enemies":"Lagavulin","floor":10,"turns":6},{"damage":0,"enemies":"Red Slaver","floor":14,"turns":2},{"damage":29,"enemies":"Hexaghost","floor":16,"turns":8},{"damage":0,"enemies":"Chosen","floor":18,"turns":2},{"damage":60,"enemies":"Book of Stabbing","floor":23,"turns":9},{"damage":4,"enemies":"Shell Parasite","floor":31,"turns":4},{"damage":25,"enemies":"Champ","floor":33,"turns":8},{"damage":4,"enemies":"Flame Bruiser 1 Orb","floor":35,"turns":4},{"damage":2,"enemies":"3 Shapes","floor":36,"turns":4},{"damage":24,"enemies":"Transient","floor":37,"turns":5},{"damage":81,"enemies":"Giant Head","floor":41,"turns":8},{"damage":19,"enemies":"Maw","floor":44,"turns":6},{"damage":39,"enemies":"Flame Bruiser 2 Orb","floor":47,"turns":2}],"relics_obtained":[{"floor":6,"key":"DataDisk"},{"floor":9,"key":"Oddly Smooth Stone"},{"floor":10,"key":"Lantern"},{"floor":11,"key":"Toxic Egg 2"},{"floor":23,"key":"Gremlin Horn"},{"floor":26,"key":"Blood Vial"},{"floor":41,"key":"Ornamental Fan"},{"floor":43,"key":"Torii"}],"event_choices":[{"event_name":"Shining Light","player_choice":"Entered Light","floor":8,"damage_taken":0},{"event_name":"Golden Shrine","player_choice":"Pray","floor":13,"damage_taken":0},{"event_name":"The Woman in Blue","player_choice":"Bought 2 Potions","floor":19,"damage_taken":0},{"event_name":"Drug Dealer","player_choice":"Ignored","floor":20,"damage_taken":0},{"event_name":"The Mausoleum","player_choice":"Yes","floor":21,"damage_taken":0},{"event_name":"The Library","player_choice":"Heal","floor":24,"damage_taken":0},{"event_name":"Forgotten Altar","player_choice":"Shed Blood","floor":29,"damage_taken":0}],"boss_relics":[{"not_picked":["Calling Bell","Sozu"],"picked":"Tiny House"},{"not_picked":["Philosopher\u0027s Stone","Nuclear Battery"],"picked":"Inserter"}],"items_purged_floors":[22,39],"potions_floor_spawned":[1,16,33,36,44],"seed_played":"9221024005528581460","killed_by":"Flame Bruiser 2 Orb","ascension_level":4,"potions_obtained":[{"floor":1,"key":"Block Potion"},{"floor":16,"key":"Dexterity Potion"},{"floor":17,"key":"SkillPotion"},{"floor":19,"key":"Weak Potion"},{"floor":19,"key":"SpeedPotion"},{"floor":33,"key":"Energy Potion"},{"floor":36,"key":"SkillPotion"},{"floor":44,"key":"PowerPotion"}],"is_trial":false}