{"gold_per_floor":[110,130,148,158,158,158,189,16,16,29,89,89,109,125,125,228,228,243,263,274,291,291,291,304,304,304,304,304,315,327,339,339,339],"floor_reached":33,"playtime":3237,"items_purged":[],"score":305,"play_id":"a6f32946-02c8-4939-a1d3-bde6fdefc857","local_time":"20180629174554","is_ascension_mode":false,"campfire_choices":[{"floor":6,"key":"REST"},{"floor":15,"key":"REST"},{"floor":23,"key":"REST"},{"floor":25,"key":"REST"},{"data":"Creative AI","floor":28,"key":"SMITH"},{"floor":32,"key":"REST"}],"neow_cost":"","seed_source_timestamp":769123598780618,"circlet_count":0,"master_deck":["Defend_B","Defend_B","Defend_B","Defend_B","Zap","Dualcast","Capacitor","Rebound","Fusion","Melter","Biased Cognition","Self Repair","Conserve Battery","Glacier","Doom and Gloom","Melter","Hello World","Creative AI+1","Storm","Defragment","Hologram+1","Leap+1","RitualDagger","Redo+1","Conserve Battery","Sweeping Beam","Bite","Bite","Bite","Bite","Bite","Consume","Chill","Stack","Stack"],"relics":["Cracked Core","Omamori","Dream Catcher","Pen Nib","Bag of Preparation","Nuclear Battery","Matryoshka"],"potions_floor_usage":[21,24,24,24,33,33],"damage_taken":[{"damage":5,"enemies":"Small Slimes","floor":1,"turns":5},{"damage":6,"enemies":"2 Louse","floor":2,"turns":2},{"damage":6,"enemies":"Jaw Worm","floor":3,"turns":3},{"damage":11,"enemies":"Blue Slaver","floor":4,"turns":4},{"damage":16,"enemies":"Lagavulin","floor":7,"turns":6},{"damage":12,"enemies":"2 Fungi Beasts","floor":10,"turns":4},{"damage":6,"enemies":"Exordium Thugs","floor":13,"turns":6},{"damage":0,"enemies":"Large Slime","floor":14,"turns":5},{"damage":44,"enemies":"Slime Boss","floor":16,"turns":9},{"damage":26,"enemies":"Shell Parasite","floor":18,"turns":7},{"damage":31,"enemies":"Chosen","floor":19,"turns":5},{"damage":20,"enemies":"Snecko","floor":20,"turns":6},{"damage":9,"enemies":"Centurion and Healer","floor":21,"turns":7},{"damage":24,"enemies":"Slaver and Parasite","floor":24,"turns":9},{"damage":39,"enemies":"Snake Plant","floor":29,"turns":4},{"damage":18,"enemies":"Centurion and Healer","floor":30,"turns":6},{"damage":13,"enemies":"Snecko","floor":31,"turns":5},{"damage":37,"enemies":"Champ","floor":33,"turns":3}],"seed_played":"-8709095533448930770","potions_obtained":[{"floor":2,"key":"Weak Potion"},{"floor":4,"key":"Dexterity Potion"},{"floor":7,"key":"SkillPotion"},{"floor":16,"key":"PowerPotion"},{"floor":21,"key":"Swift Potion"},{"floor":29,"key":"Explosive Potion"},{"floor":31,"key":"Regen Potion"}],"is_trial":false,"path_per_floor":["M","M","M","M","?","R","E","$","T","M","?","T","M","M","R","B",null,"M","M","M","M","?","R","M","R","T","?","R","M","M","M","R"],"character_chosen":"DEFECT","items_purchased":["Conserve Battery","Dream Catcher"],"campfire_rested":5,"item_purchase_floors":[8,8],"current_hp_per_floor":[70,64,58,47,47,69,53,53,53,48,48,48,49,56,75,38,75,56,32,19,17,11,33,16,38,38,38,38,12,9,4,19,0],"gold":339,"neow_bonus":"","is_prod":false,"is_daily":false,"chose_seed":false,"campfire_upgraded":1,"win_rate":0.0,"timestamp":1530315954,"path_taken":["M","M","M","M","?","R","E","$","T","M","?","?","M","M","R","BOSS","M","M","M","M","?","R","M","R","T","?","R","M","M","M","R","BOSS"],"build_version":"2018-06-28","purchased_purges":0,"victory":false,"max_hp_per_floor":[75,75,75,75,75,75,75,75,75,75,75,75,75,75,75,75,75,75,75,75,75,75,75,75,75,75,52,52,52,52,52,52,52],"card_choices":[{"not_picked":["Conserve Battery","Stack"],"picked":"Capacitor","floor":1},{"not_picked":["Go for the Eyes","Ball Lightning"],"picked":"Rebound","floor":2},{"not_picked":["Amplify","Aggregate"],"picked":"Fusion","floor":3},{"not_picked":["Melter","Streamline","Cold Snap"],"picked":"SKIP","floor":4},{"not_picked":["Streamline","Cold Snap"],"picked":"Melter","floor":4},{"not_picked":["Stack","Beam Cell"],"picked":"Self Repair","floor":7},{"not_picked":["Beam Cell","Coolheaded"],"picked":"Glacier","floor":10},{"not_picked":["Reprogram","Hologram"],"picked":"Doom and Gloom","floor":13},{"not_picked":["Compile Driver","Multi-Cast"],"picked":"Melter","floor":14},{"not_picked":["Rebound","Ball Lightning"],"picked":"Hello World","floor":15},{"not_picked":["Fission","Rainbow"],"picked":"Creative AI","floor":16},{"not_picked":["White Noise","Hologram"],"picked":"Storm","floor":18},{"not_picked":["Heatsinks","Redo"],"picked":"Defragment","floor":19},{"not_picked":["Compile Driver+1","FTL"],"picked":"Hologram+1","floor":20},{"not_picked":["Barrage","Streamline+1"],"picked":"Leap+1","floor":21},{"not_picked":["Seek","Sweeping Beam"],"picked":"Redo+1","floor":23},{"not_picked":["Redo","Cold Snap"],"picked":"Conserve Battery","floor":24},{"not_picked":["Reinforced Body","Undo"],"picked":"Sweeping Beam","floor":25},{"not_picked":["Scrape","Gash+1"],"picked":"Consume","floor":29},{"not_picked":["FTL","Hologram"],"picked":"Chill","floor":30},{"not_picked":["Compile Driver+1","Cold Snap+1"],"picked":"Stack","floor":31},{"not_picked":["Sweeping Beam","Heatsinks"],"picked":"Stack","floor":32}],"player_experience":34683,"relics_obtained":[{"floor":7,"key":"Omamori"},{"floor":9,"key":"Pen Nib"},{"floor":12,"key":"Bag of Preparation"},{"floor":26,"key":"Matryoshka"}],"event_choices":[{"event_name":"Living Wall","player_choice":"Change","floor":5,"damage_taken":0},{"event_name":"Golden Wing","player_choice":"Gained Gold","floor":11,"damage_taken":0},{"event_name":"Nest","player_choice":"Joined the Cult","floor":22,"damage_taken":0},{"event_name":"Vampires","player_choice":"Became a vampire","floor":27,"damage_taken":0}],"boss_relics":[{"not_picked":["Astrolabe","Philosopher\u0027s Stone"],"picked":"Nuclear Battery"}],"items_purged_floors":[],"is_endless":false,"potions_floor_spawned":[2,4,7,10,16,20,21,29,31],"killed_by":"Champ","ascension_level":0}