{"gold_per_floor":[119,119,119,139,60,60,71,71,94,114,289,289,301,313,313,415,415,425,443,368,98,98,98,98],"floor_reached":24,"playtime":1089,"items_purged":["Regret"],"score":205,"play_id":"b8b75aec-4875-4a60-bec6-8018c1f40fbe","local_time":"20181029003310","is_ascension_mode":true,"campfire_choices":[{"data":"Dual Wield","floor":6,"key":"SMITH"},{"data":"Bash","floor":8,"key":"SMITH"},{"floor":15,"key":"REST"},{"floor":23,"key":"REST"}],"neow_cost":"CURSE","seed_source_timestamp":198500976138232,"circlet_count":0,"master_deck":["Strike_R","Strike_R","Strike_R","Strike_R","Strike_R","Defend_R","Defend_R","Defend_R","Defend_R","Bash+1","Perfected Strike+1","Twin Strike","Dual Wield+1","Brutality","Rupture","Warcry","Secret Weapon"],"relics":["Burning Blood","Incense Burner","Blood Vial","Dodecahedron","Lizard Tail","MutagenicStrength"],"potions_floor_usage":[13,14,14,19],"damage_taken":[{"damage":6,"enemies":"Cultist","floor":1,"turns":3},{"damage":5,"enemies":"Small Slimes","floor":4,"turns":4},{"damage":7,"enemies":"Jaw Worm","floor":7,"turns":2},{"damage":22,"enemies":"Gremlin Gang","floor":10,"turns":5},{"damage":10,"enemies":"Red Slaver","floor":13,"turns":3},{"damage":18,"enemies":"Exordium Wildlife","floor":14,"turns":4},{"damage":65,"enemies":"Slime Boss","floor":16,"turns":11},{"damage":46,"enemies":"Shell Parasite","floor":18,"turns":5},{"damage":41,"enemies":"2 Thieves","floor":19,"turns":5},{"damage":30,"enemies":"Slavers","floor":24,"turns":2}],"seed_played":"8209246265918184153","potions_obtained":[{"floor":1,"key":"Strength Potion"},{"floor":4,"key":"Weak Potion"},{"floor":13,"key":"Strength Potion"},{"floor":16,"key":"Explosive Potion"}],"is_trial":false,"path_per_floor":["M","?","?","M","$","R","M","R","T","M","?","?","M","M","R","B",null,"M","M","?","$","?","R"],"character_chosen":"IRONCLAD","items_purchased":["Dual Wield","Secret Weapon"],"campfire_rested":2,"item_purchase_floors":[5,21],"current_hp_per_floor":[80,80,80,80,80,80,79,79,79,64,64,64,62,52,76,19,80,40,7,7,7,7,31,3],"gold":98,"neow_bonus":"ONE_RARE_RELIC","is_prod":false,"is_daily":false,"chose_seed":false,"campfire_upgraded":2,"win_rate":0,"timestamp":1540791190,"path_taken":["M","?","?","M","?","R","M","R","T","M","?","?","M","M","R","BOSS","M","M","?","$","?","R","E"],"build_version":"2018-10-25v2","purchased_purges":1,"victory":false,"max_hp_per_floor":[80,80,80,80,80,80,80,80,80,80,80,80,80,80,80,80,80,80,80,80,80,80,80,80],"card_choices":[{"not_picked":["Hemokinesis","Disarm"],"picked":"Perfected Strike","floor":1},{"not_picked":["Headbutt","Reckless Charge"],"picked":"Twin Strike","floor":4},{"not_picked":["Rage","Sentinel","Bloodletting"],"picked":"SKIP","floor":7},{"not_picked":["Clothesline","Flex","Body Slam"],"picked":"SKIP","floor":10},{"not_picked":["Spot Weakness","Iron Wave","True Grit"],"picked":"SKIP","floor":13},{"not_picked":["Sword Boomerang","Thunderclap","True Grit"],"picked":"SKIP","floor":14},{"not_picked":["Fiend Fire","Bludgeon"],"picked":"Brutality","floor":16},{"not_picked":["Heavy Blade","Ghostly Armor"],"picked":"Rupture","floor":18},{"not_picked":["Headbutt","Infernal Blade"],"picked":"Warcry","floor":19}],"player_experience":216220,"relics_obtained":[{"floor":9,"key":"Blood Vial"}],"event_choices":[{"damage_healed":0,"gold_gain":0,"player_choice":"Grow","damage_taken":0,"max_hp_gain":0,"max_hp_loss":0,"event_name":"Living Wall","floor":2,"gold_loss":0,"cards_upgraded":["Perfected Strike"]},{"cards_removed":["Regret"],"damage_healed":0,"gold_gain":0,"player_choice":"Removed Curses","damage_taken":0,"max_hp_gain":0,"max_hp_loss":0,"event_name":"Fountain of Cleansing","floor":3,"gold_loss":0},{"damage_healed":0,"gold_gain":175,"player_choice":"AGREE","damage_taken":0,"max_hp_gain":0,"max_hp_loss":0,"event_name":"Liars Game","floor":11,"gold_loss":0,"cards_obtained":["Doubt"]},{"damage_healed":0,"gold_gain":0,"player_choice":"Box","damage_taken":0,"relics_obtained":["Dodecahedron"],"max_hp_gain":0,"max_hp_loss":0,"event_name":"Big Fish","floor":12,"gold_loss":0,"cards_obtained":["Regret"]},{"cards_removed":["Doubt"],"damage_healed":0,"gold_gain":0,"player_choice":"Gave Gold","damage_taken":0,"max_hp_gain":0,"max_hp_loss":0,"event_name":"Beggar","floor":20,"gold_loss":75},{"damage_healed":0,"gold_gain":0,"player_choice":"Inject Mutagens","damage_taken":0,"relics_obtained":["MutagenicStrength"],"max_hp_gain":0,"max_hp_loss":0,"event_name":"Drug Dealer","floor":22,"gold_loss":0}],"is_beta":false,"boss_relics":[{"not_picked":["Pandora\u0027s Box","Black Blood"],"picked":"Lizard Tail"}],"items_purged_floors":[21],"is_endless":false,"potions_floor_spawned":[1,4,13,16],"killed_by":"Slavers","ascension_level":2}