{"gold_per_floor":[117,129,142,161,161,161,177,205,282,5,5,38,38,51,51,152,152,165,178,51,51,61,94,94,114,114,39,64,81,3,22,22,125,125,141,153,168,168,183,183,210,210,237,263,263,263,16,29,29,29],"floor_reached":51,"playtime":5138,"items_purged":["Strike_G","Strike_G","Strike_G"],"score":1025,"play_id":"2c0bed40-3758-4385-87ce-f8965cf125c6","local_time":"20190330084136","is_ascension_mode":true,"campfire_choices":[{"data":"Neutralize","floor":6.0,"key":"SMITH"},{"data":"Footwork","floor":11.0,"key":"SMITH"},{"data":"Noxious Fumes","floor":13.0,"key":"SMITH"},{"data":"Well Laid Plans","floor":15.0,"key":"SMITH"},{"data":"Malaise","floor":24.0,"key":"SMITH"},{"data":"Cloak And Dagger","floor":32.0,"key":"SMITH"},{"floor":40,"key":"REST"},{"data":"Storm of Steel","floor":42,"key":"SMITH"},{"data":"Bullet Time","floor":45,"key":"SMITH"},{"data":"Accuracy","floor":49,"key":"SMITH"}],"neow_cost":"NONE","seed_source_timestamp":0,"circlet_count":0,"master_deck":["Defend_G+1","Defend_G","Defend_G","Defend_G+1","Defend_G","Strike_G","Survivor","Neutralize+1","Sucker Punch","Dash+1","Backflip","Footwork+1","Terror","Noxious Fumes+1","Well Laid Plans+1","Malaise+1","Well Laid Plans+1","Dodge and Roll+1","Venomology","Cloak And Dagger+1","Storm of Steel+1","Leg Sweep","Bullet Time+1","Flash of Steel","Accuracy+1"],"special_seed":0,"relics":["Ring of the Snake","Ancient Tea Set","Vajra","Mummified Hand","Membership Card","Tingsha","WristBlade","Centennial Puzzle","Regal Pillow","PreservedInsect","Strawberry","Bronze Scales","Black Star","War Paint","Pen Nib","Art of War","Boot","Happy Flower","Torii","Pantograph"],"potions_floor_usage":[39,41,48,50,50,50],"damage_taken":[{"damage":0.0,"enemies":"2 Louse","floor":1.0,"turns":3.0},{"damage":0.0,"enemies":"Cultist","floor":2.0,"turns":4.0},{"damage":0.0,"enemies":"Jaw Worm","floor":3.0,"turns":3.0},{"damage":1.0,"enemies":"Looter","floor":4.0,"turns":4.0},{"damage":1.0,"enemies":"Lots of Slimes","floor":7.0,"turns":7.0},{"damage":7.0,"enemies":"Lagavulin","floor":8.0,"turns":10.0},{"damage":0.0,"enemies":"3 Sentries","floor":12.0,"turns":6.0},{"damage":0.0,"enemies":"2 Fungi Beasts","floor":14.0,"turns":3.0},{"damage":1.0,"enemies":"The Guardian","floor":16.0,"turns":10.0},{"damage":4.0,"enemies":"2 Thieves","floor":18.0,"turns":4.0},{"damage":2.0,"enemies":"Spheric Guardian","floor":19.0,"turns":7.0},{"damage":0.0,"enemies":"Shelled Parasite and Fungi","floor":22.0,"turns":7.0},{"damage":0.0,"enemies":"Book of Stabbing","floor":23.0,"turns":7.0},{"damage":0.0,"enemies":"Snake Plant","floor":25.0,"turns":6.0},{"damage":11.0,"enemies":"Slavers","floor":28.0,"turns":5.0},{"damage":2.0,"enemies":"Sentry and Sphere","floor":29.0,"turns":8.0},{"damage":7.0,"enemies":"Cultist and Chosen","floor":31.0,"turns":8.0},{"damage":8.0,"enemies":"Collector","floor":33.0,"turns":12.0},{"damage":0.0,"enemies":"Orb Walker","floor":35.0,"turns":4.0},{"damage":9.0,"enemies":"3 Darklings","floor":36.0,"turns":4.0},{"damage":8,"enemies":"Sphere and 2 Shapes","floor":37,"turns":7},{"damage":19,"enemies":"Maw","floor":39,"turns":8},{"damage":11,"enemies":"Reptomancer","floor":41,"turns":6},{"damage":6,"enemies":"Giant Head","floor":44,"turns":7},{"damage":10,"enemies":"Writhing Mass","floor":48,"turns":6},{"damage":17,"enemies":"Donu and Deca","floor":50,"turns":10}],"seed_played":"5211202463048408688","potions_obtained":[{"floor":1.0,"key":"AttackPotion"},{"floor":4.0,"key":"EntropicBrew"},{"floor":7.0,"key":"Block Potion"},{"floor":19.0,"key":"FairyPotion"},{"floor":23.0,"key":"FearPotion"},{"floor":28.0,"key":"Explosive Potion"},{"floor":31.0,"key":"Ancient Potion"},{"floor":36,"key":"SkillPotion"},{"floor":39,"key":"Poison Potion"}],"is_trial":false,"path_per_floor":["M","M","M","M","?","R","M","E","T","$","R","E","R","M","R","B",null,"M","M","$","?","M","E","R","M","T","?","E","M","$","M","R","B",null,"M","M","M","?","M","R","E","R","T","E","R","?","$","M","R","B",null],"character_chosen":"THE_SILENT","items_purchased":["Membership Card","Noxious Fumes","Centennial Puzzle","Bronze Scales","Pantograph","Accuracy","Dexterity Potion"],"campfire_rested":1,"item_purchase_floors":[10,10,20,30,47,47,47],"current_hp_per_floor":[63,63,63,62,62,62,61,54,54,54,54,54,54,54,54,53,66,62,60,60,60,60,60,60,60,60,60,56,54,54,47,47,39,68,68,59,51,51,32,70,59,59,59,53,53,53,53,58,58,60],"gold":29,"neow_bonus":"RANDOM_COMMON_RELIC","is_prod":false,"is_daily":false,"chose_seed":false,"campfire_upgraded":9,"win_rate":0,"timestamp":1553960496,"path_taken":["M","M","M","M","?","R","M","E","T","?","R","E","R","M","R","BOSS","M","M","$","?","M","E","R","M","T","?","E","M","$","M","R","BOSS","M","M","M","?","?","R","E","R","T","E","R","?","$","M","R","BOSS"],"build_version":"2019-01-23","purchased_purges":3,"victory":true,"max_hp_per_floor":[70,70,70,70,70,70,70,70,70,70,70,70,70,70,70,70,70,70,70,70,70,70,70,70,70,70,70,77,77,77,77,77,77,77,77,77,77,77,77,77,77,77,77,77,77,77,77,77,77,77],"card_choices":[{"not_picked":["Catalyst","Bane"],"picked":"Sucker Punch","floor":1.0},{"not_picked":["Concentrate","Eviscerate"],"picked":"Dash","floor":2.0},{"not_picked":["PiercingWail","Slice"],"picked":"Backflip","floor":3.0},{"not_picked":["Deflect","Calculated Gamble"],"picked":"Footwork","floor":4.0},{"not_picked":["Poisoned Stab","Choke","Tactician"],"picked":"SKIP","floor":7.0},{"not_picked":["Blade Dance","Slice"],"picked":"Terror","floor":8.0},{"not_picked":["Setup","Blade Dance"],"picked":"Well Laid Plans","floor":12.0},{"not_picked":["Deflect","Slice","Wraith Form v2"],"picked":"SKIP","floor":14.0},{"not_picked":["Venomology","Die Die Die"],"picked":"Malaise","floor":16.0},{"not_picked":["Choke","Terror+1","Quick Slash"],"picked":"SKIP","floor":18.0},{"not_picked":["Slice","Escape Plan"],"picked":"Well Laid Plans+1","floor":19.0},{"not_picked":["Prepared","Heel Hook+1"],"picked":"Dodge and Roll+1","floor":22.0},{"not_picked":["PiercingWail","All Out Attack"],"picked":"Venomology","floor":23.0},{"not_picked":["Setup","Dagger Spray","Terror"],"picked":"SKIP","floor":25.0},{"not_picked":["Finisher","Sucker Punch"],"picked":"Cloak And Dagger","floor":28.0},{"not_picked":["All Out Attack+1","Poisoned Stab","Backflip"],"picked":"SKIP","floor":29.0},{"not_picked":["Dagger Throw","Deflect","Bane+1"],"picked":"SKIP","floor":31.0},{"not_picked":["Bullet Time","Malaise"],"picked":"Storm of Steel","floor":33.0},{"not_picked":["Flying Knee+1","Deflect"],"picked":"Leg Sweep","floor":35.0},{"not_picked":["Riddle With Holes+1","Reflex","Acrobatics"],"picked":"SKIP","floor":36},{"not_picked":["Dagger Throw","Eviscerate","Outmaneuver"],"picked":"SKIP","floor":37},{"not_picked":["Deadly Poison+1","Sucker Punch","Terror"],"picked":"SKIP","floor":39},{"not_picked":["Backflip","Flying Knee","Underhanded Strike"],"picked":"SKIP","floor":41},{"not_picked":["All Out Attack+1","Concentrate"],"picked":"Bullet Time","floor":44},{"not_picked":["Panacea","Mayhem"],"picked":"Flash of Steel","floor":46},{"not_picked":["Dash","Slice","Bane"],"picked":"SKIP","floor":48}],"player_experience":224021,"relics_obtained":[{"floor":8.0,"key":"Vajra"},{"floor":9.0,"key":"Mummified Hand"},{"floor":12.0,"key":"Tingsha"},{"floor":23.0,"key":"Regal Pillow"},{"floor":26.0,"key":"PreservedInsect"},{"floor":28.0,"key":"Strawberry"},{"floor":41,"key":"Pen Nib"},{"floor":41,"key":"Art of War"},{"floor":43,"key":"Boot"},{"floor":44,"key":"Happy Flower"},{"floor":44,"key":"Torii"}],"event_choices":[{"damage_healed":0.0,"max_hp_gain":0.0,"max_hp_loss":0.0,"gold_gain":0.0,"event_name":"Upgrade Shrine","player_choice":"Upgraded","floor":5.0,"gold_loss":0.0,"damage_taken":0.0,"cards_upgraded":["Dash"]},{"damage_healed":0.0,"max_hp_gain":0.0,"max_hp_loss":0.0,"gold_gain":0.0,"event_name":"Vampires","player_choice":"Ignored","floor":21.0,"gold_loss":0.0,"damage_taken":0.0},{"cards_removed":["Strike_G"],"damage_healed":0.0,"max_hp_gain":0.0,"max_hp_loss":0.0,"gold_gain":0.0,"event_name":"Beggar","player_choice":"Gave Gold","floor":27.0,"gold_loss":75.0,"damage_taken":0.0},{"damage_healed":0,"gold_gain":0,"player_choice":"Gave Potion","damage_taken":0,"relics_obtained":["War Paint"],"max_hp_gain":0,"max_hp_loss":0,"event_name":"WeMeetAgain","floor":38,"gold_loss":0},{"damage_healed":0,"gold_gain":0,"player_choice":"Memory 1","damage_taken":0,"max_hp_gain":0,"max_hp_loss":0,"event_name":"SensoryStone","floor":46,"gold_loss":0}],"is_beta":false,"boss_relics":[{"not_picked":["Snecko Eye","Astrolabe"],"picked":"WristBlade"},{"not_picked":["Pandora\u0027s Box","Lizard Tail"],"picked":"Black Star"}],"items_purged_floors":[10,20,47],"is_endless":false,"potions_floor_spawned":[1,4,7,19,22,23,28,31,36,37,39],"ascension_level":7}