{"path_per_floor":["M","M","M","M","?","E","?","R","T","E","M","E","M","E","R","B",null,"M","$","M","M","M","R","E"],"character_chosen":"THE_SILENT","items_purchased":["Mummified Hand","Noxious Fumes"],"gold_per_floor":[213,223,237,252,252,279,229,229,256,290,300,355,372,404,404,506,536,549,140,111,130,146,146,172,172],"floor_reached":25,"campfire_rested":2,"playtime":1732,"current_hp_per_floor":[69,67,67,48,48,68,68,68,68,53,53,52,49,49,75,41,92,72,72,39,26,16,43,19,0],"items_purged":["Strike_G"],"gold":172,"score":293,"play_id":"846d61d8-33ac-48d9-90ad-3c228e5b047a","local_time":"20180327055705","is_prod":false,"is_daily":false,"is_ascension_mode":true,"campfire_upgraded":1,"timestamp":1522123025,"path_taken":["M","?","M","?","?","E","?","R","T","E","?","E","M","E","R","BOSS","M","$","M","M","M","R","E","M"],"build_version":"2018-03-22v2","purchased_purges":1,"victory":false,"master_deck":["Defend_G","Defend_G","Defend_G","Defend_G","Defend_G","Strike_G+1","Strike_G","Strike_G","Survivor","Neutralize","Underhanded Strike","Terror","Well Laid Plans","Leg Sweep","Envenom+1","Acrobatics","Footwork","Escape Plan","Dagger Throw","Envenom","Prepared","Dagger Spray","Noxious Fumes","Underhanded Strike","Dagger Spray","Calculated Gamble+1","Distraction+1"],"max_hp_per_floor":[70,70,70,70,70,80,80,80,80,80,80,80,80,87,87,87,92,92,92,92,92,92,92,92,92],"relics":["Ring of the Snake","Pear","Dream Catcher","Ancient Tea Set","Tiny Chest","Strawberry","Tiny House","Mummified Hand","Blood Vial"],"card_choices":[{"not_picked":["Bane","Dodge and Roll"],"picked":"Underhanded Strike","floor":1},{"not_picked":["All Out Attack","Finisher"],"picked":"Terror","floor":2},{"not_picked":["Riddle With Holes","Catalyst"],"picked":"Well Laid Plans","floor":3},{"not_picked":["Flying Knee","Outmaneuver"],"picked":"Leg Sweep","floor":4},{"not_picked":["Dodge and Roll","Accuracy"],"picked":"Envenom","floor":6},{"not_picked":["Eviscerate","Predator"],"picked":"Acrobatics","floor":11},{"not_picked":["Flying Knee","Deadly Poison"],"picked":"Footwork","floor":12},{"not_picked":["Poisoned Stab","Deadly Poison"],"picked":"Escape Plan","floor":13},{"not_picked":["Blade Dance","Sucker Punch"],"picked":"Dagger Throw","floor":15},{"not_picked":["Phantasmal Killer","Night Terror"],"picked":"Envenom","floor":16},{"not_picked":["Blade Dance","Outmaneuver"],"picked":"Prepared","floor":17},{"not_picked":["Deadly Poison","Infinite Blades"],"picked":"Dagger Spray","floor":18},{"not_picked":["Deadly Poison","Skewer"],"picked":"Underhanded Strike","floor":20},{"not_picked":["Eviscerate","Corpse Explosion"],"picked":"Dagger Spray","floor":22},{"not_picked":["Deflect","Well Laid Plans"],"picked":"Calculated Gamble","floor":23},{"not_picked":["Backstab","Cloak And Dagger"],"picked":"Distraction","floor":24}],"player_experience":116818,"potions_floor_usage":[6,6,10,10,12,14,16,20,22],"damage_taken":[{"damage":1,"enemies":"Cultist","floor":1,"turns":5},{"damage":2,"enemies":"Small Slimes","floor":2,"turns":4},{"damage":0,"enemies":"2 Louse","floor":3,"turns":3},{"damage":19,"enemies":"Large Slime","floor":4,"turns":9},{"damage":5,"enemies":"3 Sentries","floor":6,"turns":13},{"damage":15,"enemies":"Gremlin Nob","floor":10,"turns":6},{"damage":0,"enemies":"Blue Slaver","floor":11,"turns":4},{"damage":1,"enemies":"Lagavulin","floor":12,"turns":9},{"damage":3,"enemies":"2 Fungi Beasts","floor":13,"turns":5},{"damage":7,"enemies":"3 Sentries","floor":14,"turns":9},{"damage":34,"enemies":"Slime Boss","floor":16,"turns":11},{"damage":20,"enemies":"3 Byrds","floor":18,"turns":10},{"damage":33,"enemies":"2 Thieves","floor":20,"turns":5},{"damage":13,"enemies":"Snake Plant","floor":21,"turns":4},{"damage":10,"enemies":"Centurion and Healer","floor":22,"turns":7},{"damage":24,"enemies":"Book of Stabbing","floor":24,"turns":5},{"damage":29,"enemies":"3 Cultists","floor":25,"turns":3}],"event_choices":[{"event_name":"The Lab","player_choice":"Got Potions","floor":5,"damage_taken":0},{"event_name":"The Cleric","player_choice":"Card Removal","floor":7,"damage_taken":0}],"boss_relics":[{"not_picked":["White Beast Statue","Pandora\u0027s Box"],"picked":"Tiny House"}],"potions_floor_spawned":[2,6,10,12,14,21],"seed_played":"-3113032654869653141","killed_by":"3 Cultists","ascension_level":1,"is_trial":false}