{"gold_per_floor":[110,125,138,150,150,150,179,194,194,209,209],"floor_reached":11,"playtime":876,"items_purged":[],"score":89,"play_id":"e440c816-32b5-40ac-889f-84edbab751ac","local_time":"20190328215657","is_ascension_mode":true,"campfire_choices":[{"data":"Zap","floor":6,"key":"SMITH"}],"neow_cost":"NONE","seed_source_timestamp":7232284497417,"circlet_count":0,"master_deck":["Strike_B","Strike_B","Strike_B","Defend_B","Defend_B","Defend_B","Defend_B","Zap+1","Dualcast","White Noise","Go for the Eyes","Coolheaded","Seek","Tempest","Darkness","Consume","Heatsinks"],"relics":["Eternal Feather","Art of War","Ornamental Fan"],"potions_floor_usage":[7],"damage_taken":[{"damage":0,"enemies":"Small Slimes","floor":1,"turns":4},{"damage":0,"enemies":"Cultist","floor":2,"turns":4},{"damage":1,"enemies":"2 Louse","floor":3,"turns":2},{"damage":23,"enemies":"Exordium Thugs","floor":4,"turns":7},{"damage":34,"enemies":"3 Sentries","floor":7,"turns":7},{"damage":5,"enemies":"Red Slaver","floor":8,"turns":4},{"damage":16,"enemies":"3 Louse","floor":10,"turns":4},{"damage":7,"enemies":"Exordium Wildlife","floor":11,"turns":1}],"seed_played":"-3477785648968138938","potions_obtained":[{"floor":3,"key":"Swift Potion"},{"floor":8,"key":"Strength Potion"}],"is_trial":false,"path_per_floor":["M","M","M","M","?","R","E","M","T","M","M"],"character_chosen":"DEFECT","items_purchased":[],"campfire_rested":0,"item_purchase_floors":[],"current_hp_per_floor":[75,75,74,51,51,57,23,18,18,2,0],"gold":209,"neow_bonus":"BOSS_RELIC","is_prod":false,"is_daily":false,"chose_seed":false,"campfire_upgraded":1,"win_rate":0,"timestamp":1553835417,"path_taken":["M","M","M","M","?","R","E","M","T","M","M"],"build_version":"2019-01-23","purchased_purges":0,"victory":false,"max_hp_per_floor":[75,75,75,75,75,75,75,75,75,75,75],"card_choices":[{"not_picked":["Stack","Sweeping Beam"],"picked":"White Noise","floor":1},{"not_picked":["Turbo","Barrage"],"picked":"Go for the Eyes","floor":2},{"not_picked":["Redo","White Noise"],"picked":"Coolheaded","floor":3},{"not_picked":["Gash","Sweeping Beam"],"picked":"Seek","floor":4},{"not_picked":["Compile Driver","Turbo"],"picked":"Darkness","floor":7},{"not_picked":["Skim","Hologram"],"picked":"Consume","floor":8},{"not_picked":["Coolheaded","Beam Cell"],"picked":"Heatsinks","floor":10}],"player_experience":218464,"relics_obtained":[{"floor":7,"key":"Art of War"},{"floor":9,"key":"Ornamental Fan"}],"event_choices":[{"damage_healed":0,"gold_gain":0,"cards_transformed":["Strike_B"],"player_choice":"Transformed","damage_taken":0,"max_hp_gain":0,"max_hp_loss":0,"event_name":"Transmorgrifier","floor":5,"gold_loss":0,"cards_obtained":["Tempest"]}],"is_beta":false,"boss_relics":[],"items_purged_floors":[],"is_endless":false,"potions_floor_spawned":[3,8],"killed_by":"Exordium Wildlife","ascension_level":3}