{"gold_per_floor":[110,127,143,159,159,159,186,186,186,186,261,261],"floor_reached":12,"playtime":323,"items_purged":[],"score":94,"play_id":"0c17e2ab-8a09-4712-8ab8-b1508d74acb3","local_time":"20190301232255","is_ascension_mode":true,"campfire_choices":[{"data":"Evolve","floor":6,"key":"SMITH"},{"data":"Pommel Strike","floor":8,"key":"SMITH"},{"data":"Flex","floor":10,"key":"SMITH"}],"neow_cost":"NONE","seed_source_timestamp":1032073757869130,"circlet_count":0,"master_deck":["Strike_R","Strike_R","Strike_R","Strike_R","Strike_R","Defend_R","Defend_R","Defend_R","Defend_R","Bash","Clash","Headbutt","Flex+1","Evolve+1","Clash","Pommel Strike+1"],"relics":["Burning Blood","The Courier","StoneCalendar","Unceasing Top"],"potions_floor_usage":[3,7],"damage_taken":[{"damage":8,"enemies":"Jaw Worm","floor":1,"turns":4},{"damage":0,"enemies":"2 Louse","floor":2,"turns":3},{"damage":0,"enemies":"Small Slimes","floor":3,"turns":1},{"damage":0,"enemies":"3 Louse","floor":4,"turns":3},{"damage":16,"enemies":"Gremlin Nob","floor":7,"turns":3},{"damage":30,"enemies":"Lagavulin","floor":12,"turns":5}],"seed_played":"6322712296106424031","potions_obtained":[{"floor":1,"key":"Explosive Potion"},{"floor":3,"key":"Poison Potion"}],"is_trial":false,"path_per_floor":["M","M","M","M","?","R","E","R","T","R","?","E"],"character_chosen":"IRONCLAD","items_purchased":[],"campfire_rested":0,"item_purchase_floors":[],"current_hp_per_floor":[78,80,80,80,55,55,45,45,45,45,34,4],"gold":261,"neow_bonus":"THREE_CARDS","is_prod":false,"is_daily":false,"chose_seed":false,"campfire_upgraded":3,"win_rate":0,"timestamp":1551504175,"path_taken":["M","M","M","M","?","R","E","R","T","R","?","E"],"build_version":"2019-01-23","purchased_purges":0,"victory":false,"max_hp_per_floor":[80,80,80,80,80,80,80,80,80,80,80,80],"card_choices":[{"not_picked":["Clothesline","Flex"],"picked":"Clash","floor":0},{"not_picked":["Intimidate","Rage"],"picked":"Headbutt","floor":1},{"not_picked":["Clothesline","Warcry"],"picked":"Flex","floor":2},{"not_picked":["Heavy Blade","Wild Strike"],"picked":"Evolve","floor":3},{"not_picked":["Armaments","Disarm"],"picked":"Clash","floor":4},{"not_picked":["True Grit","Heavy Blade"],"picked":"Pommel Strike","floor":7}],"player_experience":591335,"relics_obtained":[{"floor":7,"key":"StoneCalendar"},{"floor":9,"key":"Unceasing Top"}],"event_choices":[{"damage_healed":0,"gold_gain":0,"player_choice":"Success","damage_taken":25,"relics_obtained":["The Courier"],"max_hp_gain":0,"max_hp_loss":0,"event_name":"Scrap Ooze","floor":5,"gold_loss":0},{"damage_healed":0,"gold_gain":75,"player_choice":"Gather Gold","damage_taken":11,"max_hp_gain":0,"max_hp_loss":0,"event_name":"World of Goop","floor":11,"gold_loss":0}],"is_beta":false,"boss_relics":[],"items_purged_floors":[],"is_endless":false,"potions_floor_spawned":[1,3],"killed_by":"Lagavulin","ascension_level":4}