{"path_per_floor":["M","M","M","?","$","E","R","M","T","M","?","M","M","M","R","B",null,"M","?","$","M","$"],"character_chosen":"THE_SILENT","items_purchased":["Noxious Fumes","Backstab"],"gold_per_floor":[114,129,140,140,25,55,55,73,97,113,113,129,146,160,160,262,262,278,203,103,70,36,36],"floor_reached":23,"campfire_rested":1,"playtime":1109,"current_hp_per_floor":[67,64,64,64,64,49,49,40,40,42,47,38,40,32,57,14,87,53,53,53,30,30,0],"items_purged":["Strike_G","Regret"],"gold":36,"score":220,"play_id":"321da4b6-447d-494e-8af0-a8dfacb21ba0","local_time":"20180423225010","is_prod":false,"is_daily":false,"chose_seed":false,"is_ascension_mode":false,"campfire_upgraded":1,"timestamp":1524549010,"path_taken":["M","M","M","?","$","E","R","M","T","?","?","M","M","M","R","BOSS","M","?","$","?","$","E"],"build_version":"2018-04-19","seed_source_timestamp":1110480413912084,"purchased_purges":2,"victory":false,"master_deck":["Defend_G","Defend_G","Defend_G+1","Defend_G","Defend_G","Strike_G","Strike_G","Strike_G","Strike_G","Survivor+1","Neutralize","Catalyst","Noxious Fumes+1","Backstab","Outmaneuver","Decay","Bouncing Flask","Backstab+1","Backstab"],"max_hp_per_floor":[70,70,70,70,70,72,72,72,72,74,79,81,83,85,85,87,87,87,87,87,87,87,87],"relics":["Ring of the Snake","War Paint","Singing Bowl","Dream Catcher","Calling Bell","Anchor","Toolbox","Shovel"],"card_choices":[{"not_picked":["Backflip","Deadly Poison"],"picked":"Catalyst","floor":1},{"not_picked":["Flechettes","Eviscerate"],"picked":"Backstab","floor":8},{"not_picked":["Quick Slash","Acrobatics"],"picked":"Outmaneuver","floor":15},{"not_picked":["Quick Slash","Deflect"],"picked":"Bouncing Flask","floor":18},{"not_picked":["Slice","Cloak And Dagger"],"picked":"Backstab","floor":21}],"player_experience":55847,"potions_floor_usage":[13,16,16,16,23],"damage_taken":[{"damage":3,"enemies":"2 Louse","floor":1,"turns":3},{"damage":3,"enemies":"Cultist","floor":2,"turns":5},{"damage":0,"enemies":"Small Slimes","floor":3,"turns":4},{"damage":17,"enemies":"3 Sentries","floor":6,"turns":9},{"damage":9,"enemies":"Blue Slaver","floor":8,"turns":5},{"damage":0,"enemies":"Exordium Wildlife","floor":10,"turns":3},{"damage":11,"enemies":"Gremlin Gang","floor":12,"turns":6},{"damage":0,"enemies":"2 Fungi Beasts","floor":13,"turns":3},{"damage":10,"enemies":"Looter","floor":14,"turns":3},{"damage":45,"enemies":"Slime Boss","floor":16,"turns":15},{"damage":34,"enemies":"Chosen","floor":18,"turns":6},{"damage":23,"enemies":"2 Thieves","floor":21,"turns":5},{"damage":31,"enemies":"Book of Stabbing","floor":23,"turns":6}],"event_choices":[{"event_name":"The Lab","player_choice":"Got Potions","floor":4,"damage_taken":0},{"event_name":"Big Fish","player_choice":"Donut","floor":11,"damage_taken":0},{"event_name":"Beggar","player_choice":"Gave Gold","floor":19,"damage_taken":0}],"boss_relics":[{"not_picked":["White Beast Statue","Ectoplasm"],"picked":"Calling Bell"}],"potions_floor_spawned":[2,6,8,14,18],"seed_played":"-8066810280069146633","killed_by":"Book of Stabbing","ascension_level":0,"is_trial":false}