{"gold_per_floor":[110,110,128,143,143,178,178,217,217,217,250,274,12,12,12,12],"floor_reached":16,"playtime":731,"items_purged":[],"score":183,"play_id":"4c0206c9-45d6-468e-9977-bf32f351d529","local_time":"20190330175820","is_ascension_mode":true,"campfire_choices":[{"data":"Neutralize","floor":7,"key":"SMITH"},{"data":"Adrenaline","floor":10,"key":"SMITH"},{"data":"Strike_G","floor":15,"key":"PURGE"}],"neow_cost":"NONE","seed_source_timestamp":10337783383409,"circlet_count":0,"master_deck":["AscendersBane","Defend_G","Defend_G","Defend_G","Defend_G","Defend_G","Strike_G","Strike_G","Strike_G","Survivor","Neutralize+1","Endless Agony","Masterful Stab","Choke","Adrenaline+1","After Image","Leg Sweep","Well Laid Plans"],"relics":["Philosopher\u0027s Stone","Golden Idol","Bag of Preparation","The Courier","Potion Belt","Peace Pipe","Kunai"],"potions_floor_usage":[6,11,12,16],"damage_taken":[{"damage":4,"enemies":"Jaw Worm","floor":1,"turns":4},{"damage":0,"enemies":"2 Louse","floor":3,"turns":3},{"damage":0,"enemies":"Cultist","floor":4,"turns":4},{"damage":9,"enemies":"Gremlin Nob","floor":6,"turns":3},{"damage":13,"enemies":"Lagavulin","floor":8,"turns":7},{"damage":3,"enemies":"Gremlin Nob","floor":11,"turns":3},{"damage":0,"enemies":"3 Louse","floor":12,"turns":3},{"damage":22,"enemies":"Slime Boss","floor":16,"turns":7}],"seed_played":"-1229382024417327230","potions_obtained":[{"floor":3,"key":"Fire Potion"},{"floor":6,"key":"PowerPotion"},{"floor":8,"key":"Explosive Potion"},{"floor":12,"key":"SneckoOil"}],"is_trial":false,"path_per_floor":["M","?","M","M","?","E","R","E","T","R","E","M","$","?","R","B"],"character_chosen":"THE_SILENT","items_purchased":["Kunai","Well Laid Plans"],"campfire_rested":0,"item_purchase_floors":[13,13],"current_hp_per_floor":[59,64,64,64,46,37,37,24,24,24,21,21,21,21,21,0],"gold":12,"neow_bonus":"BOSS_RELIC","is_prod":false,"is_daily":false,"chose_seed":false,"campfire_upgraded":2,"win_rate":0,"timestamp":1553993900,"path_taken":["M","?","M","M","?","E","R","E","T","R","E","?","$","?","R","BOSS"],"build_version":"2019-01-23","purchased_purges":0,"victory":false,"max_hp_per_floor":[70,75,75,75,75,75,75,75,75,75,75,75,75,75,75,75],"card_choices":[{"not_picked":["Deadly Poison","Underhanded Strike"],"picked":"Endless Agony","floor":1},{"not_picked":["Bane","Flechettes"],"picked":"Masterful Stab","floor":3},{"not_picked":["Infinite Blades","PiercingWail"],"picked":"Choke","floor":4},{"not_picked":["Reflex","Crippling Poison"],"picked":"Adrenaline","floor":6},{"not_picked":["Doppelganger","Endless Agony"],"picked":"After Image","floor":8},{"not_picked":["Caltrops","Deadly Poison","Reflex"],"picked":"SKIP","floor":11},{"not_picked":["Quick Slash","Dodge and Roll"],"picked":"Leg Sweep","floor":12}],"player_experience":303109,"relics_obtained":[{"floor":6,"key":"Bag of Preparation"},{"floor":8,"key":"The Courier"},{"floor":9,"key":"Potion Belt"},{"floor":11,"key":"Peace Pipe"}],"event_choices":[{"damage_healed":0,"gold_gain":0,"player_choice":"Donut","damage_taken":0,"max_hp_gain":5,"max_hp_loss":0,"event_name":"Big Fish","floor":2,"gold_loss":0},{"damage_healed":0,"gold_gain":0,"player_choice":"Take Damage","damage_taken":18,"relics_obtained":["Golden Idol"],"max_hp_gain":0,"max_hp_loss":0,"event_name":"Golden Idol","floor":5,"gold_loss":0},{"cards_removed":["Strike_G"],"damage_healed":0,"gold_gain":0,"player_choice":"Forget","damage_taken":0,"max_hp_gain":0,"max_hp_loss":0,"event_name":"Living Wall","floor":14,"gold_loss":0}],"is_beta":false,"boss_relics":[],"items_purged_floors":[],"is_endless":false,"potions_floor_spawned":[3,6,8,12],"killed_by":"Slime Boss","ascension_level":11}