{"gold_per_floor":[117,117,117,17,28,53,83,117,141,141,155,155,155,184,184,282,282,295,305,31,31,49,84,84,102,102,102,115,147,17,42,42,146,146,165,165,0,0,0,0,0],"floor_reached":41,"playtime":4284,"items_purged":["Regret"],"score":615,"play_id":"05836ab3-00e6-4ffa-b068-9c8cefc46242","local_time":"20190406115312","is_ascension_mode":true,"campfire_choices":[{"floor":13,"key":"REST"},{"floor":15,"key":"REST"},{"floor":24,"key":"REST"},{"floor":27,"key":"REST"},{"floor":32,"key":"REST"},{"floor":40,"key":"REST"}],"neow_cost":"NONE","seed_source_timestamp":77293191811283,"circlet_count":0,"master_deck":["Defend_G","Defend_G","Defend_G","Defend_G+1","Strike_G+1","Strike_G","Strike_G+1","Survivor","Neutralize+1","Quick Slash","Deadly Poison","Acrobatics","Crippling Poison","Malaise","Poisoned Stab","Prepared","Tools of the Trade","PiercingWail","Envenom","Leg Sweep+1","Bane","Apotheosis","Catalyst","Calculated Gamble","Endless Agony","Distraction+1","Setup+1","Bane","Heel Hook","Riddle With Holes","Bouncing Flask","Backflip","Deadly Poison+1","Corpse Explosion","Blur+1","Secret Weapon","The Bomb","PiercingWail+1"],"relics":["Ring of the Snake","NeowsBlessing","Boot","Dodecahedron","Potion Belt","Darkstone Periapt","Dream Catcher","Ninja Scroll","Empty Cage","Smiling Mask","Shuriken","Whetstone","Gremlin Horn","Velvet Choker","Red Mask"],"potions_floor_usage":[8,8,16,18,23,29,29,33,41],"damage_taken":[{"damage":0,"enemies":"Small Slimes","floor":1,"turns":1},{"damage":0,"enemies":"Jaw Worm","floor":5,"turns":1},{"damage":0,"enemies":"3 Sentries","floor":6,"turns":1},{"damage":10,"enemies":"Lagavulin","floor":8,"turns":6},{"damage":6,"enemies":"2 Louse","floor":11,"turns":3},{"damage":23,"enemies":"3 Sentries","floor":14,"turns":10},{"damage":23,"enemies":"Hexaghost","floor":16,"turns":9},{"damage":2,"enemies":"3 Byrds","floor":18,"turns":4},{"damage":38,"enemies":"2 Thieves","floor":19,"turns":5},{"damage":0,"enemies":"Chosen and Byrds","floor":22,"turns":7},{"damage":43,"enemies":"Book of Stabbing","floor":23,"turns":7},{"damage":4,"enemies":"Centurion and Healer","floor":25,"turns":10},{"damage":0,"enemies":"Cultist and Chosen","floor":28,"turns":6},{"damage":0,"enemies":"Slavers","floor":29,"turns":4},{"damage":34,"enemies":"Book of Stabbing","floor":31,"turns":6},{"damage":52,"enemies":"Automaton","floor":33,"turns":10},{"damage":14,"enemies":"3 Shapes","floor":35,"turns":6},{"damage":100,"enemies":"Reptomancer","floor":41,"turns":9}],"seed_played":"7689518084861223525","potions_obtained":[{"floor":5,"key":"Energy Potion"},{"floor":6,"key":"Dexterity Potion"},{"floor":14,"key":"GhostInAJar"},{"floor":16,"key":"Poison Potion"},{"floor":22,"key":"PowerPotion"},{"floor":23,"key":"Energy Potion"},{"floor":25,"key":"Strength Potion"},{"floor":31,"key":"SpeedPotion"}],"is_trial":false,"path_per_floor":["?","?","?","?","?","?","$","?","?","?","$"],"character_chosen":"THE_SILENT","items_purchased":["Deadly Poison","Apotheosis","Catalyst","Bouncing Flask","Explosive Potion"],"campfire_rested":6,"item_purchase_floors":[4,20,20,30,30],"current_hp_per_floor":[70,70,56,56,56,56,56,46,46,69,63,63,76,53,75,52,73,71,33,33,83,83,40,64,60,60,83,83,83,83,49,73,21,83,69,64,64,64,64,83,0],"gold":0,"neow_bonus":"THREE_ENEMY_KILL","is_prod":false,"is_daily":false,"chose_seed":false,"campfire_upgraded":0,"win_rate":0,"timestamp":1554544392,"path_taken":["M","?","?","$","M","E","?","E","T","?","M","?","R","E","R","BOSS","M","M","$","?","M","E","R","M","T","R","M","E","?","E","R","BOSS","M","?","?","?","?","R","E"],"build_version":"2019-01-23","purchased_purges":1,"victory":false,"max_hp_per_floor":[70,70,70,70,70,70,70,70,70,76,76,76,76,76,76,76,73,73,73,73,83,83,83,83,83,83,83,83,83,83,83,83,83,83,83,83,83,83,83,83,83],"card_choices":[{"not_picked":["Bane","Eviscerate"],"picked":"Quick Slash","floor":1},{"not_picked":["Sucker Punch","Underhanded Strike"],"picked":"Acrobatics","floor":5},{"not_picked":["Blade Dance","Calculated Gamble"],"picked":"Crippling Poison","floor":6},{"not_picked":["Dodge and Roll","Prepared"],"picked":"Malaise","floor":8},{"not_picked":["Bane","Deadly Poison"],"picked":"Poisoned Stab","floor":11},{"not_picked":["Dagger Spray","Night Terror"],"picked":"Prepared","floor":13},{"not_picked":["Dodge and Roll","Deadly Poison"],"picked":"Tools of the Trade","floor":14},{"not_picked":["Underhanded Strike","Outmaneuver"],"picked":"PiercingWail","floor":15},{"not_picked":["Corpse Explosion","Burst"],"picked":"Envenom","floor":16},{"not_picked":["Deflect","Outmaneuver"],"picked":"Leg Sweep+1","floor":18},{"not_picked":["Leg Sweep","Deadly Poison"],"picked":"Bane","floor":19},{"not_picked":["Endless Agony","Slice+1"],"picked":"Calculated Gamble","floor":22},{"not_picked":["Quick Slash","Deflect"],"picked":"Endless Agony","floor":23},{"not_picked":["Flying Knee","Phantasmal Killer"],"picked":"Distraction+1","floor":24},{"not_picked":["Acrobatics","Eviscerate"],"picked":"Setup+1","floor":25},{"not_picked":["Deadly Poison","Flechettes"],"picked":"Bane","floor":27},{"not_picked":["Caltrops","Acrobatics"],"picked":"Heel Hook","floor":28},{"not_picked":["Reflex","Dodge and Roll"],"picked":"Riddle With Holes","floor":29},{"not_picked":["Tactician","Dodge and Roll"],"picked":"Backflip","floor":31},{"not_picked":["Outmaneuver","Dodge and Roll"],"picked":"Deadly Poison+1","floor":32},{"not_picked":["Phantasmal Killer","Night Terror"],"picked":"Corpse Explosion","floor":33},{"not_picked":["Masterful Stab","Sucker Punch"],"picked":"Blur+1","floor":35},{"not_picked":["Discovery","Swift Strike"],"picked":"Secret Weapon","floor":36},{"not_picked":["Violence","Transmutation"],"picked":"The Bomb","floor":36},{"not_picked":["Predator","Dagger Throw+1"],"picked":"PiercingWail+1","floor":40}],"player_experience":184427,"relics_obtained":[{"floor":6,"key":"Dodecahedron"},{"floor":8,"key":"Darkstone Periapt"},{"floor":9,"key":"Dream Catcher"},{"floor":14,"key":"Ninja Scroll"},{"floor":23,"key":"Smiling Mask"},{"floor":26,"key":"Shuriken"},{"floor":29,"key":"Whetstone"},{"floor":31,"key":"Gremlin Horn"}],"event_choices":[{"damage_healed":0,"gold_gain":0,"player_choice":"Box","damage_taken":0,"relics_obtained":["Boot"],"max_hp_gain":0,"max_hp_loss":0,"event_name":"Big Fish","floor":2,"gold_loss":0,"cards_obtained":["Regret"]},{"damage_healed":0,"gold_gain":0,"player_choice":"Entered Light","damage_taken":14,"max_hp_gain":0,"max_hp_loss":0,"event_name":"Shining Light","floor":3,"gold_loss":0,"cards_upgraded":["Strike_G","Defend_G"]},{"damage_healed":0,"gold_gain":30,"player_choice":"Searched \u00272\u0027 times","damage_taken":0,"relics_obtained":["Potion Belt"],"max_hp_gain":0,"max_hp_loss":0,"event_name":"Dead Adventurer","floor":7,"gold_loss":0},{"damage_healed":17,"gold_gain":0,"player_choice":"Healed and dodged fight","damage_taken":0,"max_hp_gain":0,"max_hp_loss":0,"event_name":"Mushrooms","floor":10,"gold_loss":0,"cards_obtained":["Parasite"]},{"damage_healed":0,"gold_gain":0,"cards_transformed":["Strike_G"],"player_choice":"Change","damage_taken":0,"max_hp_gain":0,"max_hp_loss":0,"event_name":"Living Wall","floor":12,"gold_loss":0,"cards_obtained":["Grand Finale"]},{"cards_removed":["Grand Finale"],"damage_healed":40,"gold_gain":0,"player_choice":"Offered Rare","damage_taken":0,"max_hp_gain":10,"max_hp_loss":0,"event_name":"Bonfire Elementals","floor":21,"gold_loss":0},{"damage_healed":0,"gold_gain":0,"player_choice":"Memory 2","damage_taken":5,"max_hp_gain":0,"max_hp_loss":0,"event_name":"SensoryStone","floor":36,"gold_loss":0},{"damage_healed":0,"gold_gain":0,"player_choice":"Paid","damage_taken":0,"relics_obtained":["Red Mask"],"max_hp_gain":0,"max_hp_loss":0,"event_name":"Tomb of Lord Red Mask","floor":37,"gold_loss":165},{"cards_removed":["Defend_G"],"damage_healed":0,"gold_gain":0,"player_choice":"Removed Skill","damage_taken":0,"max_hp_gain":0,"max_hp_loss":0,"event_name":"Falling","floor":38,"gold_loss":0}],"is_beta":false,"boss_relics":[{"not_picked":["WristBlade","Busted Crown"],"picked":"Empty Cage"},{"not_picked":["Black Star","Coffee Dripper"],"picked":"Velvet Choker"}],"items_purged_floors":[4],"is_endless":false,"potions_floor_spawned":[5,6,14,16,22,23,25,31],"killed_by":"Reptomancer","ascension_level":3}