{"gold_per_floor":[113,130,106,119,180,180,27,27,54,54,74,74,109,122,122,242,242,263,263,281,281,281,281,301,107,107,107,107,120,145,420,420,545,545,558,579,339,182,182,182],"floor_reached":40,"playtime":1317,"items_purged":[],"score":595,"play_id":"15ade13f-042f-48fd-b66d-e26a42eb333b","local_time":"20190225140449","is_ascension_mode":true,"campfire_choices":[{"data":"Perfected Strike","floor":6.0,"key":"SMITH"},{"data":"Double Tap","floor":10.0,"key":"SMITH"},{"data":"Perfected Strike","floor":12.0,"key":"SMITH"},{"floor":15.0,"key":"REST"},{"data":"Flex","floor":23.0,"key":"SMITH"},{"data":"Mayhem","floor":27.0,"key":"SMITH"},{"floor":32.0,"key":"REST"}],"neow_cost":"TEN_PERCENT_HP_LOSS","seed_source_timestamp":651964885598573,"circlet_count":0,"master_deck":["Strike_R","Strike_R","Strike_R","Strike_R","Strike_R","Defend_R","Defend_R","Defend_R","Defend_R","Perfected Strike+1","Wild Strike","Shrug It Off","Flex+1","Double Tap+1","Perfected Strike+1","Twin Strike","Twin Strike","Brutality","Infernal Blade+1","Double Tap","Twin Strike+1","Twin Strike","Mayhem+1","Twin Strike","Perfected Strike","Immolate","Perfected Strike+1"],"special_seed":0,"relics":["Burning Blood","Ginger","Golden Idol","Omamori","Potion Belt","White Beast Statue","Frozen Egg 2","Eternal Feather","PrismaticShard","Bag of Marbles"],"potions_floor_usage":[40,40],"damage_taken":[{"damage":7.0,"enemies":"Small Slimes","floor":1.0,"turns":3.0},{"damage":7.0,"enemies":"Jaw Worm","floor":2.0,"turns":3.0},{"damage":0.0,"enemies":"Cultist","floor":4.0,"turns":3.0},{"damage":22.0,"enemies":"Exordium Thugs","floor":11.0,"turns":3.0},{"damage":16.0,"enemies":"Gremlin Nob","floor":13.0,"turns":3.0},{"damage":0.0,"enemies":"2 Fungi Beasts","floor":14.0,"turns":2.0},{"damage":0.0,"enemies":"Slime Boss","floor":16.0,"turns":5.0},{"damage":12.0,"enemies":"Chosen","floor":18.0,"turns":3.0},{"damage":7.0,"enemies":"3 Byrds","floor":20.0,"turns":4.0},{"damage":1.0,"enemies":"Centurion and Healer","floor":24.0,"turns":2.0},{"damage":0.0,"enemies":"Slavers","floor":28.0,"turns":1.0},{"damage":28.0,"enemies":"3 Cultists","floor":29.0,"turns":5.0},{"damage":10.0,"enemies":"Snecko","floor":30.0,"turns":3.0},{"damage":64.0,"enemies":"Automaton","floor":33.0,"turns":6.0},{"damage":18.0,"enemies":"3 Shapes","floor":35.0,"turns":4.0},{"damage":11.0,"enemies":"Orb Walker","floor":36.0,"turns":2.0},{"damage":54,"enemies":"Time Eater","floor":40,"turns":5}],"seed_played":"6856313826956194950","potions_obtained":[{"floor":4.0,"key":"Explosive Potion"},{"floor":14.0,"key":"Explosive Potion"},{"floor":18.0,"key":"SpeedPotion"},{"floor":20.0,"key":"EntropicBrew"},{"floor":24.0,"key":"Swift Potion"},{"floor":29.0,"key":"Fruit Juice"},{"floor":30.0,"key":"GamblersBrew"},{"floor":33.0,"key":"Fire Potion"},{"floor":35.0,"key":"SpeedPotion"},{"floor":36.0,"key":"SkillPotion"}],"is_trial":false,"path_per_floor":["M","M","$","M","?","R","$","?","T","R","M","R","E","M","R","B",null,"M","?","M","?","?","R","M","$","T","R","E","M","M","?","R","B",null,"M","M","$","$","?","B"],"character_chosen":"IRONCLAD","items_purchased":["Shrug It Off","Double Tap","Inflame","Mayhem","PrismaticShard","Energy Potion","Bag of Marbles"],"campfire_rested":2,"item_purchase_floors":[3,7,7,25,37,37,38],"current_hp_per_floor":[71,70,70,72,72,72,72,67,67,67,51,51,41,47,67,67,67,61,61,60,60,60,60,65,65,65,65,67,50,46,46,67,9,72,60,55,55,55,55,1],"gold":182,"neow_bonus":"ONE_RARE_RELIC","is_prod":false,"is_daily":false,"chose_seed":false,"campfire_upgraded":5,"win_rate":0,"timestamp":1551125089,"path_taken":["M","M","$","M","?","R","$","?","T","R","M","R","E","M","R","BOSS","M","?","?","?","?","R","?","$","T","R","E","M","M","?","R","BOSS","M","M","$","?","?","BOSS"],"build_version":"2019-01-23","purchased_purges":0,"victory":false,"max_hp_per_floor":[72,72,72,72,72,72,72,67,67,67,67,67,67,67,67,67,67,67,67,67,67,67,67,67,67,67,67,67,72,72,72,72,72,72,72,72,72,72,72,72],"card_choices":[{"not_picked":["Armaments","Carnage"],"picked":"Perfected Strike","floor":1.0},{"not_picked":["Spot Weakness","Iron Wave"],"picked":"Wild Strike","floor":2.0},{"not_picked":["Heavy Blade","Blood for Blood"],"picked":"Flex","floor":4.0},{"not_picked":["Dual Wield","Disarm"],"picked":"Perfected Strike","floor":11.0},{"not_picked":["Entrench","Heavy Blade"],"picked":"Twin Strike","floor":13.0},{"not_picked":["Shrug It Off","Ghostly Armor"],"picked":"Twin Strike","floor":14.0},{"not_picked":["Impervious","Berserk"],"picked":"Brutality","floor":16.0},{"not_picked":["Armaments+1","Clash+1"],"picked":"Infernal Blade+1","floor":18.0},{"not_picked":["Blood for Blood","Headbutt+1"],"picked":"Twin Strike+1","floor":20.0},{"not_picked":["Metallicize","Shockwave+1"],"picked":"Twin Strike","floor":24.0},{"not_picked":["Flex+1","Clothesline+1"],"picked":"Twin Strike","floor":29.0},{"not_picked":["Entrench","Twin Strike"],"picked":"Perfected Strike","floor":30.0},{"not_picked":["Brutality+1","Impervious"],"picked":"Immolate","floor":33.0},{"not_picked":["Clash","Iron Wave","Disarm+1"],"picked":"SKIP","floor":35.0},{"not_picked":["Dropkick","Carnage+1"],"picked":"Perfected Strike+1","floor":36.0}],"player_experience":563884,"relics_obtained":[{"floor":9.0,"key":"Omamori"},{"floor":13.0,"key":"Potion Belt"},{"floor":26.0,"key":"Frozen Egg 2"}],"event_choices":[{"damage_healed":0.0,"max_hp_gain":0.0,"max_hp_loss":0.0,"gold_gain":61.0,"event_name":"Golden Wing","player_choice":"Gained Gold","floor":5.0,"gold_loss":0.0,"damage_taken":0.0},{"damage_healed":0.0,"max_hp_gain":0.0,"max_hp_loss":5.0,"gold_gain":0.0,"event_name":"Golden Idol","player_choice":"Lose Max HP","floor":8.0,"gold_loss":0.0,"damage_taken":0.0,"relics_obtained":["Golden Idol"]},{"damage_healed":0.0,"max_hp_gain":0.0,"max_hp_loss":0.0,"gold_gain":0.0,"cards_transformed":["Inflame"],"event_name":"Transmorgrifier","player_choice":"Transformed","floor":19.0,"gold_loss":0.0,"damage_taken":0.0,"cards_obtained":["Double Tap"]},{"damage_healed":0.0,"max_hp_gain":0.0,"max_hp_loss":0.0,"gold_gain":0.0,"event_name":"Ghosts","player_choice":"Ignored","floor":21.0,"gold_loss":0.0,"damage_taken":0.0},{"cards_removed":["Bash"],"damage_healed":0.0,"max_hp_gain":0.0,"max_hp_loss":0.0,"gold_gain":0.0,"event_name":"Bonfire Elementals","player_choice":"Offered Basic","floor":22.0,"gold_loss":0.0,"damage_taken":0.0},{"damage_healed":0.0,"max_hp_gain":0.0,"max_hp_loss":0.0,"gold_gain":275.0,"event_name":"Golden Shrine","player_choice":"Desecrate","floor":31.0,"gold_loss":0.0,"damage_taken":0.0,"cards_obtained":["Regret"]},{"damage_healed":0,"gold_gain":0,"player_choice":"Took Portal","damage_taken":0,"max_hp_gain":0,"max_hp_loss":0,"event_name":"SecretPortal","floor":39,"gold_loss":0}],"is_beta":false,"boss_relics":[{"not_picked":["Sozu","Empty Cage"],"picked":"White Beast Statue"},{"not_picked":["Runic Pyramid","Busted Crown"],"picked":"Eternal Feather"}],"items_purged_floors":[],"is_endless":false,"potions_floor_spawned":[4,14,18,20,24,28,29,30,33,35,36],"killed_by":"Time Eater","ascension_level":4}