{"gold_per_floor":[117,136,15,15,15,50,73,89,89,125,125,148,148,148,148,278,278,291,286,33,49,49,49,73,73,100,133,0,0,0,43,43,166,166,180,180,305,638,657,687,687,687,710,720,735,735,735,480,480,480],"floor_reached":51,"playtime":4924,"items_purged":["Defend_B","Hello World+1"],"score":782,"play_id":"72d1fe66-110e-402e-bc36-8afa25eeadd9","local_time":"20190325141110","is_ascension_mode":true,"campfire_choices":[{"data":"Defragment","floor":11.0,"key":"SMITH"},{"data":"Zap","floor":13.0,"key":"SMITH"},{"floor":15.0,"key":"REST"},{"floor":23,"key":"RECALL"},{"floor":25,"key":"REST"},{"floor":29,"key":"REST"},{"floor":32,"key":"REST"},{"floor":41,"key":"REST"},{"floor":49,"key":"REST"}],"neow_cost":"NONE","seed_source_timestamp":0,"circlet_count":0,"master_deck":["Strike_B","Strike_B","Strike_B","Defend_B","Defend_B","Defend_B","Zap+1","Ball Lightning","Loop","Defragment+1","Gash","Conserve Battery","Blizzard","Glacier","Cold Snap","Glacier","Biased Cognition+1","Self Repair+1","Capacitor+1","Apotheosis","Cold Snap","Cold Snap","Echo Form+1","Hologram","Buffer+1","Glacier+1","Panacea","Echo Form+1","Chill","Rebound"],"special_seed":0,"relics":["Cracked Core","Frozen Egg 2","DataDisk","Fusion Hammer","Nloth\u0027s Gift","Vajra","Gremlin Horn","Blue Candle","Nuclear Battery","Ice Cream","Bag of Marbles","Strawberry","Omamori"],"potions_floor_usage":[18,21,33,35,39,44,45,45,50,50],"damage_taken":[{"damage":0.0,"enemies":"Small Slimes","floor":1.0,"turns":1.0},{"damage":0.0,"enemies":"2 Louse","floor":2.0,"turns":1.0},{"damage":0.0,"enemies":"Gremlin Nob","floor":6.0,"turns":1.0},{"damage":4.0,"enemies":"Cultist","floor":7.0,"turns":4.0},{"damage":6.0,"enemies":"Red Slaver","floor":8.0,"turns":3.0},{"damage":4.0,"enemies":"3 Sentries","floor":10.0,"turns":5.0},{"damage":5.0,"enemies":"Looter","floor":12.0,"turns":3.0},{"damage":9.0,"enemies":"The Guardian","floor":16.0,"turns":11.0},{"damage":12,"enemies":"3 Byrds","floor":18,"turns":3},{"damage":7,"enemies":"2 Thieves","floor":19,"turns":4},{"damage":0,"enemies":"Centurion and Healer","floor":21,"turns":9},{"damage":0,"enemies":"Snake Plant","floor":24,"turns":7},{"damage":25,"enemies":"Gremlin Leader","floor":27,"turns":6},{"damage":49,"enemies":"Slavers","floor":31,"turns":6},{"damage":14,"enemies":"Automaton","floor":33,"turns":9},{"damage":6,"enemies":"Orb Walker","floor":35,"turns":4},{"damage":7,"enemies":"Mind Bloom Boss Battle","floor":37,"turns":6},{"damage":0,"enemies":"3 Darklings","floor":39,"turns":5},{"damage":5,"enemies":"Nemesis","floor":40,"turns":11},{"damage":0,"enemies":"Spire Growth","floor":44,"turns":6},{"damage":3,"enemies":"Writhing Mass","floor":45,"turns":9},{"damage":48,"enemies":"Time Eater","floor":50,"turns":14}],"seed_played":"-1800579287583546132","potions_obtained":[{"floor":6.0,"key":"Fire Potion"},{"floor":7.0,"key":"GamblersBrew"},{"floor":12.0,"key":"SpeedPotion"},{"floor":16,"key":"AttackPotion"},{"floor":19,"key":"PowerPotion"},{"floor":27,"key":"GamblersBrew"},{"floor":31,"key":"Strength Potion"},{"floor":35,"key":"Block Potion"},{"floor":37,"key":"Dexterity Potion"},{"floor":40,"key":"Weak Potion"},{"floor":44,"key":"SteroidPotion"}],"is_trial":false,"path_per_floor":["M","M","$","?","?","E","M","M","T","E","R","M","R","?","R","B",null,"M","M","$","M","?","R","M","R","T","E","?","R","?","E","R","B",null,"M","?","?","?","M","E","R","?","T","M","M","T","?","$","R","B",null],"character_chosen":"DEFECT","items_purchased":["Defragment","Explosive Potion","Apotheosis","Rebound","Poison Potion","AttackPotion"],"campfire_rested":6,"item_purchase_floors":[3,3,20,48,48,48],"current_hp_per_floor":[75,75,75,57,50,50,46,40,40,36,36,31,31,31,53,44,75,63,66,66,75,75,75,75,75,75,50,50,72,72,33,55,51,75,75,75,75,75,75,75,75,75,82,82,82,82,82,82,82,44],"gold":480,"neow_bonus":"THREE_ENEMY_KILL","is_prod":false,"is_daily":false,"chose_seed":false,"campfire_upgraded":2,"win_rate":0,"timestamp":1553548270,"path_taken":["M","M","$","?","?","E","M","M","T","E","R","M","R","?","R","BOSS","BOSS","M","M","$","M","?","R","?","R","T","E","?","R","?","E","R","BOSS","M","?","?","?","M","E","R","?","T","?","M","?","?","$","R","BOSS"],"build_version":"2019-01-23","purchased_purges":2,"victory":true,"max_hp_per_floor":[75,75,75,75,75,75,75,75,75,75,75,75,75,75,75,75,75,75,75,75,75,75,75,75,75,75,75,75,75,75,75,75,75,75,75,75,75,75,75,75,75,75,82,82,82,82,82,82,82,82],"card_choices":[{"not_picked":["Rip and Tear","Turbo"],"picked":"Ball Lightning","floor":1.0},{"not_picked":["Double Energy","Fusion"],"picked":"Loop","floor":2.0},{"not_picked":["Go for the Eyes","Coolheaded"],"picked":"Gash","floor":6.0},{"not_picked":["Leap","Turbo"],"picked":"Conserve Battery","floor":7.0},{"not_picked":["Stack","All For One"],"picked":"Blizzard","floor":8.0},{"not_picked":["Barrage","Ball Lightning"],"picked":"Glacier","floor":10.0},{"not_picked":["Rebound","Turbo"],"picked":"Cold Snap","floor":12.0},{"not_picked":["Multi-Cast","Core Surge"],"picked":"Biased Cognition+1","floor":16},{"not_picked":["Go for the Eyes","Streamline+1"],"picked":"Self Repair+1","floor":18},{"not_picked":["BootSequence","Redo"],"picked":"Capacitor+1","floor":19},{"not_picked":["Turbo","Conserve Battery"],"picked":"Cold Snap","floor":21},{"not_picked":["All For One","Ball Lightning+1"],"picked":"Cold Snap","floor":24},{"not_picked":["Barrage","Streamline"],"picked":"Echo Form+1","floor":27},{"not_picked":["Creative AI+1","Melter"],"picked":"Hologram","floor":31},{"not_picked":["Hyperbeam","Reboot"],"picked":"Buffer+1","floor":33},{"not_picked":["Static Discharge+1","Lockon+1"],"picked":"Glacier+1","floor":35},{"not_picked":["Forethought","Bandage Up"],"picked":"Panacea","floor":36},{"not_picked":["Rebound","Go for the Eyes+1","Leap+1"],"picked":"SKIP","floor":39},{"not_picked":["Compile Driver","Multi-Cast","Steam+1"],"picked":"SKIP","floor":40},{"not_picked":["Cold Snap","Leap+1"],"picked":"Hello World+1","floor":44},{"not_picked":["Rebound","Melter"],"picked":"Chill","floor":45}],"player_experience":220433,"relics_obtained":[{"floor":6.0,"key":"Frozen Egg 2"},{"floor":10.0,"key":"DataDisk"},{"floor":26,"key":"Vajra"},{"floor":27,"key":"Gremlin Horn"},{"floor":31,"key":"Blue Candle"},{"floor":37,"key":"Ice Cream"},{"floor":40,"key":"Bag of Marbles"},{"floor":43,"key":"Strawberry"},{"floor":46,"key":"Omamori"}],"event_choices":[{"damage_healed":0.0,"max_hp_gain":0.0,"max_hp_loss":0.0,"gold_gain":0.0,"event_name":"Golden Idol","player_choice":"Take Damage","floor":4.0,"gold_loss":0.0,"damage_taken":18.0,"relics_obtained":["Golden Idol"]},{"cards_removed":["Dualcast"],"damage_healed":0.0,"max_hp_gain":0.0,"max_hp_loss":0.0,"gold_gain":0.0,"event_name":"Golden Wing","player_choice":"Card Removal","floor":5.0,"gold_loss":0.0,"damage_taken":7.0},{"damage_healed":0.0,"max_hp_gain":0.0,"max_hp_loss":0.0,"gold_gain":0.0,"cards_transformed":["Strike_B"],"event_name":"Transmorgrifier","player_choice":"Transformed","floor":14.0,"gold_loss":0.0,"damage_taken":0.0,"cards_obtained":["Glacier"]},{"damage_healed":0,"gold_gain":0,"player_choice":"Traded Relic","damage_taken":0,"relics_obtained":["Nloth\u0027s Gift"],"max_hp_gain":0,"max_hp_loss":0,"event_name":"N\u0027loth","floor":22,"relics_lost":["NeowsBlessing"],"gold_loss":0},{"damage_healed":0,"gold_gain":0,"player_choice":"Paid Fearfully","damage_taken":0,"max_hp_gain":0,"max_hp_loss":0,"event_name":"Masked Bandits","floor":28,"gold_loss":133},{"damage_healed":0,"gold_gain":0,"player_choice":"Ignored","damage_taken":0,"max_hp_gain":0,"max_hp_loss":0,"event_name":"Vampires","floor":30,"gold_loss":0},{"damage_healed":0,"gold_gain":0,"player_choice":"Memory 1","damage_taken":0,"max_hp_gain":0,"max_hp_loss":0,"event_name":"SensoryStone","floor":36,"gold_loss":0},{"damage_healed":0,"gold_gain":0,"player_choice":"Fight","damage_taken":0,"max_hp_gain":0,"max_hp_loss":0,"event_name":"MindBloom","floor":37,"gold_loss":0},{"damage_healed":0,"gold_gain":333,"player_choice":"Gave Idol","damage_taken":0,"max_hp_gain":0,"max_hp_loss":0,"event_name":"The Moai Head","floor":38,"relics_lost":["Golden Idol"],"gold_loss":0},{"damage_healed":0,"gold_gain":0,"player_choice":"Copied","damage_taken":0,"max_hp_gain":0,"max_hp_loss":0,"event_name":"Duplicator","floor":42,"gold_loss":0,"cards_obtained":["Echo Form"]},{"damage_healed":0,"gold_gain":0,"player_choice":"Ignored","damage_taken":0,"max_hp_gain":0,"max_hp_loss":0,"event_name":"Tomb of Lord Red Mask","floor":47,"gold_loss":0}],"is_beta":false,"boss_relics":[{"not_picked":["Calling Bell","Black Star"],"picked":"Fusion Hammer"},{"not_picked":["Snecko Eye","Astrolabe"],"picked":"Nuclear Battery"}],"items_purged_floors":[20,48],"is_endless":false,"potions_floor_spawned":[6,7,12,16,19,27,31,35,37,40,44],"ascension_level":1}