{"gold_per_floor":[10,27,27,27,46,46,19,19,19,52,67,88,107,121,121,210,210,229,154,154,154,154],"floor_reached":22,"playtime":1349,"items_purged":[],"score":338,"play_id":"fcbff62d-da78-414a-80dd-2098e35855a1","local_time":"20190316200047","is_ascension_mode":true,"campfire_choices":[{"data":"Hologram","floor":6,"key":"SMITH"},{"floor":8,"key":"REST"},{"floor":15,"key":"REST"}],"neow_cost":"NO_GOLD","seed_source_timestamp":329662848520785,"circlet_count":0,"master_deck":["AscendersBane","Strike_B","Strike_B","Defend_B","Defend_B","Defend_B","Defend_B","Zap","Dualcast","Hologram+1","Chaos","Self Repair","Rebound","Injury","Coolheaded","Cold Snap","Go for the Eyes+1","Blizzard+1","Coolheaded","Coolheaded","Capacitor"],"relics":["Cracked Core","Golden Idol","Meat on the Bone","Molten Egg 2","Snecko Eye"],"potions_floor_usage":[5,14,18,18,18,18],"damage_taken":[{"damage":14,"enemies":"Small Slimes","floor":1,"turns":3},{"damage":0,"enemies":"2 Louse","floor":2,"turns":3},{"damage":1,"enemies":"Cultist","floor":5,"turns":4},{"damage":25,"enemies":"Exordium Thugs","floor":7,"turns":5},{"damage":40,"enemies":"Gremlin Nob","floor":10,"turns":5},{"damage":13,"enemies":"Blue Slaver","floor":11,"turns":3},{"damage":1,"enemies":"Looter","floor":12,"turns":3},{"damage":3,"enemies":"2 Fungi Beasts","floor":13,"turns":3},{"damage":7,"enemies":"Red Slaver","floor":14,"turns":4},{"damage":25,"enemies":"The Guardian","floor":16,"turns":17},{"damage":40,"enemies":"Spheric Guardian","floor":18,"turns":13},{"damage":15,"enemies":"Chosen","floor":22,"turns":8}],"seed_played":"-6529790255282310007","potions_obtained":[{"floor":2,"key":"Regen Potion"},{"floor":11,"key":"Weak Potion"},{"floor":13,"key":"SkillPotion"},{"floor":16,"key":"EntropicBrew"}],"is_trial":false,"path_per_floor":["M","M","?","?","M","R","M","R","T","E","M","M","M","M","R","B",null,"M","?","?","$","M"],"character_chosen":"DEFECT","items_purchased":[],"campfire_rested":2,"item_purchase_floors":[],"current_hp_per_floor":[50,57,57,57,71,71,53,71,71,50,37,36,45,45,66,48,65,44,44,37,37,22],"gold":154,"neow_bonus":"TRANSFORM_TWO_CARDS","is_prod":false,"is_daily":false,"chose_seed":false,"campfire_upgraded":1,"win_rate":0,"timestamp":1552784447,"path_taken":["M","M","?","?","M","R","M","R","T","E","M","M","M","M","R","BOSS","M","?","?","$","M"],"build_version":"2019-01-23","purchased_purges":0,"victory":false,"max_hp_per_floor":[71,71,71,71,71,71,71,71,71,71,71,71,71,71,71,71,71,71,71,71,71,71],"card_choices":[{"not_picked":["Ball Lightning","Compile Driver"],"picked":"Self Repair","floor":1},{"not_picked":["Sweeping Beam","Steam"],"picked":"Rebound","floor":2},{"not_picked":["Conserve Battery","Redo"],"picked":"Coolheaded","floor":5},{"not_picked":["Streamline","Redo"],"picked":"Cold Snap","floor":7},{"not_picked":["Thunder Strike","Fusion"],"picked":"Go for the Eyes","floor":10},{"not_picked":["Stack","Hologram"],"picked":"Blizzard+1","floor":11},{"not_picked":["Hologram","Undo"],"picked":"Coolheaded","floor":12},{"not_picked":["White Noise","Leap"],"picked":"Coolheaded","floor":13},{"not_picked":["Auto Shields","Scrape+1"],"picked":"Capacitor","floor":14},{"not_picked":["Rainbow","All For One+1"],"picked":"Amplify","floor":16},{"not_picked":["Barrage+1","Storm","Darkness"],"picked":"SKIP","floor":18}],"player_experience":756600,"relics_obtained":[{"floor":9,"key":"Meat on the Bone"},{"floor":10,"key":"Molten Egg 2"}],"event_choices":[{"damage_healed":0,"gold_gain":0,"player_choice":"Ignored","damage_taken":0,"max_hp_gain":0,"max_hp_loss":0,"event_name":"Shining Light","floor":3,"gold_loss":0},{"damage_healed":0,"gold_gain":0,"player_choice":"Take Wound","damage_taken":0,"relics_obtained":["Golden Idol"],"max_hp_gain":0,"max_hp_loss":0,"event_name":"Golden Idol","floor":4,"gold_loss":0,"cards_obtained":["Injury"]},{"cards_removed":["Amplify"],"damage_healed":0,"gold_gain":0,"player_choice":"Gave Gold","damage_taken":0,"max_hp_gain":0,"max_hp_loss":0,"event_name":"Beggar","floor":19,"gold_loss":75},{"damage_healed":0,"gold_gain":0,"player_choice":"","damage_taken":7,"max_hp_gain":0,"max_hp_loss":0,"event_name":"Knowing Skull","floor":20,"potions_obtained":[],"gold_loss":0,"cards_obtained":[]}],"is_beta":false,"boss_relics":[{"not_picked":["Coffee Dripper","FrozenCore"],"picked":"Snecko Eye"}],"items_purged_floors":[],"is_endless":false,"potions_floor_spawned":[2,11,13,16],"killed_by":"Chosen","ascension_level":16}