{"gold_per_floor":[115,115,131,148,159,187,38,38,38,38,113,113,132,186,186,287,287,301,216,14,14,24,24,35,35,35,35,48,48,147,147,147,250,250,267,267,267,267,285,285,305,323,347,359,371],"floor_reached":45,"playtime":4780,"items_purged":["Strike_R"],"score":436,"play_id":"9dab6e0c-7aad-47ff-9f0d-7a7a3520bfb1","local_time":"20190309202548","is_ascension_mode":false,"campfire_choices":[{"data":"Cleave","floor":8.0,"key":"SMITH"},{"data":"Flex","floor":10.0,"key":"SMITH"},{"floor":12.0,"key":"REST"},{"data":"Metallicize","floor":15.0,"key":"SMITH"},{"floor":23.0,"key":"REST"},{"data":"Flame Barrier","floor":25.0,"key":"SMITH"},{"data":"Rampage","floor":29.0,"key":"SMITH"},{"floor":32.0,"key":"REST"},{"data":"Bludgeon","floor":40.0,"key":"SMITH"},{"floor":44,"key":"REST"}],"neow_cost":"NONE","seed_source_timestamp":0,"circlet_count":0,"master_deck":["Strike_R+1","Strike_R+1","Strike_R+1","Defend_R+1","Defend_R+1","Defend_R+1","Bash","Flex+1","Cleave+1","Combust","Flame Barrier+1","Rampage+1","Metallicize+1","Immolate","Iron Wave+1","Spot Weakness+1","Cleave+1","Bludgeon+1","Flex","Madness","Madness","Rage+1"],"special_seed":0,"relics":["Burning Blood","Juzu Bracelet","Ancient Tea Set","Snecko Eye","Paper Frog","TheAbacus","Shuriken","Velvet Choker","MawBank"],"potions_floor_usage":[45,45],"damage_taken":[{"damage":5.0,"enemies":"Cultist","floor":1.0,"turns":4.0},{"damage":7.0,"enemies":"Small Slimes","floor":3.0,"turns":4.0},{"damage":10.0,"enemies":"Jaw Worm","floor":4.0,"turns":4.0},{"damage":11.0,"enemies":"2 Fungi Beasts","floor":5.0,"turns":4.0},{"damage":19.0,"enemies":"3 Sentries","floor":6.0,"turns":6.0},{"damage":6.0,"enemies":"Blue Slaver","floor":13.0,"turns":3.0},{"damage":59.0,"enemies":"The Guardian","floor":16.0,"turns":14.0},{"damage":11.0,"enemies":"2 Thieves","floor":18.0,"turns":4.0},{"damage":12.0,"enemies":"3 Byrds","floor":22.0,"turns":3.0},{"damage":15.0,"enemies":"Snake Plant","floor":24.0,"turns":4.0},{"damage":2.0,"enemies":"Centurion and Healer","floor":28.0,"turns":3.0},{"damage":15.0,"enemies":"Collector","floor":33.0,"turns":5.0},{"damage":16.0,"enemies":"3 Shapes","floor":35.0,"turns":3.0},{"damage":1.0,"enemies":"Orb Walker","floor":39.0,"turns":3.0},{"damage":39.0,"enemies":"Sphere and 2 Shapes","floor":41.0,"turns":6.0},{"damage":0,"enemies":"Jaw Worm Horde","floor":42,"turns":3},{"damage":71,"enemies":"Giant Head","floor":45,"turns":8}],"seed_played":"-4878189586831940156","potions_obtained":[{"floor":1.0,"key":"Dexterity Potion"},{"floor":5.0,"key":"Ancient Potion"},{"floor":13.0,"key":"FearPotion"},{"floor":35.0,"key":"AttackPotion"},{"floor":42,"key":"Strength Potion"}],"is_trial":false,"path_per_floor":["M","?","M","M","M","E","$","R","T","R","?","R","M","?","R","B",null,"M","?","$","?","M","R","M","R","T","?","M","R","?","?","R","B",null,"M","?","?","?","M","R","M","M","T","R","E"],"character_chosen":"IRONCLAD","items_purchased":["Metallicize","TheAbacus"],"campfire_rested":4,"item_purchase_floors":[7,20],"current_hp_per_floor":[80,80,79,75,70,57,57,57,57,57,46,70,70,70,70,17,80,75,75,75,60,54,79,70,70,70,70,74,74,74,74,85,76,85,75,75,64,64,69,69,36,42,42,67,0],"gold":371,"neow_bonus":"REMOVE_CARD","is_prod":false,"is_daily":false,"chose_seed":false,"campfire_upgraded":6,"win_rate":0.0,"timestamp":1552159548,"path_taken":["M","?","?","M","?","E","$","R","T","R","?","R","M","?","R","BOSS","M","?","$","?","M","R","M","R","T","?","M","R","?","?","R","BOSS","M","?","?","?","M","R","M","M","T","R","E"],"build_version":"2019-01-23","purchased_purges":1,"victory":false,"max_hp_per_floor":[80,80,80,80,80,80,80,80,80,80,80,80,80,80,80,80,80,80,80,80,85,85,85,85,85,85,85,85,85,85,85,85,85,85,85,85,85,85,85,85,85,85,85,85,85],"card_choices":[{"not_picked":["Pummel","Clash","True Grit"],"picked":"SKIP","floor":1.0},{"not_picked":["Pummel","Clash","True Grit"],"picked":"SKIP","floor":1.0},{"not_picked":["Hemokinesis","Clothesline"],"picked":"Cleave","floor":3.0},{"not_picked":["Body Slam","Rampage"],"picked":"Combust","floor":4.0},{"not_picked":["Feed","Wild Strike"],"picked":"Flame Barrier","floor":5.0},{"not_picked":["Cleave","Hemokinesis"],"picked":"Rampage","floor":6.0},{"not_picked":["Wild Strike","Power Through","Combust"],"picked":"SKIP","floor":13.0},{"not_picked":["Dark Embrace","Brutality"],"picked":"Immolate","floor":16.0},{"not_picked":["Perfected Strike","Clothesline","Clash"],"picked":"SKIP","floor":18.0},{"not_picked":["Shrug It Off","Intimidate"],"picked":"Iron Wave+1","floor":22.0},{"not_picked":["Wild Strike","Seeing Red"],"picked":"Spot Weakness+1","floor":24.0},{"not_picked":["Reckless Charge+1","Heavy Blade"],"picked":"Cleave+1","floor":28.0},{"not_picked":["Immolate","Limit Break"],"picked":"Bludgeon","floor":33.0},{"not_picked":["Metallicize+1","Wild Strike"],"picked":"Flex","floor":35.0},{"not_picked":["Seeing Red","Carnage+1","Heavy Blade"],"picked":"SKIP","floor":39.0},{"not_picked":["Inflame+1","Corruption"],"picked":"Rage+1","floor":41},{"not_picked":["True Grit+1","Wild Strike+1","Thunderclap+1"],"picked":"SKIP","floor":42}],"player_experience":24431,"relics_obtained":[{"floor":6.0,"key":"Juzu Bracelet"},{"floor":9.0,"key":"Ancient Tea Set"},{"floor":26.0,"key":"Shuriken"},{"floor":43,"key":"MawBank"}],"event_choices":[{"damage_healed":0.0,"max_hp_gain":0.0,"max_hp_loss":0.0,"gold_gain":0.0,"cards_transformed":["Defend_R"],"event_name":"Transmorgrifier","player_choice":"Transformed","floor":2.0,"gold_loss":0.0,"damage_taken":0.0,"cards_obtained":["Flex"]},{"damage_healed":0.0,"max_hp_gain":0.0,"max_hp_loss":0.0,"gold_gain":75.0,"event_name":"World of Goop","player_choice":"Gather Gold","floor":11.0,"gold_loss":0.0,"damage_taken":11.0},{"damage_healed":0.0,"max_hp_gain":0.0,"max_hp_loss":0.0,"gold_gain":54.0,"event_name":"Golden Wing","player_choice":"Gained Gold","floor":14.0,"gold_loss":0.0,"damage_taken":0.0},{"damage_healed":0.0,"max_hp_gain":0.0,"max_hp_loss":0.0,"gold_gain":0.0,"event_name":"Addict","player_choice":"Obtained Relic","floor":19.0,"gold_loss":85.0,"damage_taken":0.0,"relics_obtained":["Paper Frog"]},{"damage_healed":0.0,"max_hp_gain":5.0,"max_hp_loss":0.0,"gold_gain":0.0,"event_name":"Forgotten Altar","player_choice":"Shed Blood","floor":21.0,"gold_loss":0.0,"damage_taken":20.0},{"damage_healed":0.0,"max_hp_gain":0.0,"max_hp_loss":0.0,"gold_gain":0.0,"event_name":"Back to Basics","player_choice":"Simplicity","floor":27.0,"gold_loss":0.0,"damage_taken":0.0,"cards_upgraded":["Strike_R","Strike_R","Strike_R","Defend_R","Defend_R","Defend_R"]},{"damage_healed":0.0,"max_hp_gain":0.0,"max_hp_loss":0.0,"gold_gain":99.0,"event_name":"Nest","player_choice":"Stole From Cult","floor":30.0,"gold_loss":0.0,"damage_taken":0.0},{"damage_healed":0.0,"max_hp_gain":0.0,"max_hp_loss":0.0,"gold_gain":0.0,"event_name":"Ghosts","player_choice":"Ignored","floor":31.0,"gold_loss":0.0,"damage_taken":0.0},{"damage_healed":0.0,"max_hp_gain":0.0,"max_hp_loss":0.0,"gold_gain":0.0,"event_name":"Tomb of Lord Red Mask","player_choice":"Ignored","floor":36.0,"gold_loss":0.0,"damage_taken":0.0},{"damage_healed":0.0,"max_hp_gain":0.0,"max_hp_loss":0.0,"gold_gain":0.0,"event_name":"Winding Halls","player_choice":"Embrace Madness","floor":37.0,"gold_loss":0.0,"damage_taken":11.0,"cards_obtained":["Madness","Madness"]},{"damage_healed":0.0,"max_hp_gain":0.0,"max_hp_loss":0.0,"gold_gain":0.0,"event_name":"SecretPortal","player_choice":"Ignored","floor":38.0,"gold_loss":0.0,"damage_taken":0.0}],"is_beta":false,"boss_relics":[{"not_picked":["Mark of Pain","Runic Cube"],"picked":"Snecko Eye"},{"not_picked":["Runic Dome","Cursed Key"],"picked":"Velvet Choker"}],"items_purged_floors":[7],"is_endless":false,"potions_floor_spawned":[1,5,13,22,28,35,42],"killed_by":"Giant Head","ascension_level":0}