{"path_per_floor":["M","M","$","M","M","R","E","R","T","E","R","?","$","?","R","B",null,"M","?","$","?","$","R"],"character_chosen":"DEFECT","items_purchased":["Cold Snap"],"gold_per_floor":[117,127,7,19,31,31,63,63,118,150,150,150,50,50,50,150,150,163,163,38,38,38,38,38],"floor_reached":24,"campfire_rested":4,"playtime":700,"item_purchase_floors":[3],"current_hp_per_floor":[68,46,46,44,42,64,53,75,75,62,62,62,62,20,42,48,72,44,29,29,29,29,54,0],"items_purged":["Strike_B","Strike_B","Strike_B"],"gold":38,"score":305,"play_id":"44c79f62-e537-4d85-a366-8af4a4a7fa67","local_time":"20180529044928","is_prod":false,"is_daily":false,"chose_seed":false,"is_ascension_mode":true,"campfire_upgraded":1,"win_rate":0,"timestamp":1527562168,"campfire_choices":[{"floor":6,"key":"REST"},{"floor":8,"key":"REST"},{"data":"Defragment","floor":11,"key":"SMITH"},{"floor":15,"key":"REST"},{"floor":23,"key":"REST"}],"path_taken":["M","?","$","?","M","R","E","R","T","E","R","?","$","?","R","BOSS","M","?","?","?","$","R","E"],"build_version":"2018-05-27","seed_source_timestamp":90818685573091,"purchased_purges":3,"victory":false,"master_deck":["Defend_B","Defend_B","Defend_B","Defend_B","Zap","Dualcast","Cold Snap","Redo","Cold Snap","Cold Snap","Cold Snap","Defragment+1","Cold Snap","Coolheaded","All For One","Leap"],"max_hp_per_floor":[75,75,75,75,75,75,75,75,75,75,75,75,75,75,75,80,80,80,85,85,85,85,85,85],"relics":["Cracked Core","Pantograph","Omamori","Anchor","Centennial Puzzle","Runic Pyramid"],"card_choices":[{"not_picked":["Barrage","Consume"],"picked":"Redo","floor":1},{"not_picked":["Rebound","Turbo"],"picked":"Cold Snap","floor":2},{"not_picked":["Rebound","Barrage"],"picked":"Cold Snap","floor":4},{"not_picked":["Auto Shields","Force Field"],"picked":"Defragment","floor":5},{"not_picked":["Thunder Strike","Double Energy"],"picked":"Cold Snap","floor":7},{"not_picked":["Beam Cell","Reinforced Body"],"picked":"Coolheaded","floor":10},{"not_picked":["Biased Cognition","Thunder Strike"],"picked":"All For One","floor":16},{"not_picked":["Streamline+1","Double Energy"],"picked":"Leap","floor":18}],"player_experience":110201,"potions_floor_usage":[16,16,16],"damage_taken":[{"damage":0,"enemies":"Cultist","floor":1,"turns":4},{"damage":22,"enemies":"Small Slimes","floor":2,"turns":3},{"damage":2,"enemies":"2 Louse","floor":4,"turns":2},{"damage":2,"enemies":"Looter","floor":5,"turns":3},{"damage":11,"enemies":"Gremlin Nob","floor":7,"turns":6},{"damage":13,"enemies":"3 Sentries","floor":10,"turns":9},{"damage":24,"enemies":"Hexaghost","floor":16,"turns":16},{"damage":28,"enemies":"3 Byrds","floor":18,"turns":8},{"damage":58,"enemies":"Gremlin Leader","floor":24,"turns":6}],"relics_obtained":[{"floor":7,"key":"Pantograph"},{"floor":9,"key":"Omamori"},{"floor":10,"key":"Anchor"}],"event_choices":[{"event_name":"The Lab","player_choice":"Got Potions","floor":12,"damage_taken":0},{"event_name":"Scrap Ooze","player_choice":"success","floor":14,"damage_taken":42},{"event_name":"Forgotten Altar","player_choice":"Shed Blood","floor":19,"damage_taken":0},{"event_name":"Beggar","player_choice":"Ignored","floor":21,"damage_taken":0}],"boss_relics":[{"not_picked":["Snecko Eye","Sozu"],"picked":"Runic Pyramid"}],"items_purged_floors":[3,13,20],"potions_floor_spawned":[2,7,10],"seed_played":"7044478081103553570","killed_by":"Gremlin Leader","ascension_level":8,"potions_obtained":[{"floor":2,"key":"LiquidBronze"},{"floor":7,"key":"FocusPotion"},{"floor":10,"key":"Dexterity Potion"},{"floor":12,"key":"Fruit Juice"},{"floor":12,"key":"EssenceOfSteel"}],"is_trial":false}