{"gold_per_floor":[118,130,141,65,65,98,110,141,206,275,287,299,330,360,372,484,496,521,549,561,588,323,323,350,350],"floor_reached":25,"playtime":1138,"items_purged":["Strike_B"],"score":303,"play_id":"2251efd8-4e22-434e-8a3a-9a07029c6065","local_time":"20190214010247","is_ascension_mode":true,"campfire_choices":[{"floor":11,"key":"REST"},{"floor":15,"key":"REST"},{"data":"Bandage Up","floor":23,"key":"SMITH"}],"neow_cost":"NONE","seed_source_timestamp":46028739281989,"circlet_count":0,"master_deck":["Strike_B","Strike_B","Defend_B","Defend_B","Defend_B","Defend_B","Zap","Dualcast","Gash","Rebound","Gash","Reinforced Body","Gash","Defragment","All For One","Bandage Up+1"],"relics":["Cracked Core","NeowsBlessing","Ornamental Fan","Mummified Hand","MawBank","Pen Nib","Bottled Flame","Busted Crown","Membership Card","Pantograph"],"potions_floor_usage":[14,21,21,21,24],"damage_taken":[{"damage":0,"enemies":"Small Slimes","floor":1,"turns":1},{"damage":0,"enemies":"Cultist","floor":2,"turns":1},{"damage":0,"enemies":"2 Louse","floor":3,"turns":1},{"damage":14,"enemies":"Gremlin Nob","floor":6,"turns":4},{"damage":0,"enemies":"Large Slime","floor":7,"turns":5},{"damage":26,"enemies":"3 Sentries","floor":8,"turns":6},{"damage":14,"enemies":"Lagavulin Event","floor":10,"turns":5},{"damage":2,"enemies":"Gremlin Gang","floor":13,"turns":4},{"damage":10,"enemies":"Lots of Slimes","floor":14,"turns":3},{"damage":25,"enemies":"The Guardian","floor":16,"turns":9},{"damage":0,"enemies":"Chosen","floor":18,"turns":3},{"damage":2,"enemies":"Shell Parasite","floor":19,"turns":3},{"damage":0,"enemies":"Centurion and Healer","floor":21,"turns":4},{"damage":41,"enemies":"Gremlin Leader","floor":24,"turns":6},{"damage":4,"enemies":"Snecko","floor":25,"turns":3}],"seed_played":"7187657988090840635","potions_obtained":[{"floor":3,"key":"LiquidBronze"},{"floor":6,"key":"FearPotion"},{"floor":7,"key":"SpeedPotion"},{"floor":13,"key":"Weak Potion"},{"floor":19,"key":"FearPotion"},{"floor":21,"key":"Swift Potion"}],"is_trial":false,"path_per_floor":["M","M","M","$","?","E","M","E","T","?","R","?","M","M","R","B",null,"M","M","?","M","$","R","E","M"],"character_chosen":"DEFECT","items_purchased":["Reinforced Body","Membership Card","Bandage Up"],"campfire_rested":2,"item_purchase_floors":[4,22,22],"current_hp_per_floor":[68,68,68,68,68,54,54,28,28,14,36,36,34,24,46,21,62,62,60,46,46,46,46,11,13],"gold":350,"neow_bonus":"THREE_ENEMY_KILL","is_prod":false,"is_daily":false,"chose_seed":false,"campfire_upgraded":1,"win_rate":0,"timestamp":1550127767,"path_taken":["M","M","M","$","?","E","?","E","T","?","R","?","?","?","R","BOSS","M","M","?","M","$","R","E","M"],"build_version":"2019-01-23","purchased_purges":1,"victory":false,"max_hp_per_floor":[75,75,75,75,75,75,75,75,75,75,75,75,75,75,75,75,75,75,75,80,80,80,80,80,80],"card_choices":[{"not_picked":["Leap","Compile Driver"],"picked":"Gash","floor":1},{"not_picked":["Conserve Battery","Storm"],"picked":"Rebound","floor":2},{"not_picked":["Sweeping Beam","Genetic Algorithm"],"picked":"Gash","floor":3},{"not_picked":["Compile Driver","Beam Cell","Turbo"],"picked":"SKIP","floor":6},{"not_picked":["Chill","Cold Snap"],"picked":"Gash","floor":7},{"not_picked":["Streamline","Doom and Gloom","Darkness"],"picked":"SKIP","floor":8},{"not_picked":["Barrage","Fusion","Aggregate"],"picked":"SKIP","floor":13},{"not_picked":["Turbo","Chill"],"picked":"Defragment","floor":14},{"not_picked":["Amplify","Fission"],"picked":"All For One","floor":16},{"not_picked":["Redo"],"picked":"SKIP","floor":18},{"not_picked":["Go for the Eyes+1"],"picked":"SKIP","floor":19},{"not_picked":["Cold Snap"],"picked":"SKIP","floor":21},{"not_picked":["Streamline"],"picked":"SKIP","floor":24}],"player_experience":485684,"relics_obtained":[{"floor":5,"key":"Ornamental Fan"},{"floor":6,"key":"Mummified Hand"},{"floor":8,"key":"MawBank"},{"floor":9,"key":"Pen Nib"},{"floor":10,"key":"Bottled Flame"},{"floor":24,"key":"Pantograph"}],"event_choices":[{"damage_healed":0,"gold_gain":0,"player_choice":"Relic","damage_taken":0,"max_hp_gain":0,"max_hp_loss":0,"event_name":"Wheel of Change","floor":5,"gold_loss":0},{"damage_healed":0,"gold_gain":0,"player_choice":"Searched \u00271\u0027 times","damage_taken":0,"max_hp_gain":0,"max_hp_loss":0,"event_name":"Dead Adventurer","floor":10,"gold_loss":0},{"cards_removed":["Strike_B"],"damage_healed":0,"gold_gain":0,"player_choice":"Offered Basic","damage_taken":0,"max_hp_gain":0,"max_hp_loss":0,"event_name":"Bonfire Elementals","floor":12,"gold_loss":0},{"damage_healed":0,"gold_gain":0,"player_choice":"Shed Blood","damage_taken":19,"max_hp_gain":5,"max_hp_loss":0,"event_name":"Forgotten Altar","floor":20,"gold_loss":0}],"is_beta":false,"boss_relics":[{"not_picked":["Fusion Hammer","Empty Cage"],"picked":"Busted Crown"}],"items_purged_floors":[22],"is_endless":false,"potions_floor_spawned":[3,6,7,13,19,21],"killed_by":"Snecko","ascension_level":6}