{"gold_per_floor":[109,124,134,153,0,27,40,40,40,40,56,56,74,402,402,497,497,497,497,497,497,497,497,497,497,497,497,497,497,24,24,24,24,24,24,0,0,0,0,0,0,0,0,0,0,0,0,0,0,0],"floor_reached":51,"playtime":4698,"items_purged":["Strike_G"],"score":745,"play_id":"9cc53bed-1983-414b-ba49-fc70d3de3b44","local_time":"20190403224222","is_ascension_mode":false,"campfire_choices":[{"floor":10,"key":"REST"},{"data":"Distraction","floor":12,"key":"SMITH"},{"floor":15,"key":"REST"},{"floor":24,"key":"REST"},{"floor":32,"key":"REST"},{"floor":40,"key":"REST"},{"data":"Night Terror","floor":42,"key":"SMITH"},{"floor":46,"key":"REST"},{"floor":49,"key":"REST"}],"neow_cost":"NONE","seed_source_timestamp":169350535030615,"circlet_count":0,"master_deck":["Defend_G","Defend_G","Defend_G","Defend_G","Defend_G","Strike_G","Strike_G","Strike_G","Survivor","Neutralize","PiercingWail+1","Caltrops","Backflip","Sucker Punch","Backflip","Poisoned Stab","Distraction+1","Deadly Poison","Bane","Adrenaline","Flying Knee","Leg Sweep+1","Slice","Noxious Fumes","Dagger Throw+1","Catalyst+1","Caltrops+1","Acrobatics","Deadly Poison","Prepared","Night Terror+1","Bane","Dagger Throw","Crippling Poison+1","Dodge and Roll+1","Corpse Explosion","Riddle With Holes+1","Finisher+1","Distraction","Bouncing Flask+1"],"relics":["Ring of the Snake","Regal Pillow","PreservedInsect","Paper Crane","CultistMask","Ice Cream","Old Coin","Ectoplasm","Matryoshka","Strawberry","MawBank","Snake Skull","Mummified Hand","Tiny House","Red Mask","WingedGreaves","Orichalcum","Lantern","Ginger","Juzu Bracelet"],"potions_floor_usage":[29,38],"damage_taken":[{"damage":0,"enemies":"Jaw Worm","floor":1,"turns":5},{"damage":1,"enemies":"Cultist","floor":2,"turns":6},{"damage":0,"enemies":"2 Louse","floor":3,"turns":4},{"damage":4,"enemies":"2 Fungi Beasts","floor":4,"turns":4},{"damage":31,"enemies":"3 Sentries","floor":6,"turns":8},{"damage":1,"enemies":"Looter","floor":7,"turns":5},{"damage":11,"enemies":"Exordium Thugs","floor":11,"turns":8},{"damage":16,"enemies":"Lots of Slimes","floor":13,"turns":5},{"damage":2,"enemies":"Lagavulin","floor":14,"turns":5},{"damage":35,"enemies":"The Guardian","floor":16,"turns":12},{"damage":3,"enemies":"Shell Parasite","floor":18,"turns":5},{"damage":0,"enemies":"Chosen","floor":19,"turns":4},{"damage":7,"enemies":"Shelled Parasite and Fungi","floor":20,"turns":8},{"damage":0,"enemies":"Snake Plant","floor":22,"turns":4},{"damage":41,"enemies":"Slavers","floor":23,"turns":5},{"damage":24,"enemies":"Centurion and Healer","floor":25,"turns":7},{"damage":9,"enemies":"Sentry and Sphere","floor":27,"turns":7},{"damage":19,"enemies":"3 Cultists","floor":28,"turns":6},{"damage":0,"enemies":"Centurion and Healer","floor":29,"turns":6},{"damage":0,"enemies":"Snake Plant","floor":31,"turns":3},{"damage":16,"enemies":"Collector","floor":33,"turns":4},{"damage":15,"enemies":"3 Shapes","floor":35,"turns":6},{"damage":14,"enemies":"Orb Walker","floor":37,"turns":3},{"damage":20,"enemies":"2 Orb Walkers","floor":38,"turns":5},{"damage":8,"enemies":"Nemesis","floor":41,"turns":5},{"damage":31,"enemies":"Reptomancer","floor":44,"turns":4},{"damage":34,"enemies":"Spire Growth","floor":47,"turns":5},{"damage":3,"enemies":"Sphere and 2 Shapes","floor":48,"turns":4},{"damage":44,"enemies":"Time Eater","floor":50,"turns":10}],"seed_played":"7508464333658715078","potions_obtained":[{"floor":1,"key":"FearPotion"},{"floor":3,"key":"Energy Potion"},{"floor":6,"key":"FearPotion"},{"floor":11,"key":"GamblersBrew"},{"floor":16,"key":"Block Potion"},{"floor":18,"key":"Swift Potion"},{"floor":33,"key":"Ancient Potion"},{"floor":37,"key":"Fire Potion"},{"floor":38,"key":"GhostInAJar"}],"is_trial":false,"path_per_floor":["M","M","M","M","$","E","M","?","T","R","M","R","M","E","R","B",null,"M","M","M","?","M","E","R","M","T","M","M","M","$","M","R","B",null,"M","?","M","?","?","R","E","R","T","E","?","R","M","M","R","B",null],"character_chosen":"THE_SILENT","items_purchased":["PreservedInsect","Snake Skull","Mummified Hand"],"campfire_rested":7,"item_purchase_floors":[5,30,30],"current_hp_per_floor":[70,69,69,65,65,34,33,33,33,69,58,58,42,40,70,35,70,67,67,60,60,60,19,55,31,38,29,10,10,10,10,48,32,82,67,67,53,33,33,72,64,64,64,33,33,72,38,35,74,30],"gold":0,"neow_bonus":"RANDOM_COMMON_RELIC","is_prod":false,"is_daily":false,"chose_seed":false,"campfire_upgraded":2,"win_rate":0.0,"timestamp":1554345742,"path_taken":["M","M","M","M","$","E","M","?","T","R","?","R","M","E","R","BOSS","M","M","M","?","M","E","R","M","T","M","M","M","$","M","R","BOSS","M","?","M","?","?","R","E","R","T","E","?","R","M","M","R","BOSS"],"build_version":"2019-01-23","purchased_purges":1,"victory":true,"max_hp_per_floor":[70,70,70,70,70,70,70,70,70,70,70,70,70,70,70,70,70,70,70,70,70,70,70,70,70,77,77,77,77,77,77,77,77,82,82,82,82,82,82,82,82,82,82,82,82,82,82,82,82,82],"card_choices":[{"not_picked":["Bouncing Flask","Catalyst"],"picked":"PiercingWail","floor":1},{"not_picked":["Infinite Blades","Blade Dance"],"picked":"Caltrops","floor":2},{"not_picked":["Slice","Dagger Spray"],"picked":"Backflip","floor":3},{"not_picked":["Deflect","Dagger Spray"],"picked":"Sucker Punch","floor":4},{"not_picked":["Doppelganger","Dagger Throw"],"picked":"Backflip","floor":6},{"not_picked":["Underhanded Strike","Acrobatics"],"picked":"Poisoned Stab","floor":7},{"not_picked":["Dash","Flying Knee"],"picked":"Distraction","floor":11},{"not_picked":["Tactician","Glass Knife"],"picked":"Deadly Poison","floor":13},{"not_picked":["Calculated Gamble","Sucker Punch"],"picked":"Bane","floor":14},{"not_picked":["Tools of the Trade","Die Die Die"],"picked":"Adrenaline","floor":16},{"not_picked":["Outmaneuver","Predator"],"picked":"Flying Knee","floor":18},{"not_picked":["Bane","Dagger Spray"],"picked":"Leg Sweep+1","floor":19},{"not_picked":["Accuracy+1","Leg Sweep"],"picked":"Slice","floor":20},{"not_picked":["Dagger Throw","Quick Slash"],"picked":"Noxious Fumes","floor":22},{"not_picked":["Blade Dance","Reflex"],"picked":"Dagger Throw+1","floor":23},{"not_picked":["Tools of the Trade","Quick Slash"],"picked":"Catalyst","floor":25},{"not_picked":["Blade Dance","Backflip+1"],"picked":"Caltrops+1","floor":27},{"not_picked":["Quick Slash","Blur"],"picked":"Acrobatics","floor":28},{"not_picked":["Skewer","Cloak And Dagger+1"],"picked":"Deadly Poison","floor":29},{"not_picked":["Storm of Steel","Acrobatics"],"picked":"Prepared","floor":31},{"not_picked":["Unload","Venomology"],"picked":"Night Terror","floor":33},{"not_picked":["Cloak And Dagger+1","Riddle With Holes"],"picked":"Bane","floor":34},{"not_picked":["Leg Sweep","Predator"],"picked":"Dagger Throw","floor":35},{"not_picked":["Bane","Caltrops+1"],"picked":"Crippling Poison+1","floor":37},{"not_picked":["Quick Slash+1","Reflex+1"],"picked":"Dodge and Roll+1","floor":38},{"not_picked":["Heel Hook","Accuracy"],"picked":"Riddle With Holes+1","floor":41},{"not_picked":["Outmaneuver","Doppelganger"],"picked":"Finisher+1","floor":44},{"not_picked":["Dagger Spray","Blade Dance+1"],"picked":"Distraction","floor":47},{"not_picked":["Caltrops","Infinite Blades+1"],"picked":"Bouncing Flask+1","floor":48}],"player_experience":48210,"relics_obtained":[{"floor":6,"key":"Paper Crane"},{"floor":9,"key":"Ice Cream"},{"floor":14,"key":"Old Coin"},{"floor":23,"key":"Matryoshka"},{"floor":26,"key":"Strawberry"},{"floor":26,"key":"MawBank"},{"floor":38,"key":"WingedGreaves"},{"floor":41,"key":"Orichalcum"},{"floor":43,"key":"Lantern"},{"floor":43,"key":"Ginger"},{"floor":44,"key":"Juzu Bracelet"}],"event_choices":[{"damage_healed":0,"gold_gain":0,"player_choice":"Trade","damage_taken":0,"relics_obtained":["CultistMask"],"max_hp_gain":0,"max_hp_loss":0,"event_name":"FaceTrader","floor":8,"gold_loss":0},{"damage_healed":0,"gold_gain":0,"player_choice":"Ignored","damage_taken":0,"max_hp_gain":0,"max_hp_loss":0,"event_name":"Ghosts","floor":21,"gold_loss":0},{"damage_healed":0,"gold_gain":0,"player_choice":"Paid","damage_taken":0,"relics_obtained":["Red Mask"],"max_hp_gain":0,"max_hp_loss":0,"event_name":"Tomb of Lord Red Mask","floor":36,"gold_loss":24},{"damage_healed":0,"gold_gain":0,"player_choice":"Fight","damage_taken":0,"max_hp_gain":0,"max_hp_loss":0,"event_name":"Mysterious Sphere","floor":38,"gold_loss":0},{"damage_healed":0,"gold_gain":0,"cards_transformed":["Strike_G"],"player_choice":"Transformed","damage_taken":0,"max_hp_gain":0,"max_hp_loss":0,"event_name":"Transmorgrifier","floor":39,"gold_loss":0,"cards_obtained":["Corpse Explosion"]},{"damage_healed":0,"gold_gain":0,"player_choice":"Forge","damage_taken":0,"max_hp_gain":0,"max_hp_loss":0,"event_name":"Accursed Blacksmith","floor":45,"gold_loss":0,"cards_upgraded":["PiercingWail"]}],"is_beta":false,"boss_relics":[{"not_picked":["Empty Cage","HoveringKite"],"picked":"Ectoplasm"},{"not_picked":["Snecko Eye","Coffee Dripper"],"picked":"Tiny House"}],"items_purged_floors":[30],"is_endless":false,"potions_floor_spawned":[1,3,6,11,16,18,25,27,28,33,37,38,47,48],"ascension_level":0}