{"gold_per_floor":[111,36,36,36,48,48,73,73,123,149,165,165,165],"floor_reached":13,"playtime":606,"items_purged":["Strike_B"],"score":132,"play_id":"4e0333c5-6a17-4f3d-9893-a2cb5a34dd37","local_time":"20190320022007","is_ascension_mode":true,"campfire_choices":[{"data":"Zap","floor":6,"key":"SMITH"},{"floor":8,"key":"REST"}],"neow_cost":"NONE","seed_source_timestamp":2442906144235009,"circlet_count":0,"master_deck":["Defend_B","Defend_B","Defend_B","Defend_B","Zap+1","Dualcast","Capacitor","Doom and Gloom","Doom and Gloom","Hello World","Consume","Doom and Gloom"],"relics":["Cracked Core","Blood Vial","Pen Nib","WingedGreaves"],"potions_floor_usage":[13],"damage_taken":[{"damage":3,"enemies":"Jaw Worm","floor":1,"turns":6},{"damage":4,"enemies":"Small Slimes","floor":5,"turns":3},{"damage":25,"enemies":"Lagavulin","floor":7,"turns":5},{"damage":28,"enemies":"Gremlin Nob","floor":10,"turns":4},{"damage":10,"enemies":"2 Louse","floor":11,"turns":2},{"damage":24,"enemies":"Exordium Thugs","floor":13,"turns":3}],"seed_played":"6911261449464592721","potions_obtained":[{"floor":10,"key":"SpeedPotion"},{"floor":11,"key":"EssenceOfSteel"}],"is_trial":false,"path_per_floor":["M","$","?","?","M","R","E","R","T","E","M","?","M"],"character_chosen":"DEFECT","items_purchased":[],"campfire_rested":1,"item_purchase_floors":[],"current_hp_per_floor":[65,65,58,58,54,54,29,51,51,25,17,17,0],"gold":165,"neow_bonus":"TRANSFORM_CARD","is_prod":false,"is_daily":false,"chose_seed":false,"campfire_upgraded":1,"win_rate":0,"timestamp":1553044807,"path_taken":["M","$","?","?","M","R","E","R","T","E","M","?","?"],"build_version":"2019-01-23","purchased_purges":1,"victory":false,"max_hp_per_floor":[75,75,75,75,75,75,75,75,75,75,75,75,75],"card_choices":[{"not_picked":["Turbo","Go for the Eyes"],"picked":"Doom and Gloom","floor":1},{"not_picked":["Gash","Go for the Eyes"],"picked":"Doom and Gloom","floor":5},{"not_picked":["Static Discharge","Double Energy"],"picked":"Hello World","floor":7},{"not_picked":["Rip and Tear","Go for the Eyes"],"picked":"Consume","floor":10},{"not_picked":["Rebound","Reprogram","Static Discharge"],"picked":"SKIP","floor":11}],"player_experience":302139,"relics_obtained":[{"floor":7,"key":"Blood Vial"},{"floor":9,"key":"Pen Nib"},{"floor":10,"key":"WingedGreaves"}],"event_choices":[{"cards_removed":["Strike_B"],"damage_healed":0,"gold_gain":0,"player_choice":"Card Removal","damage_taken":7,"max_hp_gain":0,"max_hp_loss":0,"event_name":"Golden Wing","floor":3,"gold_loss":0},{"damage_healed":0,"gold_gain":0,"player_choice":"Ignored","damage_taken":0,"max_hp_gain":0,"max_hp_loss":0,"event_name":"Liars Game","floor":4,"gold_loss":0},{"damage_healed":0,"gold_gain":0,"cards_transformed":["Strike_B"],"player_choice":"Transformed","damage_taken":0,"max_hp_gain":0,"max_hp_loss":0,"event_name":"Transmorgrifier","floor":12,"gold_loss":0,"cards_obtained":["Doom and Gloom"]}],"is_beta":false,"boss_relics":[],"items_purged_floors":[2],"is_endless":false,"potions_floor_spawned":[10,11],"killed_by":"Exordium Thugs","ascension_level":9}