{"gold_per_floor":[114,114,114,137,102,145,168,3,54,387,387,387,387,402,402,525,525,538,551,650,650,650,683,683,261,261,297,48,63,88,88,88,88],"floor_reached":33,"playtime":1021,"items_purged":["Strike_B"],"score":474,"play_id":"49211bd3-796d-4ee6-aa51-b10fa4e9f196","local_time":"20190324141727","is_ascension_mode":true,"campfire_choices":[{"floor":13,"key":"REST"},{"floor":15,"key":"REST"},{"floor":24,"key":"REST"},{"floor":32,"key":"REST"}],"neow_cost":"NONE","seed_source_timestamp":2831134161764801,"circlet_count":0,"master_deck":["AscendersBane","Defend_B","Defend_B","Defend_B","Defend_B","Zap+1","Dualcast+1","FTL","Streamline","Barrage+1","Ball Lightning","Flash of Steel","Ball Lightning","Hyperbeam","Cold Snap","Zap+1","Go for the Eyes","Metamorphosis","Sweeping Beam+1","Melter","Gash"],"relics":["Cracked Core","Golden Idol","Lantern","Bag of Marbles","Old Coin","Incense Burner","Empty Cage","Orichalcum","Toy Ornithopter","Omamori","Calipers","Mercury Hourglass","Peace Pipe"],"potions_floor_usage":[10,14,16,23,29,30,33],"damage_taken":[{"damage":9,"enemies":"Jaw Worm","floor":1,"turns":3},{"damage":8,"enemies":"Small Slimes","floor":4,"turns":3},{"damage":25,"enemies":"Lagavulin","floor":6,"turns":5},{"damage":4,"enemies":"2 Louse","floor":7,"turns":2},{"damage":30,"enemies":"3 Sentries","floor":10,"turns":6},{"damage":7,"enemies":"Large Slime","floor":14,"turns":3},{"damage":27,"enemies":"The Guardian","floor":16,"turns":8},{"damage":0,"enemies":"Shell Parasite","floor":18,"turns":1},{"damage":11,"enemies":"Spheric Guardian","floor":19,"turns":3},{"damage":10,"enemies":"Slavers","floor":23,"turns":4},{"damage":0,"enemies":"Gremlin Leader","floor":27,"turns":5},{"damage":1,"enemies":"Centurion and Healer","floor":29,"turns":2},{"damage":20,"enemies":"Snake Plant","floor":30,"turns":3},{"damage":90,"enemies":"Automaton","floor":33,"turns":6}],"seed_played":"-5043048572355238386","potions_obtained":[{"floor":6,"key":"Regen Potion"},{"floor":10,"key":"Regen Potion"},{"floor":14,"key":"SteroidPotion"},{"floor":18,"key":"AttackPotion"},{"floor":19,"key":"Explosive Potion"},{"floor":30,"key":"Explosive Potion"}],"is_trial":false,"path_per_floor":["M","?","?","M","?","E","M","$","T","E","?","T","R","M","R","B",null,"M","M","?","?","?","E","R","$","T","E","$","M","M","T","R","B"],"character_chosen":"DEFECT","items_purchased":["Flash of Steel","Metamorphosis","Toy Ornithopter","PowerPotion","Mercury Hourglass"],"campfire_rested":4,"item_purchase_floors":[8,25,25,25,28],"current_hp_per_floor":[59,59,59,51,68,43,39,39,39,24,10,10,30,32,52,25,58,58,47,47,47,47,37,57,57,57,57,57,61,46,46,66,0],"gold":88,"neow_bonus":"REMOVE_CARD","is_prod":false,"is_daily":false,"chose_seed":false,"campfire_upgraded":0,"win_rate":0,"timestamp":1553433447,"path_taken":["M","?","?","M","?","E","M","$","T","E","?","?","R","M","R","BOSS","M","M","?","?","?","E","R","$","T","E","$","?","M","?","R","BOSS"],"build_version":"2019-01-23","purchased_purges":1,"victory":false,"max_hp_per_floor":[75,69,69,69,69,69,69,69,69,69,69,69,69,69,69,69,69,69,69,69,69,69,69,69,69,69,69,69,69,69,69,69,69],"card_choices":[{"not_picked":["Steam","Go for the Eyes"],"picked":"FTL","floor":1},{"not_picked":["Undo","Steam"],"picked":"Streamline","floor":4},{"not_picked":["Stack","Compile Driver"],"picked":"Barrage","floor":6},{"not_picked":["Stack","Turbo"],"picked":"Ball Lightning","floor":7},{"not_picked":["Sunder","Blizzard"],"picked":"Ball Lightning","floor":10},{"not_picked":["Hologram","Aggregate","Ball Lightning"],"picked":"SKIP","floor":14},{"not_picked":["Thunder Strike","Biased Cognition"],"picked":"Hyperbeam","floor":16},{"not_picked":["Turbo+1","Steam","Consume+1"],"picked":"SKIP","floor":18},{"not_picked":["Blizzard","Steam"],"picked":"Cold Snap","floor":19},{"not_picked":["Meteor Strike","Hologram+1"],"picked":"Go for the Eyes","floor":23},{"not_picked":["Sunder","Streamline+1"],"picked":"Sweeping Beam+1","floor":27},{"not_picked":["Turbo","Rebound"],"picked":"Melter","floor":29},{"not_picked":["Reinforced Body+1","Beam Cell"],"picked":"Gash","floor":30}],"player_experience":308160,"relics_obtained":[{"floor":6,"key":"Lantern"},{"floor":9,"key":"Bag of Marbles"},{"floor":10,"key":"Old Coin"},{"floor":12,"key":"Incense Burner"},{"floor":23,"key":"Orichalcum"},{"floor":26,"key":"Omamori"},{"floor":27,"key":"Calipers"},{"floor":31,"key":"Peace Pipe"}],"event_choices":[{"damage_healed":0,"gold_gain":0,"player_choice":"Lose Max HP","damage_taken":0,"relics_obtained":["Golden Idol"],"max_hp_gain":0,"max_hp_loss":6,"event_name":"Golden Idol","floor":2,"gold_loss":0},{"damage_healed":0,"gold_gain":0,"player_choice":"Grow","damage_taken":0,"max_hp_gain":0,"max_hp_loss":0,"event_name":"Living Wall","floor":3,"gold_loss":0,"cards_upgraded":["Zap"]},{"damage_healed":17,"gold_gain":0,"player_choice":"Healed","damage_taken":0,"max_hp_gain":0,"max_hp_loss":0,"event_name":"The Cleric","floor":5,"gold_loss":35},{"damage_healed":0,"gold_gain":0,"player_choice":"Entered Light","damage_taken":14,"max_hp_gain":0,"max_hp_loss":0,"event_name":"Shining Light","floor":11,"gold_loss":0,"cards_upgraded":["Dualcast","Barrage"]},{"damage_healed":0,"gold_gain":99,"player_choice":"Stole From Cult","damage_taken":0,"max_hp_gain":0,"max_hp_loss":0,"event_name":"Nest","floor":20,"gold_loss":0},{"damage_healed":0,"gold_gain":0,"player_choice":"Ignored","damage_taken":0,"max_hp_gain":0,"max_hp_loss":0,"event_name":"Vampires","floor":21,"gold_loss":0},{"damage_healed":0,"gold_gain":0,"player_choice":"Copied","damage_taken":0,"max_hp_gain":0,"max_hp_loss":0,"event_name":"Duplicator","floor":22,"gold_loss":0,"cards_obtained":["Zap"]}],"is_beta":false,"boss_relics":[{"not_picked":["Orrery","Ectoplasm"],"picked":"Empty Cage"}],"items_purged_floors":[8],"is_endless":false,"potions_floor_spawned":[6,10,14,18,19,30],"killed_by":"Automaton","ascension_level":10}