{"gold_per_floor":[115,115,132,143,161,186,186,361,414,427,488,488,34,45,45,145,145,161,161,146,146,157,157,173,73,98,13,13,25,25,0,0,99,99,114,114,25,75,89,89,41,41,41],"floor_reached":43,"playtime":3405,"items_purged":["Strike_R","Doubt"],"score":432,"play_id":"992f7967-e1e1-4807-9907-bcbadb40d3f9","local_time":"20190221210507","is_ascension_mode":true,"campfire_choices":[{"data":"Armaments","floor":7,"key":"SMITH"},{"floor":12,"key":"REST"},{"data":"Dual Wield","floor":15,"key":"SMITH"},{"floor":23,"key":"REST"},{"floor":28,"key":"REST"},{"data":"Shrug It Off","floor":30,"key":"SMITH"},{"floor":32,"key":"REST"},{"data":"Discovery","floor":40,"key":"SMITH"}],"neow_cost":"NONE","seed_source_timestamp":612564416204152,"circlet_count":0,"master_deck":["Strike_R+1","Defend_R","Defend_R","Defend_R","Defend_R","Disarm","Armaments+1","Warcry","Dual Wield+1","Spot Weakness","Good Instincts","Warcry","Limit Break+1","Rage+1","Shrug It Off+1","Bludgeon+1","Fiend Fire+1","Corruption+1","Burning Pact+1","Forethought","Discovery+1","Armaments+1","Warcry"],"relics":["Burning Blood","Letter Opener","PreservedInsect","Whetstone","Tiny Chest","Sling","Lizard Tail","Ancient Tea Set","Blood Vial","Astrolabe","Art of War"],"potions_floor_usage":[6,6,11,16,16,16,24,24,24,24,29,29,29],"damage_taken":[{"damage":13,"enemies":"Jaw Worm","floor":1,"turns":4},{"damage":6,"enemies":"Small Slimes","floor":3,"turns":5},{"damage":5,"enemies":"2 Louse","floor":4,"turns":3},{"damage":4,"enemies":"2 Fungi Beasts","floor":5,"turns":5},{"damage":34,"enemies":"3 Sentries","floor":6,"turns":8},{"damage":18,"enemies":"Gremlin Gang","floor":10,"turns":6},{"damage":28,"enemies":"Gremlin Nob","floor":11,"turns":4},{"damage":3,"enemies":"Red Slaver","floor":14,"turns":3},{"damage":9,"enemies":"Hexaghost","floor":16,"turns":11},{"damage":24,"enemies":"Chosen","floor":18,"turns":7},{"damage":23,"enemies":"2 Thieves","floor":20,"turns":4},{"damage":66,"enemies":"Sentry and Sphere","floor":22,"turns":10},{"damage":24,"enemies":"Snake Plant","floor":24,"turns":7},{"damage":41,"enemies":"Shelled Parasite and Fungi","floor":29,"turns":8},{"damage":44,"enemies":"Champ","floor":33,"turns":16},{"damage":23,"enemies":"3 Shapes","floor":35,"turns":5},{"damage":8,"enemies":"Orb Walker","floor":39,"turns":4},{"damage":68,"enemies":"Donu and Deca","floor":43,"turns":4}],"seed_played":"-5592009814263403939","potions_obtained":[{"floor":1,"key":"SteroidPotion"},{"floor":5,"key":"Strength Potion"},{"floor":10,"key":"Strength Potion"},{"floor":14,"key":"AttackPotion"},{"floor":22,"key":"EntropicBrew"},{"floor":24,"key":"BloodPotion"},{"floor":39,"key":"FearPotion"}],"is_trial":false,"path_per_floor":["M","?","M","M","M","E","R","?","T","M","E","R","$","M","R","B",null,"M","?","M","?","M","R","M","$","T","?","R","M","R","?","R","B",null,"M","?","$","T","M","R","$","?","B"],"character_chosen":"IRONCLAD","items_purchased":["Sling","Good Instincts","SkillPotion","SpeedPotion","Discovery","Warcry"],"campfire_rested":4,"item_purchase_floors":[13,13,13,13,37,41],"current_hp_per_floor":[73,70,70,71,73,45,45,45,45,33,11,35,35,38,38,35,80,62,46,29,29,15,39,21,21,21,21,45,20,20,20,44,8,80,63,63,63,63,63,63,63,63,0],"gold":41,"neow_bonus":"TRANSFORM_CARD","is_prod":false,"is_daily":false,"chose_seed":false,"campfire_upgraded":4,"win_rate":0,"timestamp":1550811907,"path_taken":["M","?","M","M","M","E","R","?","T","M","E","R","$","M","R","BOSS","M","?","M","?","?","R","M","?","T","?","R","M","R","?","R","BOSS","M","?","$","?","M","R","$","?","BOSS"],"build_version":"2019-01-23","purchased_purges":2,"victory":false,"max_hp_per_floor":[80,80,80,80,80,80,80,80,80,80,80,80,80,80,80,80,80,80,80,80,80,80,80,80,80,80,80,80,80,80,80,80,80,80,80,80,80,80,80,80,80,80,80],"card_choices":[{"not_picked":["Metallicize","Wild Strike","Iron Wave"],"picked":"SKIP","floor":1},{"not_picked":["Second Wind","Pummel"],"picked":"Armaments","floor":3},{"not_picked":["Thunderclap","Wild Strike","Clash"],"picked":"SKIP","floor":4},{"not_picked":["Anger","Havoc","Uppercut"],"picked":"SKIP","floor":5},{"not_picked":["Searing Blow","Wild Strike"],"picked":"Warcry","floor":6},{"not_picked":["True Grit","Cleave"],"picked":"Dual Wield","floor":10},{"not_picked":["Juggernaut","Blood for Blood"],"picked":"Spot Weakness","floor":11},{"not_picked":["Pommel Strike","Rampage"],"picked":"Warcry","floor":14},{"not_picked":["Berserk","Feed"],"picked":"Limit Break","floor":16},{"not_picked":["Sword Boomerang+1","Wild Strike","Sentinel"],"picked":"SKIP","floor":18},{"not_picked":["Wild Strike","Perfected Strike","Headbutt"],"picked":"SKIP","floor":20},{"not_picked":["Pommel Strike","Twin Strike"],"picked":"Rage+1","floor":22},{"not_picked":["Power Through","Armaments","Twin Strike"],"picked":"SKIP","floor":24},{"not_picked":["Seeing Red+1","Thunderclap+1"],"picked":"Shrug It Off","floor":29},{"not_picked":["Seeing Red+1","Metallicize"],"picked":"Burning Pact+1","floor":35},{"not_picked":["Madness","PanicButton"],"picked":"Forethought","floor":36},{"not_picked":["Pommel Strike+1","Seeing Red+1"],"picked":"Armaments+1","floor":39}],"player_experience":146878,"relics_obtained":[{"floor":6,"key":"PreservedInsect"},{"floor":9,"key":"Whetstone"},{"floor":11,"key":"Tiny Chest"},{"floor":26,"key":"Ancient Tea Set"},{"floor":38,"key":"Art of War"}],"event_choices":[{"damage_healed":0,"gold_gain":0,"player_choice":"Success","damage_taken":3,"relics_obtained":["Letter Opener"],"max_hp_gain":0,"max_hp_loss":0,"event_name":"Scrap Ooze","floor":2,"gold_loss":0},{"damage_healed":0,"gold_gain":175,"player_choice":"AGREE","damage_taken":0,"max_hp_gain":0,"max_hp_loss":0,"event_name":"Liars Game","floor":8,"gold_loss":0,"cards_obtained":["Doubt"]},{"damage_healed":0,"gold_gain":0,"player_choice":"Obtained Book","damage_taken":16,"max_hp_gain":0,"max_hp_loss":0,"event_name":"Cursed Tome","floor":19,"gold_loss":0},{"damage_healed":0,"gold_gain":0,"player_choice":"Forge","damage_taken":0,"max_hp_gain":0,"max_hp_loss":0,"event_name":"Accursed Blacksmith","floor":21,"gold_loss":0,"cards_upgraded":["Limit Break"]},{"damage_healed":0,"gold_gain":0,"player_choice":"Obtained Relic","damage_taken":0,"relics_obtained":["Blood Vial"],"max_hp_gain":0,"max_hp_loss":0,"event_name":"Addict","floor":27,"gold_loss":85},{"damage_healed":0,"gold_gain":0,"player_choice":"Paid Fearfully","damage_taken":0,"max_hp_gain":0,"max_hp_loss":0,"event_name":"Masked Bandits","floor":31,"gold_loss":25},{"damage_healed":0,"gold_gain":0,"player_choice":"Memory 1","damage_taken":0,"max_hp_gain":0,"max_hp_loss":0,"event_name":"SensoryStone","floor":36,"gold_loss":0},{"damage_healed":0,"gold_gain":0,"player_choice":"Took Portal","damage_taken":0,"max_hp_gain":0,"max_hp_loss":0,"event_name":"SecretPortal","floor":42,"gold_loss":0}],"is_beta":false,"boss_relics":[{"not_picked":["Runic Cube","Snecko Eye"],"picked":"Lizard Tail"},{"not_picked":["Runic Pyramid","Sozu"],"picked":"Astrolabe"}],"items_purged_floors":[13,25],"is_endless":false,"potions_floor_spawned":[1,5,10,14,22,24,39],"killed_by":"Donu and Deca","ascension_level":1}