{"gold_per_floor":[114,39,59,71,88,88,147,147,173,198,210,223,223,73,73,151,151,163,163,88,88,88,121,134,134,134,134,95,124,150,174,186,272,284,311,323,353,72,96,131,131,157,157,168,168,168,22,53,53,53,53,53,2,32,32],"floor_reached":55,"playtime":3809,"items_purged":["Writhe"],"score":1412,"play_id":"135fc1d9-ebf4-4f8e-855d-2218d664deb7","local_time":"20190409231513","is_ascension_mode":true,"campfire_choices":[{"data":"Streamline","floor":6.0,"key":"SMITH"},{"floor":8.0,"key":"REST"},{"floor":13.0,"key":"REST"},{"floor":15.0,"key":"REST"},{"floor":25.0,"key":"REST"},{"floor":27.0,"key":"REST"},{"floor":32,"key":"REST"},{"floor":41,"key":"RECALL"},{"floor":46,"key":"REST"},{"floor":49,"key":"REST"},{"floor":52,"key":"REST"}],"neow_cost":"CURSE","seed_source_timestamp":0,"circlet_count":0,"master_deck":["AscendersBane","Defend_B","Defend_B","Defend_B+1","Defend_B","Zap","Dualcast","Streamline+1","Cold Snap","Seek+1","Ball Lightning","Cold Snap","FTL","Capacitor","Biased Cognition","Loop","Echo Form","Glacier","BootSequence+1","Capacitor+1","Genetic Algorithm+1","Barrage+1","Coolheaded","Force Field","Machine Learning+1","Go for the Eyes+1","Steam+1","Madness","Madness","Consume+1","Conserve Battery+1","Steam+1"],"special_seed":0,"relics":["Cracked Core","War Paint","Dream Catcher","Matryoshka","DataDisk","Fusion Hammer","Orichalcum","Frozen Egg 2","Bottled Lightning","MawBank","Runic Pyramid","Torii","Pen Nib","Ornamental Fan","Boot","Strawberry","Bag of Preparation","Letter Opener","Dead Branch"],"potions_floor_usage":[29,30,31,42,50,54,54,55],"damage_taken":[{"damage":9.0,"enemies":"Small Slimes","floor":1.0,"turns":5.0},{"damage":1.0,"enemies":"2 Louse","floor":3.0,"turns":2.0},{"damage":0.0,"enemies":"Cultist","floor":4.0,"turns":4.0},{"damage":9.0,"enemies":"Exordium Thugs","floor":5.0,"turns":4.0},{"damage":29.0,"enemies":"Lagavulin Event","floor":7.0,"turns":5.0},{"damage":23.0,"enemies":"3 Sentries","floor":10.0,"turns":10.0},{"damage":8.0,"enemies":"Large Slime","floor":11.0,"turns":4.0},{"damage":0.0,"enemies":"2 Fungi Beasts","floor":12.0,"turns":3.0},{"damage":44.0,"enemies":"Hexaghost","floor":16.0,"turns":10.0},{"damage":4.0,"enemies":"Chosen","floor":18.0,"turns":3.0},{"damage":34.0,"enemies":"Book of Stabbing","floor":23.0,"turns":6.0},{"damage":13.0,"enemies":"2 Thieves","floor":24.0,"turns":3.0},{"damage":49,"enemies":"Gremlin Leader","floor":29,"turns":9},{"damage":3,"enemies":"3 Cultists","floor":30,"turns":4},{"damage":15,"enemies":"Cultist and Chosen","floor":31,"turns":7},{"damage":0,"enemies":"Champ","floor":33,"turns":8},{"damage":0,"enemies":"Orb Walker","floor":35,"turns":5},{"damage":10,"enemies":"3 Shapes","floor":37,"turns":4},{"damage":0,"enemies":"Giant Head","floor":40,"turns":8},{"damage":25,"enemies":"Reptomancer","floor":42,"turns":9},{"damage":0,"enemies":"3 Darklings","floor":44,"turns":5},{"damage":8,"enemies":"Nemesis","floor":48,"turns":7},{"damage":8,"enemies":"Time Eater","floor":50,"turns":10},{"damage":52,"enemies":"Shield and Spear","floor":54,"turns":11},{"damage":62,"enemies":"The Heart","floor":55,"turns":6}],"seed_played":"-1311228948082343978","potions_obtained":[{"floor":1.0,"key":"SpeedPotion"},{"floor":3.0,"key":"AttackPotion"},{"floor":7.0,"key":"Strength Potion"},{"floor":24.0,"key":"Energy Potion"},{"floor":29,"key":"Fire Potion"},{"floor":33,"key":"Weak Potion"},{"floor":35,"key":"FocusPotion"},{"floor":44,"key":"Block Potion"},{"floor":54,"key":"SkillPotion"}],"is_trial":false,"path_per_floor":["M","$","M","M","M","R","?","R","T","E","M","M","R","$","R","B",null,"M","$","?","?","?","E","M","R","T","R","$","E","M","M","R","B",null,"M","?","M","$","T","E","R","E","T","M","?","R","$","E","R","B",null,"R","$","E","B"],"character_chosen":"DEFECT","items_purchased":["DataDisk","Capacitor+1","Torii","Bag of Preparation","Swift Potion"],"campfire_rested":9,"item_purchase_floors":[14,28,38,47,53],"current_hp_per_floor":[69,69,68,68,59,59,30,55,55,32,24,24,49,49,74,30,71,67,67,67,67,67,33,20,45,45,70,70,21,18,3,28,28,71,71,71,61,61,61,61,61,36,43,43,31,58,58,50,77,69,86,92,92,40,0],"gold":32,"neow_bonus":"TWENTY_PERCENT_HP_BONUS","is_prod":false,"is_daily":false,"chose_seed":false,"campfire_upgraded":1,"win_rate":0,"timestamp":1554869713,"path_taken":["M","$","M","M","M","R","?","R","T","E","M","M","R","$","R","BOSS","M","$","?","?","?","E","M","R","T","R","$","E","M","M","R","BOSS","M","?","M","$","?","E","R","E","T","M","?","R","$","E","R","BOSS","R","$","E","BOSS"],"build_version":"2019-01-23","purchased_purges":1,"victory":false,"max_hp_per_floor":[85,85,85,85,85,85,85,85,85,85,85,85,85,85,85,85,85,85,85,85,85,85,85,85,85,85,85,85,85,85,85,85,85,85,85,85,85,85,85,85,85,85,92,92,92,92,92,92,92,92,92,92,92,92,92],"card_choices":[{"not_picked":["Tempest","Compile Driver","Blizzard"],"picked":"SKIP","floor":1.0},{"not_picked":["Stack","Compile Driver"],"picked":"Streamline","floor":3.0},{"not_picked":["Stack","Leap"],"picked":"Cold Snap","floor":4.0},{"not_picked":["Beam Cell","Go for the Eyes"],"picked":"Seek","floor":5.0},{"not_picked":["Hello World","FTL"],"picked":"Ball Lightning","floor":10.0},{"not_picked":["Storm","Reinforced Body","Undo"],"picked":"SKIP","floor":11.0},{"not_picked":["Redo","Fission"],"picked":"Cold Snap","floor":12.0},{"not_picked":["Steam","Streamline"],"picked":"FTL","floor":13.0},{"not_picked":["Steam","Skim"],"picked":"Capacitor","floor":15.0},{"not_picked":["Fission","Buffer"],"picked":"Biased Cognition","floor":16.0},{"not_picked":["Beam Cell+1","Sweeping Beam","Go for the Eyes"],"picked":"SKIP","floor":18.0},{"not_picked":["Fusion","Turbo","Redo"],"picked":"SKIP","floor":23.0},{"not_picked":["Ball Lightning","Beam Cell"],"picked":"Glacier","floor":24.0},{"not_picked":["Scrape","Steam"],"picked":"BootSequence+1","floor":25.0},{"not_picked":["Sweeping Beam","Coolheaded","Stack"],"picked":"SKIP","floor":29},{"not_picked":["Machine Learning+1","Go for the Eyes"],"picked":"Genetic Algorithm+1","floor":30},{"not_picked":["Rebound","Streamline"],"picked":"Barrage+1","floor":31},{"not_picked":["Storm+1","Barrage"],"picked":"Coolheaded","floor":32},{"not_picked":["Streamline","Stack"],"picked":"Force Field","floor":35},{"not_picked":["Ball Lightning","Cold Snap","Sweeping Beam"],"picked":"SKIP","floor":37},{"not_picked":["Rebound","Auto Shields"],"picked":"Go for the Eyes+1","floor":40},{"not_picked":["Stack","Reinforced Body","Steam"],"picked":"SKIP","floor":42},{"not_picked":["Hyperbeam","Darkness"],"picked":"Steam+1","floor":44},{"not_picked":["Self Repair+1","Barrage","Undo"],"picked":"SKIP","floor":48},{"not_picked":["Compile Driver","Self Repair+1"],"picked":"Consume+1","floor":49},{"not_picked":["Hologram","Genetic Algorithm"],"picked":"Conserve Battery+1","floor":52},{"not_picked":["Coolheaded+1","Gash"],"picked":"Steam+1","floor":54}],"player_experience":354997,"relics_obtained":[{"floor":9.0,"key":"Dream Catcher"},{"floor":10.0,"key":"Matryoshka"},{"floor":23.0,"key":"Orichalcum"},{"floor":26.0,"key":"Frozen Egg 2"},{"floor":26.0,"key":"Bottled Lightning"},{"floor":29,"key":"MawBank"},{"floor":39,"key":"Pen Nib"},{"floor":40,"key":"Ornamental Fan"},{"floor":42,"key":"Boot"},{"floor":43,"key":"Strawberry"},{"floor":48,"key":"Letter Opener"},{"floor":54,"key":"Dead Branch"}],"event_choices":[{"damage_healed":0.0,"max_hp_gain":0.0,"max_hp_loss":0.0,"gold_gain":0.0,"event_name":"Dead Adventurer","player_choice":"Searched \u00273\u0027 times","floor":7.0,"gold_loss":0.0,"damage_taken":0.0,"relics_obtained":["War Paint"]},{"cards_removed":["Strike_B"],"damage_healed":0.0,"max_hp_gain":0.0,"max_hp_loss":0.0,"gold_gain":0.0,"event_name":"Beggar","player_choice":"Gave Gold","floor":20.0,"gold_loss":75.0,"damage_taken":0.0},{"damage_healed":0.0,"max_hp_gain":0.0,"max_hp_loss":0.0,"gold_gain":0.0,"cards_transformed":["Strike_B","Strike_B"],"event_name":"Drug Dealer","player_choice":"Became Test Subject","floor":21.0,"gold_loss":0.0,"damage_taken":0.0,"cards_obtained":["Loop","Echo Form"]},{"damage_healed":0.0,"max_hp_gain":0.0,"max_hp_loss":0.0,"gold_gain":0.0,"event_name":"The Woman in Blue","player_choice":"Bought 0 Potions","floor":22.0,"gold_loss":0.0,"damage_taken":0.0},{"damage_healed":0,"gold_gain":0,"cards_transformed":["Strike_B"],"player_choice":"Transformed","damage_taken":0,"max_hp_gain":0,"max_hp_loss":0,"event_name":"Transmorgrifier","floor":36,"gold_loss":0,"cards_obtained":["Machine Learning"]},{"damage_healed":0,"gold_gain":0,"player_choice":"Embrace Madness","damage_taken":12,"max_hp_gain":0,"max_hp_loss":0,"event_name":"Winding Halls","floor":45,"gold_loss":0,"cards_obtained":["Madness","Madness"]}],"is_beta":false,"boss_relics":[{"not_picked":["White Beast Statue","Runic Dome"],"picked":"Fusion Hammer"},{"not_picked":["FrozenCore","Velvet Choker"],"picked":"Runic Pyramid"}],"items_purged_floors":[2],"is_endless":false,"potions_floor_spawned":[1,3,7,24,29,33,35,44,48,54],"killed_by":"The Heart","ascension_level":14}