{"path_per_floor":["M","M","?","?","M","E","M","E","T","R","M","M","?","E","R","B",null,"M","M","$","?"],"character_chosen":"THE_SILENT","items_purchased":["Accuracy","Deflect"],"gold_per_floor":[117,127,227,227,246,276,286,318,341,341,352,365,365,400,400,504,504,524,535,361,361],"floor_reached":22,"campfire_rested":1,"playtime":1077,"current_hp_per_floor":[66,62,62,62,54,44,44,28,28,64,38,38,35,27,27,17,70,57,8,8,8],"items_purged":["Strike_G"],"gold":361,"score":227,"play_id":"eed05551-ec66-42cf-b4b8-10b175601c14","local_time":"20180228022521","is_prod":false,"is_daily":false,"is_ascension_mode":true,"campfire_upgraded":1,"timestamp":1519813521,"path_taken":["M","M","?","?","M","E","M","E","T","R","M","M","?","E","R","BOSS","M","M","$","?","M"],"build_version":"2018-02-27-BETA1","purchased_purges":1,"victory":false,"master_deck":["Defend_G+1","Defend_G+1","Defend_G+1","Defend_G+1","Defend_G+1","Strike_G+1","Strike_G+1","Strike_G+1","Strike_G+1","Survivor","Neutralize","Cloak And Dagger+1","Infinite Blades","Quick Slash","Endless Agony","Endless Agony","PiercingWail","Riddle With Holes","Dagger Throw","Cloak And Dagger","Flying Knee","Dodge and Roll","Tools of the Trade","Noxious Fumes","Footwork","Accuracy","Deflect"],"max_hp_per_floor":[70,70,70,70,70,70,70,70,70,70,70,70,70,70,70,70,70,70,70,70,70],"relics":["Ring of the Snake","Dream Catcher","Regal Pillow","Bag of Marbles","Smiling Mask","Toolbox","Eternal Feather"],"card_choices":[{"not_picked":["Dodge and Roll","Bane"],"picked":"Cloak And Dagger"},{"not_picked":["Riddle With Holes","Venomology"],"picked":"Infinite Blades"},{"not_picked":["Poisoned Stab","Deadly Poison"],"picked":"Endless Agony"},{"not_picked":["Underhanded Strike","Concentrate"],"picked":"Endless Agony"},{"not_picked":["Deadly Poison","Flechettes"],"picked":"PiercingWail"},{"not_picked":["Catalyst","Storm of Steel"],"picked":"Riddle With Holes"},{"not_picked":["Dagger Spray","Masterful Stab"],"picked":"Dagger Throw"},{"not_picked":["Calculated Gamble","Quick Slash"],"picked":"Cloak And Dagger"},{"not_picked":["PiercingWail","Dagger Throw"],"picked":"Flying Knee"},{"not_picked":["Sucker Punch","Dagger Spray"],"picked":"Dodge and Roll"},{"not_picked":["Tactician","Envenom"],"picked":"Tools of the Trade"},{"not_picked":["Deflect","Dodge and Roll"],"picked":"Noxious Fumes"},{"not_picked":["Noxious Fumes","Leg Sweep"],"picked":"Footwork"}],"player_experience":130162,"potions_floor_usage":[6,14,16,16],"damage_taken":[{"damage":4,"enemies":"Small Slimes","floor":1,"turns":6},{"damage":4,"enemies":"Cultist","floor":2,"turns":4},{"damage":8,"enemies":"Jaw Worm","floor":5,"turns":5},{"damage":10,"enemies":"Gremlin Nob","floor":6,"turns":3},{"damage":0,"enemies":"3 Louse","floor":7,"turns":4},{"damage":16,"enemies":"3 Sentries","floor":8,"turns":8},{"damage":26,"enemies":"Exordium Thugs","floor":11,"turns":6},{"damage":0,"enemies":"2 Fungi Beasts","floor":12,"turns":2},{"damage":8,"enemies":"Lagavulin","floor":14,"turns":5},{"damage":10,"enemies":"Slime Boss","floor":16,"turns":8},{"damage":13,"enemies":"Spheric Guardian","floor":18,"turns":5},{"damage":49,"enemies":"Shell Parasite","floor":19,"turns":8},{"damage":12,"enemies":"Snake Plant","floor":22,"turns":3}],"event_choices":[{"event_name":"Golden Shrine","player_choice":"Pray","floor":3,"damage_taken":0},{"event_name":"Match and Keep!","player_choice":"1 cards matched","floor":4,"damage_taken":0},{"event_name":"Scrap Ooze","player_choice":"success","floor":13,"damage_taken":3},{"event_name":"Back to Basics","player_choice":"Simplicity","floor":21,"damage_taken":0}],"boss_relics":[{"not_picked":["Velvet Choker","Question Card"],"picked":"Eternal Feather"}],"potions_floor_spawned":[2,5,6,12,14,16],"seed_played":"-5672515948498663295","killed_by":"Snake Plant","ascension_level":2,"is_trial":false}