{"gold_per_floor":[112,112,287,287,297,329,346,379,403,430,402,450,450,466,466,563,613,625,512,512,522,55,55,86,103,103,103,103],"floor_reached":28,"playtime":1089,"items_purged":["Regret","Doubt"],"score":414,"play_id":"9d5f3008-8c8a-43f2-820e-da8b1c3730d6","local_time":"20190129022117","is_ascension_mode":true,"campfire_choices":[{"floor":13,"key":"REST"},{"floor":15,"key":"REST"},{"floor":23,"key":"REST"}],"neow_cost":"TEN_PERCENT_HP_LOSS","seed_source_timestamp":208113460924160,"circlet_count":0,"master_deck":["Strike_B","Strike_B","Strike_B","Strike_B","Defend_B","Defend_B+1","Defend_B","Defend_B","Zap+1","Dualcast","Electrodynamics","Rebound","Ball Lightning","Leap","Chaos","Genetic Algorithm+1","Coolheaded","Redo","Thunder Strike","Glacier","Static Discharge","Ball Lightning","Capacitor","Rainbow","Hologram+1","Redo+1"],"relics":["Cracked Core","PreservedInsect","Bag of Preparation","Shuriken","Strawberry","Kunai","War Paint","Tiny House","Happy Flower","Pear","Question Card"],"potions_floor_usage":[8,16,24,25,25,27],"damage_taken":[{"damage":7,"enemies":"Jaw Worm","floor":1,"turns":3},{"damage":12,"enemies":"Small Slimes","floor":5,"turns":2},{"damage":8,"enemies":"Gremlin Nob","floor":6,"turns":3},{"damage":0,"enemies":"2 Louse","floor":7,"turns":1},{"damage":0,"enemies":"3 Sentries","floor":8,"turns":2},{"damage":24,"enemies":"Lagavulin","floor":10,"turns":5},{"damage":23,"enemies":"Lots of Slimes","floor":14,"turns":3},{"damage":16,"enemies":"The Guardian","floor":16,"turns":12},{"damage":14,"enemies":"Spheric Guardian","floor":18,"turns":3},{"damage":21,"enemies":"Chosen","floor":21,"turns":6},{"damage":31,"enemies":"Book of Stabbing","floor":24,"turns":5},{"damage":1,"enemies":"Centurion and Healer","floor":25,"turns":5},{"damage":29,"enemies":"Slavers","floor":27,"turns":3},{"damage":8,"enemies":"Chosen and Byrds","floor":28,"turns":1}],"seed_played":"8119718527041835289","potions_obtained":[{"floor":1,"key":"FearPotion"},{"floor":7,"key":"Block Potion"},{"floor":10,"key":"FocusPotion"},{"floor":17,"key":"Explosive Potion"},{"floor":18,"key":"Energy Potion"},{"floor":24,"key":"SmokeBomb"}],"is_trial":false,"path_per_floor":["M","?","?","?","M","E","M","E","T","E","?","T","R","M","R","B",null,"M","$","?","M","$","R","E","M","T","E","M"],"character_chosen":"DEFECT","items_purchased":["Static Discharge","Capacitor","Rainbow","Happy Flower"],"campfire_rested":3,"item_purchase_floors":[19,22,22,22],"current_hp_per_floor":[61,61,61,61,49,41,41,41,48,24,24,24,46,23,45,29,69,55,55,55,34,34,58,37,36,36,7,0],"gold":103,"neow_bonus":"THREE_RARE_CARDS","is_prod":false,"is_daily":false,"chose_seed":false,"campfire_upgraded":0,"win_rate":0,"timestamp":1548750077,"path_taken":["M","?","?","?","M","E","M","E","T","E","?","?","R","?","R","BOSS","M","$","?","M","?","R","E","M","T","E","?"],"build_version":"2019-01-23","purchased_purges":2,"victory":false,"max_hp_per_floor":[68,68,68,68,68,68,68,68,75,75,75,75,75,75,75,75,80,80,80,80,80,80,80,90,90,90,90,90],"card_choices":[{"not_picked":["Creative AI","Fission"],"picked":"Electrodynamics","floor":0},{"not_picked":["Go for the Eyes","Aggregate"],"picked":"Rebound","floor":1},{"not_picked":["Rebound","Barrage"],"picked":"Ball Lightning","floor":5},{"not_picked":["Stack","Hello World"],"picked":"Leap","floor":6},{"not_picked":["Reprogram","Cold Snap"],"picked":"Chaos","floor":7},{"not_picked":["Turbo","Go for the Eyes"],"picked":"Genetic Algorithm","floor":8},{"not_picked":["Streamline","Multi-Cast"],"picked":"Coolheaded","floor":10},{"not_picked":["Streamline","Sweeping Beam"],"picked":"Redo","floor":14},{"not_picked":["Core Surge","All For One"],"picked":"Thunder Strike","floor":16},{"not_picked":["Redo","Barrage"],"picked":"Glacier","floor":17},{"not_picked":["Tempest","Coolheaded","Turbo"],"picked":"SKIP","floor":18},{"not_picked":["Stack","Barrage"],"picked":"Ball Lightning","floor":21},{"not_picked":["Stack","Multi-Cast"],"picked":"Hologram+1","floor":24},{"not_picked":["Lockon","Gash"],"picked":"Redo+1","floor":25}],"player_experience":368623,"relics_obtained":[{"floor":6,"key":"Bag of Preparation"},{"floor":8,"key":"Shuriken"},{"floor":9,"key":"Strawberry"},{"floor":10,"key":"Kunai"},{"floor":12,"key":"War Paint"},{"floor":24,"key":"Pear"},{"floor":26,"key":"Question Card"}],"event_choices":[{"damage_healed":0,"gold_gain":0,"player_choice":"Leave","damage_taken":0,"max_hp_gain":0,"max_hp_loss":0,"event_name":"The Cleric","floor":2,"gold_loss":0},{"damage_healed":0,"gold_gain":175,"player_choice":"AGREE","damage_taken":0,"max_hp_gain":0,"max_hp_loss":0,"event_name":"Liars Game","floor":3,"gold_loss":0,"cards_obtained":["Doubt"]},{"damage_healed":0,"gold_gain":0,"player_choice":"Box","damage_taken":0,"relics_obtained":["PreservedInsect"],"max_hp_gain":0,"max_hp_loss":0,"event_name":"Big Fish","floor":4,"gold_loss":0,"cards_obtained":["Regret"]},{"damage_healed":0,"gold_gain":0,"player_choice":"Left Gold","damage_taken":0,"max_hp_gain":0,"max_hp_loss":0,"event_name":"World of Goop","floor":11,"gold_loss":28},{"damage_healed":0,"gold_gain":0,"player_choice":"Got Potions","damage_taken":0,"max_hp_gain":0,"max_hp_loss":0,"event_name":"Lab","floor":20,"gold_loss":0}],"is_beta":false,"boss_relics":[{"not_picked":["Ectoplasm","White Beast Statue"],"picked":"Tiny House"}],"items_purged_floors":[19,22],"is_endless":false,"potions_floor_spawned":[1,7,10,18,24],"killed_by":"Chosen and Byrds","ascension_level":6}