{"gold_per_floor":[119,44,44,44,59,103,103,30,30,43,13,26,26,49,49,170,170,191,191,210,23,23,37,37,50,50,70,35,35,76,91,91,215,215,235,259,31,31,49,49],"floor_reached":40,"playtime":2761,"items_purged":["Writhe","Defend_G+1"],"score":433,"play_id":"0747d5db-9e4f-4a45-b036-fd3072217a32","local_time":"20180706024004","is_ascension_mode":false,"campfire_choices":[{"floor":13,"key":"REST"},{"floor":15,"key":"REST"},{"floor":24,"key":"REST"},{"floor":29,"key":"REST"},{"floor":32,"key":"REST"}],"neow_cost":"CURSE","seed_source_timestamp":350324417175543,"circlet_count":0,"master_deck":["Defend_G+1","Defend_G+1","Defend_G+1","Strike_G+1","Survivor+1","Neutralize","Masterful Stab","Backflip","Caltrops","Sucker Punch","Acrobatics","Footwork","Expertise","Slice","Heel Hook","Flying Knee","Glass Knife","PiercingWail+1","Phantasmal Killer+1","Prepared+1","Skewer+1","Slice","Apotheosis","Finisher","Dagger Throw","Dagger Spray","Crippling Poison+1","Outmaneuver+1","Endless Agony","Burst+1","Dagger Throw+1","Cloak And Dagger+1","Footwork","Backflip+1","Secret Technique+1","Thinking Ahead+1","Secret Technique+1","Dagger Spray"],"relics":["Ring of the Snake","Golden Idol","War Paint","Bottled Tornado","Shuriken","Astrolabe","Toxic Egg 2","Tough Bandages","The Specimen","Lizard Tail"],"potions_floor_usage":[6,14,14,16,23,27,31,33,39],"damage_taken":[{"damage":0,"enemies":"Small Slimes","floor":1,"turns":3},{"damage":1,"enemies":"Cultist","floor":5,"turns":5},{"damage":19,"enemies":"Gremlin Nob","floor":6,"turns":4},{"damage":5,"enemies":"2 Louse","floor":10,"turns":3},{"damage":3,"enemies":"Looter","floor":11,"turns":4},{"damage":0,"enemies":"Blue Slaver","floor":12,"turns":5},{"damage":12,"enemies":"Exordium Thugs","floor":14,"turns":5},{"damage":12,"enemies":"Hexaghost","floor":16,"turns":9},{"damage":7,"enemies":"Shell Parasite","floor":18,"turns":6},{"damage":0,"enemies":"Chosen","floor":20,"turns":5},{"damage":28,"enemies":"Snecko","floor":23,"turns":6},{"damage":18,"enemies":"Centurion and Healer","floor":25,"turns":8},{"damage":12,"enemies":"Cultist and Chosen","floor":27,"turns":7},{"damage":6,"enemies":"Gremlin Leader","floor":30,"turns":7},{"damage":0,"enemies":"Snake Plant","floor":31,"turns":5},{"damage":43,"enemies":"Collector","floor":33,"turns":11},{"damage":20,"enemies":"3 Darklings","floor":35,"turns":6},{"damage":17,"enemies":"3 Shapes","floor":36,"turns":5},{"damage":20,"enemies":"3 Darklings","floor":39,"turns":7},{"damage":46,"enemies":"Sphere and 2 Shapes","floor":40,"turns":3}],"seed_played":"-6027931902747980036","potions_obtained":[{"floor":5,"key":"AttackPotion"},{"floor":6,"key":"LiquidBronze"},{"floor":10,"key":"Weak Potion"},{"floor":14,"key":"Regen Potion"},{"floor":18,"key":"PowerPotion"},{"floor":25,"key":"PowerPotion"},{"floor":30,"key":"EssenceOfSteel"},{"floor":31,"key":"AttackPotion"},{"floor":35,"key":"Explosive Potion"}],"is_trial":false,"path_per_floor":["M","$","?","?","M","E","T","$","T","M","M","M","R","M","R","B",null,"M","?","M","$","T","M","R","M","T","M","$","R","E","M","R","B",null,"M","M","$","?","M"],"character_chosen":"THE_SILENT","items_purchased":["Footwork","Apotheosis","Crippling Poison+1","Footwork","Backflip+1"],"campfire_rested":5,"item_purchase_floors":[8,21,28,37,37],"current_hp_per_floor":[70,70,70,53,52,33,33,33,33,28,25,25,46,34,55,58,70,63,63,63,63,63,35,56,38,38,26,26,47,41,41,62,19,70,50,33,33,23,3,0],"gold":49,"neow_bonus":"TRANSFORM_TWO_CARDS","is_prod":false,"is_daily":false,"chose_seed":false,"campfire_upgraded":0,"win_rate":0,"timestamp":1530866404,"path_taken":["M","$","?","?","M","E","?","?","T","?","?","M","R","M","R","BOSS","M","?","M","$","?","M","R","M","T","?","?","R","E","?","R","BOSS","M","M","$","?","M","M"],"build_version":"2018-07-05","purchased_purges":2,"victory":false,"max_hp_per_floor":[70,70,70,70,70,70,70,70,70,70,70,70,70,70,70,70,70,70,70,70,70,70,70,70,70,70,70,70,70,70,70,70,70,70,70,70,70,70,70,70],"card_choices":[{"not_picked":["Deadly Poison","Poisoned Stab"],"picked":"Backflip","floor":1},{"not_picked":["All Out Attack","Malaise"],"picked":"Sucker Punch","floor":5},{"not_picked":["Dagger Throw","Bane"],"picked":"Acrobatics","floor":6},{"not_picked":["Poisoned Stab","Doppelganger"],"picked":"Expertise","floor":10},{"not_picked":["Underhanded Strike","Dagger Spray"],"picked":"Slice","floor":11},{"not_picked":["Poisoned Stab","Bane"],"picked":"Heel Hook","floor":12},{"not_picked":["Deflect","Crippling Poison"],"picked":"Flying Knee","floor":14},{"not_picked":["Adrenaline","Corpse Explosion"],"picked":"Glass Knife","floor":16},{"not_picked":["PiercingWail","Prepared+1"],"picked":"Skewer+1","floor":18},{"not_picked":["Cloak And Dagger","Noxious Fumes"],"picked":"Slice","floor":20},{"not_picked":["Noxious Fumes","Riddle With Holes"],"picked":"Finisher","floor":23},{"not_picked":["Underhanded Strike","Deadly Poison+1"],"picked":"Dagger Throw","floor":25},{"not_picked":["Acrobatics+1","Prepared+1"],"picked":"Dagger Spray","floor":27},{"not_picked":["Accuracy","Caltrops"],"picked":"Outmaneuver+1","floor":30},{"not_picked":["Leg Sweep+1","Tactician+1"],"picked":"Endless Agony","floor":31},{"not_picked":["Tactician+1","Glass Knife"],"picked":"Burst+1","floor":33},{"not_picked":["Outmaneuver+1","Poisoned Stab"],"picked":"Dagger Throw+1","floor":35},{"not_picked":["Quick Slash+1","Dagger Throw+1"],"picked":"Cloak And Dagger+1","floor":36},{"not_picked":["Panacea+1","Dark Shackles+1"],"picked":"Secret Technique+1","floor":38},{"not_picked":["Trip+1","Panacea+1"],"picked":"Thinking Ahead+1","floor":38},{"not_picked":["Trip+1","Purity+1"],"picked":"Secret Technique+1","floor":38},{"not_picked":["Deadly Poison+1","Acrobatics+1"],"picked":"Dagger Spray","floor":39}],"player_experience":69572,"relics_obtained":[{"floor":6,"key":"War Paint"},{"floor":7,"key":"Bottled Tornado"},{"floor":9,"key":"Shuriken"},{"floor":22,"key":"Toxic Egg 2"},{"floor":26,"key":"Tough Bandages"},{"floor":30,"key":"The Specimen"}],"event_choices":[{"event_name":"Transmorgrifier","player_choice":"Transform","floor":3,"damage_taken":0},{"event_name":"Golden Idol","player_choice":"Take Damage","floor":4,"damage_taken":0},{"event_name":"Back to Basics","player_choice":"Simplicity","floor":19,"damage_taken":0},{"event_name":"SensoryStone","player_choice":"Memory 3","floor":38,"damage_taken":0}],"boss_relics":[{"not_picked":["Empty Cage","Cursed Key"],"picked":"Astrolabe"},{"not_picked":["Snecko Eye","Tiny House"],"picked":"Lizard Tail"}],"items_purged_floors":[2,37],"is_endless":false,"potions_floor_spawned":[5,6,10,14,18,25,30,31,35],"killed_by":"Sphere and 2 Shapes","ascension_level":0}