{"gold_per_floor":[117,41,41,41,41,85,85,121,121,134,172,185,203,9,9,99,99,117,74,74],"floor_reached":20,"playtime":535,"items_purged":["Strike_B"],"score":566,"play_id":"4c8f832c-c7a1-4c9f-8cd3-e76427338ff9","local_time":"20190327012035","is_ascension_mode":true,"campfire_choices":[{"data":"Coolheaded","floor":7.0,"key":"SMITH"},{"data":"Defragment","floor":15.0,"key":"SMITH"}],"neow_cost":"NONE","seed_source_timestamp":0,"circlet_count":0,"master_deck":["AscendersBane","Defend_B","Defend_B","Defend_B","Defend_B","Zap","Dualcast","Coolheaded+1","Loop","Injury","Biased Cognition","Compile Driver","Coolheaded","Core Surge","Electrodynamics","Defragment+1","Melter","Echo Form","Stack+1","Defragment+1","Chaos+1","Chill","Loop"],"special_seed":0,"relics":["Cracked Core","NeowsBlessing","Golden Idol","Bag of Preparation","Letter Opener","Lantern","Astrolabe"],"potions_floor_usage":[20],"damage_taken":[{"damage":0.0,"enemies":"Small Slimes","floor":1.0,"turns":1.0},{"damage":0.0,"enemies":"3 Sentries","floor":6.0,"turns":1.0},{"damage":0.0,"enemies":"Gremlin Nob","floor":8.0,"turns":1.0},{"damage":3.0,"enemies":"2 Louse","floor":10.0,"turns":3.0},{"damage":3.0,"enemies":"3 Sentries","floor":11.0,"turns":5.0},{"damage":5.0,"enemies":"Jaw Worm","floor":12.0,"turns":3.0},{"damage":2.0,"enemies":"Red Slaver","floor":13.0,"turns":3.0},{"damage":0.0,"enemies":"Slime Boss","floor":16.0,"turns":7.0},{"damage":43.0,"enemies":"2 Thieves","floor":18.0,"turns":4.0},{"damage":20,"enemies":"3 Byrds","floor":20,"turns":2}],"seed_played":"-4020007665583587793","potions_obtained":[{"floor":6.0,"key":"FearPotion"},{"floor":10.0,"key":"AttackPotion"},{"floor":11.0,"key":"Regen Potion"}],"is_trial":false,"path_per_floor":["M","$","?","?","?","E","R","E","T","M","E","M","M","$","R","B",null,"M","$","M"],"character_chosen":"DEFECT","items_purchased":["Loop","Defragment","Melter","Loop"],"campfire_rested":0,"item_purchase_floors":[2,14,14,19],"current_hp_per_floor":[64,64,64,64,64,64,64,64,64,61,58,53,51,51,51,51,66,23,23,12],"gold":74,"neow_bonus":"THREE_ENEMY_KILL","is_prod":false,"is_daily":false,"chose_seed":false,"campfire_upgraded":2,"win_rate":0,"timestamp":1553667635,"path_taken":["M","$","?","?","?","E","R","E","T","M","E","?","M","?","R","BOSS","M","?","M"],"build_version":"2019-01-23","purchased_purges":1,"victory":false,"max_hp_per_floor":[71,71,71,71,71,71,71,71,71,71,71,71,71,71,71,71,71,71,71,71],"card_choices":[{"not_picked":["Turbo","Beam Cell"],"picked":"Coolheaded","floor":1.0},{"not_picked":["Consume","Stack"],"picked":"Biased Cognition","floor":6.0},{"not_picked":["Skim","Hologram","Streamline"],"picked":"SKIP","floor":8.0},{"not_picked":["Gash","Streamline"],"picked":"Compile Driver","floor":10.0},{"not_picked":["Turbo","Storm"],"picked":"Coolheaded","floor":11.0},{"not_picked":["Beam Cell","Streamline"],"picked":"Core Surge","floor":12.0},{"not_picked":["Loop","Cold Snap"],"picked":"Electrodynamics","floor":13.0},{"not_picked":["Amplify","Reboot"],"picked":"Echo Form","floor":16.0},{"not_picked":["Hologram","Barrage"],"picked":"Chill","floor":18.0}],"player_experience":840572,"relics_obtained":[{"floor":6.0,"key":"Bag of Preparation"},{"floor":8.0,"key":"Letter Opener"},{"floor":11.0,"key":"Lantern"}],"event_choices":[{"damage_healed":0.0,"max_hp_gain":0.0,"max_hp_loss":0.0,"gold_gain":0.0,"event_name":"Shining Light","player_choice":"Ignored","floor":3.0,"gold_loss":0.0,"damage_taken":0.0},{"damage_healed":0.0,"max_hp_gain":0.0,"max_hp_loss":0.0,"gold_gain":0.0,"event_name":"Golden Wing","player_choice":"Ignored","floor":4.0,"gold_loss":0.0,"damage_taken":0.0},{"damage_healed":0.0,"max_hp_gain":0.0,"max_hp_loss":0.0,"gold_gain":0.0,"event_name":"Golden Idol","player_choice":"Take Wound","floor":5.0,"gold_loss":0.0,"damage_taken":0.0,"relics_obtained":["Golden Idol"],"cards_obtained":["Injury"]}],"is_beta":false,"boss_relics":[{"not_picked":["Empty Cage","Velvet Choker"],"picked":"Astrolabe"}],"items_purged_floors":[14],"is_endless":false,"potions_floor_spawned":[6,10,11],"killed_by":"3 Byrds","ascension_level":19}