{"path_per_floor":["M","?","$","?","M","R","E","M","T","?","M","E","M","?","R","B",null,"M","M","M","$","?","R"],"character_chosen":"DEFECT","items_purchased":["War Paint"],"gold_per_floor":[116,116,41,41,59,59,91,102,102,102,120,146,158,136,136,235,235,251,266,277,31,31,31,31],"floor_reached":24,"campfire_rested":2,"playtime":776,"current_hp_per_floor":[72,72,72,72,69,69,56,57,57,42,42,32,31,31,53,34,75,51,45,20,20,20,42,0],"items_purged":["Regret","Strike_B"],"gold":31,"score":227,"play_id":"7ed336f6-374c-456f-91e2-6d334cb7cb80","local_time":"20180514033546","is_prod":false,"is_daily":false,"chose_seed":false,"is_ascension_mode":true,"campfire_upgraded":0,"timestamp":1526261746,"path_taken":["M","?","$","?","?","R","E","M","T","?","M","E","?","?","R","BOSS","M","?","M","$","?","R","E"],"build_version":"2018-05-12v2","seed_source_timestamp":752839399836472,"purchased_purges":2,"victory":false,"master_deck":["Strike_B","Defend_B","Defend_B","Defend_B+1","Defend_B","Zap+1","Dualcast+1","Cold Snap","Cold Snap","Multi-Cast+1","Ball Lightning","Cold Snap","Thunder Strike","Doom and Gloom+1","Reinforced Body","FTL+1"],"max_hp_per_floor":[75,75,75,75,75,75,75,75,75,75,75,75,75,75,75,75,75,75,75,75,75,75,75,75],"relics":["Cracked Core","Peace Pipe","Bronze Scales","Sundial","Letter Opener","Inserter","Nloth\u0027s Gift"],"card_choices":[{"not_picked":["Coolheaded","Capacitor"],"picked":"Cold Snap","floor":1},{"not_picked":["Turbo","Undo"],"picked":"Cold Snap","floor":5},{"not_picked":["Go for the Eyes","Force Field","Consume"],"picked":"SKIP","floor":7},{"not_picked":["Coolheaded","Axe Kick"],"picked":"Multi-Cast","floor":8},{"not_picked":["Stack","Axe Kick"],"picked":"Ball Lightning","floor":11},{"not_picked":["Scrape","Sweeping Beam","Beam Cell"],"picked":"SKIP","floor":12},{"not_picked":["Stack","Axe Kick"],"picked":"Cold Snap","floor":13},{"not_picked":["Creative AI","Seek"],"picked":"Thunder Strike","floor":16},{"not_picked":["Streamline","Turbo"],"picked":"Doom and Gloom+1","floor":18},{"not_picked":["Darkness","Scrape"],"picked":"Reinforced Body","floor":19},{"not_picked":["Streamline","Steam+1"],"picked":"FTL+1","floor":20}],"player_experience":57549,"potions_floor_usage":[7,8,8,11,12,12,16,24],"damage_taken":[{"damage":3,"enemies":"2 Louse","floor":1,"turns":2},{"damage":3,"enemies":"Small Slimes","floor":5,"turns":2},{"damage":13,"enemies":"Lagavulin","floor":7,"turns":6},{"damage":2,"enemies":"Jaw Worm","floor":8,"turns":2},{"damage":0,"enemies":"Exordium Wildlife","floor":11,"turns":6},{"damage":10,"enemies":"Gremlin Nob","floor":12,"turns":3},{"damage":1,"enemies":"Looter","floor":13,"turns":2},{"damage":19,"enemies":"The Guardian","floor":16,"turns":10},{"damage":24,"enemies":"2 Thieves","floor":18,"turns":3},{"damage":6,"enemies":"3 Byrds","floor":19,"turns":2},{"damage":25,"enemies":"Snake Plant","floor":20,"turns":4},{"damage":42,"enemies":"Gremlin Leader","floor":24,"turns":5}],"event_choices":[{"event_name":"Big Fish","player_choice":"Box","floor":2,"damage_taken":0},{"event_name":"Golden Idol","player_choice":"Ignored","floor":4,"damage_taken":0},{"event_name":"Shining Light","player_choice":"Entered Light","floor":10,"damage_taken":0},{"event_name":"World of Goop","player_choice":"Left","floor":14,"damage_taken":0},{"event_name":"N\u0027loth","player_choice":"Traded a War Paint","floor":22,"damage_taken":0}],"boss_relics":[{"not_picked":["Velvet Choker","Lizard Tail"],"picked":"Inserter"}],"potions_floor_spawned":[5,7,11,13,19],"seed_played":"6615279288088083840","killed_by":"Gremlin Leader","ascension_level":2,"is_trial":false}