{"gold_per_floor":[119,137,287,287,300,300,369,395,395,241,291,368,368,381,381,454,454,467,477,527,577,61,61,0,50,103,115,115,165,180,200,200,200],"floor_reached":33,"playtime":1305,"items_purged":["Doubt"],"score":466,"play_id":"c3da0d3f-bd94-44a2-a985-2c3d9fcd4707","local_time":"20190311230657","is_ascension_mode":true,"campfire_choices":[{"floor":6.0,"key":"REST"},{"floor":13.0,"key":"REST"},{"floor":15.0,"key":"REST"},{"floor":23,"key":"REST"},{"floor":28,"key":"REST"},{"floor":32,"key":"REST"}],"neow_cost":"NONE","seed_source_timestamp":0,"circlet_count":0,"master_deck":["AscendersBane","Defend_B+1","Defend_B+1","Defend_B+1","Defend_B+1","Zap","Dualcast","Sweeping Beam","Stack","Ball Lightning","Cold Snap","Genetic Algorithm","Leap","Stack","Electrodynamics","Coolheaded","Rebound","Redo","Steam","Bite","Bite","Bite","Bite","Bite","Decay","Steam+1","Gash","Rebound","White Noise"],"special_seed":0,"relics":["Lizard Tail","SsserpentHead","Prayer Wheel","Mango","Art of War","Black Star","Bottled Lightning","Cauldron","Bag of Preparation"],"potions_floor_usage":[27,27,30],"damage_taken":[{"damage":9.0,"enemies":"2 Louse","floor":1.0,"turns":3.0},{"damage":8.0,"enemies":"Small Slimes","floor":2.0,"turns":4.0},{"damage":4.0,"enemies":"Cultist","floor":5.0,"turns":5.0},{"damage":30.0,"enemies":"Large Slime","floor":7.0,"turns":6.0},{"damage":27.0,"enemies":"Gremlin Nob","floor":8.0,"turns":4.0},{"damage":7.0,"enemies":"Blue Slaver","floor":14.0,"turns":3.0},{"damage":54.0,"enemies":"Slime Boss","floor":16.0,"turns":16.0},{"damage":32.0,"enemies":"2 Thieves","floor":18.0,"turns":4.0},{"damage":31,"enemies":"3 Byrds","floor":19,"turns":4},{"damage":44,"enemies":"Snake Plant","floor":27,"turns":10},{"damage":20,"enemies":"Snecko","floor":30,"turns":6},{"damage":30,"enemies":"Sentry and Sphere","floor":31,"turns":6},{"damage":0,"enemies":"Automaton","floor":33,"turns":1}],"seed_played":"-2986313554543954408","potions_obtained":[{"floor":7.0,"key":"AttackPotion"},{"floor":16.0,"key":"GamblersBrew"},{"floor":22,"key":"Regen Potion"},{"floor":22,"key":"Swift Potion"},{"floor":27,"key":"LiquidBronze"},{"floor":30,"key":"SneckoOil"},{"floor":31,"key":"Weak Potion"}],"is_trial":false,"path_per_floor":["M","M","?","?","M","R","M","E","T","$","?","T","R","M","R","B",null,"M","M","?","?","$","R","?","?","T","M","R","?","M","M","R","B"],"character_chosen":"DEFECT","items_purchased":["Leap","SkillPotion","Bottled Lightning","Cauldron"],"campfire_rested":6,"item_purchase_floors":[10,10,22,22],"current_hp_per_floor":[55,47,47,47,43,64,34,7,21,21,21,21,46,39,64,10,66,34,3,20,20,20,37,37,37,37,26,43,43,33,13,30,32],"gold":200,"neow_bonus":"BOSS_RELIC","is_prod":false,"is_daily":false,"chose_seed":false,"campfire_upgraded":0,"win_rate":0,"timestamp":1552363617,"path_taken":["M","M","?","?","M","R","?","E","T","$","?","?","R","M","R","BOSS","M","M","?","?","$","R","?","?","T","M","R","?","M","M","R","BOSS"],"build_version":"2019-01-23","purchased_purges":1,"victory":false,"max_hp_per_floor":[71,71,71,71,71,71,71,71,85,85,85,85,85,85,85,85,85,85,85,85,59,59,59,59,59,59,59,59,59,59,59,59,59],"card_choices":[{"not_picked":["Hologram","Storm"],"picked":"Sweeping Beam","floor":1.0},{"not_picked":["Melter","Scrape"],"picked":"Stack","floor":2.0},{"not_picked":["Sweeping Beam","Aggregate"],"picked":"Ball Lightning","floor":5.0},{"not_picked":["Barrage","Redo"],"picked":"Cold Snap","floor":7.0},{"not_picked":["Redo","Auto Shields"],"picked":"Genetic Algorithm","floor":8.0},{"not_picked":["Turbo","Beam Cell"],"picked":"Stack","floor":14.0},{"not_picked":["Barrage","Hologram","Fusion"],"picked":"SKIP","floor":14.0},{"not_picked":["Multi-Cast","Rainbow"],"picked":"Electrodynamics","floor":16.0},{"not_picked":["Ball Lightning+1","Rip and Tear"],"picked":"Coolheaded","floor":18.0},{"not_picked":["Storm","Ball Lightning"],"picked":"Rebound","floor":18.0},{"not_picked":["Streamline","Lockon"],"picked":"Redo","floor":19},{"not_picked":["Creative AI","Darkness"],"picked":"Steam","floor":19},{"not_picked":["Rip and Tear","Streamline","Reprogram"],"picked":"SKIP","floor":27},{"not_picked":["Rip and Tear","Genetic Algorithm","Sunder"],"picked":"SKIP","floor":27},{"not_picked":["Sweeping Beam","Rebound"],"picked":"Steam+1","floor":30},{"not_picked":["Leap","Redo"],"picked":"Gash","floor":30},{"not_picked":["Darkness","Storm"],"picked":"Rebound","floor":31},{"not_picked":["Steam","Coolheaded"],"picked":"White Noise","floor":31}],"player_experience":683249,"relics_obtained":[{"floor":8.0,"key":"Prayer Wheel"},{"floor":9.0,"key":"Mango"},{"floor":12.0,"key":"Art of War"},{"floor":26,"key":"Bag of Preparation"}],"event_choices":[{"damage_healed":0.0,"max_hp_gain":0.0,"max_hp_loss":0.0,"gold_gain":150.0,"event_name":"Liars Game","player_choice":"AGREE","floor":3.0,"gold_loss":0.0,"damage_taken":0.0,"cards_obtained":["Doubt"]},{"damage_healed":0.0,"max_hp_gain":0.0,"max_hp_loss":0.0,"gold_gain":0.0,"event_name":"FaceTrader","player_choice":"Trade","floor":4.0,"gold_loss":0.0,"damage_taken":0.0,"relics_obtained":["SsserpentHead"]},{"damage_healed":0.0,"max_hp_gain":0.0,"max_hp_loss":0.0,"gold_gain":0.0,"event_name":"Golden Wing","player_choice":"Ignored","floor":11.0,"gold_loss":0.0,"damage_taken":0.0},{"damage_healed":17,"gold_gain":0,"player_choice":"Heal","damage_taken":0,"max_hp_gain":0,"max_hp_loss":0,"event_name":"The Library","floor":20,"gold_loss":0},{"damage_healed":0,"gold_gain":0,"player_choice":"Became a vampire","damage_taken":0,"max_hp_gain":0,"max_hp_loss":26,"event_name":"Vampires","floor":21,"gold_loss":0,"cards_obtained":["Bite","Bite","Bite","Bite","Bite"]},{"damage_healed":0,"gold_gain":0,"player_choice":"Paid Fearfully","damage_taken":0,"max_hp_gain":0,"max_hp_loss":0,"event_name":"Masked Bandits","floor":24,"gold_loss":111},{"damage_healed":0,"gold_gain":0,"player_choice":"Simplicity","damage_taken":0,"max_hp_gain":0,"max_hp_loss":0,"event_name":"Back to Basics","floor":25,"gold_loss":0,"cards_upgraded":["Defend_B","Defend_B","Defend_B","Defend_B"]},{"damage_healed":0,"gold_gain":0,"player_choice":"Smashed Altar","damage_taken":0,"max_hp_gain":0,"max_hp_loss":0,"event_name":"Forgotten Altar","floor":29,"gold_loss":0,"cards_obtained":["Decay"]}],"is_beta":false,"boss_relics":[{"not_picked":["Sozu","Busted Crown"],"picked":"Black Star"}],"items_purged_floors":[10],"is_endless":false,"potions_floor_spawned":[7,16,27,30,31],"killed_by":"Automaton","ascension_level":16}