{"path_per_floor":["M","?","T","M","$","E","R","$","T","M","M","M","M","?","R","B",null,"M","$","M","T","?"],"character_chosen":"THE_SILENT","items_purchased":["Footwork","Noxious Fumes"],"gold_per_floor":[109,109,109,120,48,105,105,30,53,63,74,89,106,106,106,204,204,217,81,96,177,177],"floor_reached":23,"campfire_rested":2,"playtime":1153,"current_hp_per_floor":[70,70,70,66,66,26,47,47,47,47,43,23,10,33,54,22,84,42,42,10,10,10],"items_purged":["Strike_G","Normality"],"gold":177,"score":191,"play_id":"c114b796-02bd-4c55-bc58-544d9d7aca3b","is_prod":false,"is_daily":false,"is_ascension_mode":false,"campfire_upgraded":0,"path_taken":["M","?","?","M","$","E","R","?","T","M","M","?","M","?","R","BOSS","M","$","?","?","?","E"],"build_version":"2018-02-08-PROD1","purchased_purges":2,"victory":false,"master_deck":["Defend_G","Defend_G","Defend_G","Defend_G","Defend_G","Strike_G","Strike_G","Strike_G","Strike_G","Survivor","Neutralize","Quick Slash","Deadly Poison","Malaise","Escape Plan","Footwork","A Thousand Cuts","Acrobatics","Footwork","Quick Slash","Burst","Pain","Parasite","Deadly Poison+1","Noxious Fumes","Distraction","Decay"],"max_hp_per_floor":[70,70,70,70,70,70,70,70,70,70,70,70,70,70,70,70,84,84,84,84,84,84],"relics":["Ring of the Snake","Oddly Smooth Stone","Peace Pipe","Tiny Chest","Ancient Tea Set","Calling Bell","Mango","Bag of Preparation","Pen Nib","Toolbox"],"card_choices":[{"not_picked":["Calculated Gamble","Deflect"],"picked":"Quick Slash"},{"not_picked":["Expertise","Sucker Punch"],"picked":"Escape Plan"},{"not_picked":["Bullet Time","Sucker Punch"],"picked":"A Thousand Cuts"},{"not_picked":["Dagger Spray","Slice"],"picked":"Acrobatics"},{"not_picked":["Leg Sweep","Reflex"],"picked":"Footwork"},{"not_picked":["Flying Knee","Dodge and Roll"],"picked":"Quick Slash"},{"not_picked":["Bullet Time","Glass Knife"],"picked":"Burst"},{"not_picked":["Endless Agony","PiercingWail"],"picked":"Deadly Poison"},{"not_picked":["Choke","Deflect"],"picked":"Distraction"}],"player_experience":68248,"potions_floor_usage":[11,16,16,18],"damage_taken":[{"damage":0,"enemies":"Jaw Worm","floor":1,"turns":6},{"damage":4,"enemies":"Blue Slaver","floor":4,"turns":5},{"damage":40,"enemies":"Gremlin Nob","floor":6,"turns":6},{"damage":0,"enemies":"Cultist","floor":10,"turns":4},{"damage":4,"enemies":"Exordium Wildlife","floor":11,"turns":4},{"damage":20,"enemies":"3 Louse","floor":12,"turns":4},{"damage":13,"enemies":"Exordium Thugs","floor":13,"turns":6},{"damage":32,"enemies":"Slime Boss","floor":16,"turns":12},{"damage":42,"enemies":"Shell Parasite","floor":18,"turns":15},{"damage":32,"enemies":"Spheric Guardian","floor":20,"turns":6},{"damage":11,"enemies":"Gremlin Leader","floor":23,"turns":1}],"event_choices":[{"event_name":"Match and Keep!","player_choice":"2 cards matched","floor":2,"damage_taken":0},{"event_name":"Big Fish","player_choice":"Banana","floor":14,"damage_taken":0},{"event_name":"Wheel of Change","player_choice":"Curse","floor":22,"damage_taken":0}],"boss_relics":[{"not_picked":["Lizard Tail","Ectoplasm"],"picked":"Calling Bell"}],"potions_floor_spawned":[1,10,11,13],"seed_played":"-4978544367782306392","killed_by":"Gremlin Leader","ascension_level":0,"is_trial":false}