{"gold_per_floor":[369,151,165,165,182,216,216,239,291,366,379,379,15,15,15,118,118,128,53,53,71,71,71,47,77,77,110,126,145,164,175,175,175],"floor_reached":33,"playtime":1397,"items_purged":["Strike_R"],"score":335,"play_id":"75ec0bc8-428b-4726-91f3-199fb8c636e5","local_time":"20180707025214","is_ascension_mode":false,"campfire_choices":[{"data":"Spot Weakness","floor":7,"key":"SMITH"},{"data":"Flex","floor":12,"key":"SMITH"},{"data":"Pommel Strike","floor":15,"key":"SMITH"},{"data":"Whirlwind","floor":23,"key":"SMITH"},{"floor":32,"key":"REST"}],"neow_cost":"TEN_PERCENT_HP_LOSS","seed_source_timestamp":438811406700554,"circlet_count":0,"master_deck":["Defend_R","Defend_R","Defend_R","Defend_R","Bash","Wild Strike","Flex+1","Heavy Blade","Iron Wave+1","Whirlwind+1","Heavy Blade+1","Spot Weakness+1","Pommel Strike+1","Reckless Charge","Inflame","Anger","Warcry","Feed","Rupture+1","Double Tap+1","Flex+1","Anger","Ghostly","Ghostly","Ghostly","Ghostly","Ghostly","Blood for Blood","Combust","Impervious","Combust+1","Flame Barrier","Rage","Thunderclap+1","Ghostly Armor"],"relics":["Burning Blood","Blood Vial","Whetstone","Odd Mushroom","Boot","Kunai","TwistedFunnel","Astrolabe","SsserpentHead","Charon\u0027s Ashes","Darkstone Periapt","Bronze Scales"],"potions_floor_usage":[6,8,11,25,30,33],"damage_taken":[{"damage":10,"enemies":"Cultist","floor":1,"turns":4},{"damage":0,"enemies":"2 Louse","floor":3,"turns":3},{"damage":0,"enemies":"Small Slimes","floor":5,"turns":4},{"damage":14,"enemies":"Gremlin Nob","floor":6,"turns":3},{"damage":6,"floor":8,"turns":2},{"damage":20,"enemies":"Exordium Thugs","floor":11,"turns":4},{"damage":41,"enemies":"The Guardian","floor":16,"turns":10},{"damage":3,"enemies":"Spheric Guardian","floor":18,"turns":3},{"damage":5,"enemies":"Shell Parasite","floor":21,"turns":6},{"damage":22,"enemies":"Gremlin Leader","floor":25,"turns":4},{"damage":21,"enemies":"Book of Stabbing","floor":27,"turns":5},{"damage":2,"enemies":"Cultist and Chosen","floor":28,"turns":5},{"damage":3,"enemies":"Sentry and Sphere","floor":29,"turns":5},{"damage":8,"enemies":"Slaver and Parasite","floor":30,"turns":3},{"damage":8,"enemies":"Chosen and Byrds","floor":31,"turns":4},{"damage":52,"enemies":"Collector","floor":33,"turns":8}],"seed_played":"-244221224244979282","potions_obtained":[{"floor":3,"key":"Block Potion"},{"floor":5,"key":"SteroidPotion"},{"floor":6,"key":"FearPotion"},{"floor":21,"key":"FearPotion"},{"floor":29,"key":"Explosive Potion"},{"floor":31,"key":"LiquidBronze"}],"is_trial":false,"path_per_floor":["M","$","M","?","M","E","R","?","T","T","M","R","$","$","R","B",null,"M","?","?","M","?","R","$","E","T","E","M","M","M","M","R"],"character_chosen":"IRONCLAD","items_purchased":["Flex","Heavy Blade","Iron Wave","Inflame","Anger","TwistedFunnel","Warcry","Combust"],"campfire_rested":1,"item_purchase_floors":[2,2,2,13,13,13,13,24],"current_hp_per_floor":[68,68,72,60,68,62,62,64,64,64,52,52,52,52,52,19,72,75,75,37,37,37,37,37,21,21,8,14,19,19,19,30,0],"gold":175,"neow_bonus":"TWO_FIFTY_GOLD","is_prod":false,"is_daily":false,"chose_seed":false,"campfire_upgraded":4,"win_rate":0,"timestamp":1530953534,"path_taken":["M","$","?","?","M","E","R","?","T","?","M","R","?","$","R","BOSS","M","?","?","?","?","R","?","E","T","E","M","M","M","M","R","BOSS"],"build_version":"2018-07-05","purchased_purges":1,"victory":false,"max_hp_per_floor":[72,72,72,72,72,72,72,72,72,72,72,72,72,72,72,72,72,75,75,37,37,37,37,37,37,37,37,37,37,37,37,37,37],"card_choices":[{"not_picked":["Flex","Dual Wield"],"picked":"Wild Strike","floor":1},{"not_picked":["Bloodletting","Iron Wave"],"picked":"Whirlwind","floor":3},{"not_picked":["Cleave","Shrug It Off"],"picked":"Heavy Blade","floor":5},{"not_picked":["Pummel","Dropkick"],"picked":"Spot Weakness","floor":6},{"not_picked":["Body Slam","Wild Strike"],"picked":"Pommel Strike","floor":8},{"not_picked":["Dual Wield","Wild Strike"],"picked":"Reckless Charge","floor":11},{"not_picked":["Limit Break","Impervious"],"picked":"Feed","floor":16},{"not_picked":["Sever Soul","Entrench"],"picked":"Anger","floor":18},{"not_picked":["Heavy Blade+1","Metallicize+1"],"picked":"Blood for Blood","floor":21},{"not_picked":["Heavy Blade+1","Clash+1"],"picked":"Impervious","floor":25},{"not_picked":["Twin Strike","Sever Soul"],"picked":"Combust+1","floor":27},{"not_picked":["Dual Wield","Intimidate"],"picked":"Flame Barrier","floor":28},{"not_picked":["Rupture","True Grit"],"picked":"Rage","floor":29},{"not_picked":["Intimidate","Anger+1"],"picked":"Thunderclap+1","floor":30},{"not_picked":["Clothesline+1","Flex+1"],"picked":"Ghostly Armor","floor":31}],"player_experience":74462,"relics_obtained":[{"floor":6,"key":"Whetstone"},{"floor":8,"key":"Odd Mushroom"},{"floor":9,"key":"Boot"},{"floor":10,"key":"Kunai"},{"floor":25,"key":"Charon\u0027s Ashes"},{"floor":26,"key":"Darkstone Periapt"},{"floor":27,"key":"Bronze Scales"}],"event_choices":[{"event_name":"Scrap Ooze","player_choice":"success","floor":4,"damage_taken":12},{"event_name":"Mushrooms","player_choice":"Fought Mushrooms","floor":8,"damage_taken":0},{"event_name":"Beggar","player_choice":"Gave Gold","floor":19,"damage_taken":0},{"event_name":"Ghosts","player_choice":"Became a Ghost","floor":20,"damage_taken":0},{"event_name":"FaceTrader","player_choice":"Trade","floor":22,"damage_taken":0}],"boss_relics":[{"not_picked":["Philosopher\u0027s Stone","Calling Bell"],"picked":"Astrolabe"}],"items_purged_floors":[2],"is_endless":false,"potions_floor_spawned":[3,5,6,21,29,31],"killed_by":"Collector","ascension_level":0}