{"gold_per_floor":[110,127,147,69,86,86,120,137,206,206,206,223,58,77,77,181,181,195,294,314,314,314,314],"floor_reached":23,"playtime":1084,"items_purged":["Strike_B"],"score":324,"play_id":"c12ff631-09f9-4dd6-b904-dd9617410130","local_time":"20190304135725","is_ascension_mode":true,"campfire_choices":[{"data":"Capacitor","floor":6.0,"key":"SMITH"},{"floor":11.0,"key":"REST"},{"floor":15.0,"key":"REST"}],"neow_cost":"NONE","seed_source_timestamp":179533699304736,"circlet_count":0,"master_deck":["AscendersBane","Strike_B","Strike_B","Strike_B","Defend_B","Defend_B","Defend_B","Defend_B","Zap","Dualcast","White Noise","Capacitor+1","Cold Snap","Defragment","Cold Snap","Static Discharge","Reboot","Leap","Storm","Echo Form"],"special_seed":0,"relics":["Cracked Core","NeowsBlessing","Cables","Singing Bowl","GremlinMask","Orrery","Nunchaku"],"potions_floor_usage":[22],"damage_taken":[{"damage":0.0,"enemies":"Cultist","floor":1.0,"turns":1.0},{"damage":0.0,"enemies":"Small Slimes","floor":2.0,"turns":1.0},{"damage":0.0,"enemies":"2 Louse","floor":3.0,"turns":1.0},{"damage":13.0,"enemies":"Large Slime","floor":5.0,"turns":5.0},{"damage":17.0,"enemies":"3 Sentries","floor":7.0,"turns":8.0},{"damage":0.0,"enemies":"2 Fungi Beasts","floor":8.0,"turns":1.0},{"damage":38.0,"enemies":"Lots of Slimes","floor":12.0,"turns":4.0},{"damage":0.0,"enemies":"Large Slime","floor":14.0,"turns":4.0},{"damage":30.0,"enemies":"The Guardian","floor":16.0,"turns":15.0},{"damage":12.0,"enemies":"Chosen","floor":18.0,"turns":4.0},{"damage":4.0,"enemies":"Spheric Guardian","floor":20.0,"turns":6.0},{"damage":41,"enemies":"Colosseum Slavers","floor":22,"turns":6},{"damage":6,"enemies":"Shelled Parasite and Fungi","floor":23,"turns":2}],"seed_played":"6874563420042228749","potions_obtained":[{"floor":2.0,"key":"Explosive Potion"},{"floor":3.0,"key":"Strength Potion"},{"floor":7.0,"key":"PowerPotion"},{"floor":12.0,"key":"Regen Potion"},{"floor":18.0,"key":"FocusPotion"}],"is_trial":false,"path_per_floor":["M","M","M","$","M","R","E","M","T","?","R","M","$","M","R","B",null,"M","?","M","?","?","M"],"character_chosen":"DEFECT","items_purchased":["Defragment","Leap","Storm"],"campfire_rested":2,"item_purchase_floors":[4,13,13],"current_hp_per_floor":[68,68,68,68,55,55,38,38,38,38,60,24,24,26,49,34,78,68,68,66,66,25,19],"gold":314,"neow_bonus":"THREE_ENEMY_KILL","is_prod":false,"is_daily":false,"chose_seed":false,"campfire_upgraded":1,"win_rate":0,"timestamp":1551729445,"path_taken":["M","M","M","$","?","R","E","M","T","?","R","?","$","M","R","BOSS","M","?","M","?","?","M"],"build_version":"2019-01-23","purchased_purges":1,"victory":false,"max_hp_per_floor":[75,75,75,75,75,75,75,75,75,75,75,77,77,79,79,79,89,91,91,93,93,93,93],"card_choices":[{"not_picked":["Cold Snap","Fusion"],"picked":"White Noise","floor":1.0},{"not_picked":["Barrage","Gash"],"picked":"Capacitor","floor":2.0},{"not_picked":["Gash","Rebound"],"picked":"Cold Snap","floor":3.0},{"not_picked":["Redo","Steam"],"picked":"Cold Snap","floor":5.0},{"not_picked":["Turbo","Sweeping Beam"],"picked":"Static Discharge","floor":7.0},{"not_picked":["Doom and Gloom","Rebound"],"picked":"Reboot","floor":8.0},{"not_picked":["Go for the Eyes","Beam Cell","Blizzard"],"picked":"Singing Bowl","floor":12.0},{"not_picked":["Go for the Eyes","Consume","Multi-Cast"],"picked":"Singing Bowl","floor":14.0},{"not_picked":["Core Surge","All For One"],"picked":"Echo Form","floor":16.0},{"not_picked":["Sweeping Beam","Static Discharge","Steam"],"picked":"Singing Bowl","floor":17.0},{"not_picked":["Turbo","Hologram","Compile Driver"],"picked":"Singing Bowl","floor":17.0},{"not_picked":["Tempest","Auto Shields","Gash"],"picked":"Singing Bowl","floor":17.0},{"not_picked":["Reinforced Body","Rebound","Stack"],"picked":"Singing Bowl","floor":17.0},{"not_picked":["Fusion","Cold Snap","Reinforced Body"],"picked":"Singing Bowl","floor":17.0},{"not_picked":["Steam","Redo","Beam Cell"],"picked":"Singing Bowl","floor":18.0},{"not_picked":["Redo","Compile Driver+1","Barrage+1"],"picked":"Singing Bowl","floor":20.0}],"player_experience":628265,"relics_obtained":[{"floor":7.0,"key":"Cables"},{"floor":9.0,"key":"Singing Bowl"}],"event_choices":[{"damage_healed":0.0,"max_hp_gain":0.0,"max_hp_loss":0.0,"gold_gain":0.0,"event_name":"FaceTrader","player_choice":"Trade","floor":10.0,"gold_loss":0.0,"damage_taken":0.0,"relics_obtained":["GremlinMask"]},{"damage_healed":0.0,"max_hp_gain":0.0,"max_hp_loss":0.0,"gold_gain":99.0,"event_name":"Nest","player_choice":"Stole From Cult","floor":19.0,"gold_loss":0.0,"damage_taken":0.0},{"damage_healed":0.0,"max_hp_gain":0.0,"max_hp_loss":0.0,"gold_gain":0.0,"event_name":"The Mausoleum","player_choice":"Opened","floor":21.0,"gold_loss":0.0,"damage_taken":0.0,"relics_obtained":["Nunchaku"]},{"damage_healed":0,"gold_gain":0,"player_choice":"Fight","damage_taken":0,"max_hp_gain":0,"max_hp_loss":0,"event_name":"Colosseum","floor":22,"gold_loss":0},{"damage_healed":0,"gold_gain":0,"player_choice":"Fled From Nobs","damage_taken":0,"max_hp_gain":0,"max_hp_loss":0,"event_name":"Colosseum","floor":22,"gold_loss":0}],"is_beta":false,"boss_relics":[{"not_picked":["Astrolabe","Velvet Choker"],"picked":"Orrery"}],"items_purged_floors":[13],"is_endless":false,"potions_floor_spawned":[2,3,7,12,18],"killed_by":"Shelled Parasite and Fungi","ascension_level":11}