{"path_per_floor":["M","$","M","?","T","E","$","$","T","M","M","T","E","M","R","B",null,"M","?","M","M","T","R","M","E","T","?","$","R","$","M","R","B",null,"M","?","?","T","M","E","R","M","T","M","R","M","E","?","R","B"],"character_chosen":"IRONCLAD","items_purchased":["Heavy Blade","Whetstone","Jack Of All Trades"],"gold_per_floor":[118,71,91,91,169,202,50,50,74,87,106,133,168,188,188,285,285,299,299,312,326,326,326,341,372,372,287,212,212,23,35,35,133,133,152,152,152,152,163,192,192,204,227,242,242,253,280,331,331,331],"floor_reached":51,"campfire_rested":2,"playtime":2170,"current_hp_per_floor":[73,73,75,59,59,37,37,37,44,48,36,36,32,31,57,38,87,82,60,55,60,60,60,51,48,48,48,48,60,60,60,60,47,60,54,46,46,46,60,52,52,50,50,60,60,54,63,67,67,45],"items_purged":["Defend_R","Berserk"],"gold":331,"score":637,"play_id":"6bbc2dd7-ac9b-4ba1-ac2c-4239c4b48b78","is_prod":false,"is_daily":false,"is_ascension_mode":false,"campfire_upgraded":5,"path_taken":["M","$","M","?","?","E","?","$","T","?","M","?","E","M","R","BOSS","M","?","M","?","?","R","M","E","T","?","$","R","$","?","R","BOSS","M","?","?","?","M","E","R","M","T","M","R","M","E","?","R","BOSS"],"build_version":"2018-02-15-PROD1","purchased_purges":2,"victory":true,"master_deck":["Defend_R","Defend_R","Defend_R","Bash","Disarm","Heavy Blade","Flex","Metallicize+1","Headbutt+1","Limit Break+1","Bite+1","Bite+1","Bite+1","Bite+1","Bite+1","Flex+1","Armaments","Heavy Blade+1","Spot Weakness","Inflame+1","Limit Break+1","Flex+1","Madness","Madness+1","Injury","Inflame","Flex+1","Doubt","Headbutt+1"],"max_hp_per_floor":[80,80,80,80,80,80,80,80,87,87,87,87,87,87,87,87,87,87,60,60,60,60,60,60,60,60,60,60,60,60,60,60,60,60,60,60,60,60,60,60,60,60,60,60,60,60,70,70,70,70],"relics":["Burning Blood","Molten Egg 2","Anchor","Whetstone","Strawberry","Orichalcum","Bottled Lightning","Black Star","Calipers","Meat on the Bone","Toolbox","Thread and Needle","Ice Cream","Cursed Key","Magic Flower","Bird Faced Urn","Sundial","Happy Flower","Pear","Bottled Flame","Du-Vu Doll"],"card_choices":[{"not_picked":["Havoc","Intimidate"],"picked":"Disarm"},{"not_picked":["Shockwave","Shrug It Off"],"picked":"Flex"},{"not_picked":["Disarm","Rage"],"picked":"Metallicize"},{"not_picked":["Iron Wave","Pummel"],"picked":"Headbutt"},{"not_picked":["Berserk","Impervious"],"picked":"Limit Break"},{"not_picked":["Rupture","Shrug It Off"],"picked":"Flex"},{"not_picked":["Shrug It Off","Rampage"],"picked":"Armaments"},{"not_picked":["Seeing Red","Wild Strike"],"picked":"Heavy Blade"},{"not_picked":["Double Tap","Blood for Blood"],"picked":"Spot Weakness"},{"not_picked":["Pummel","Rage"],"picked":"Inflame"},{"not_picked":["Barricade","Reaper"],"picked":"Limit Break"},{"not_picked":["Intimidate","Wild Strike"],"picked":"Flex"},{"not_picked":["Perfected Strike","Sword Boomerang"],"picked":"Inflame"},{"not_picked":["Clothesline","Thunderclap"],"picked":"Flex"},{"not_picked":["Pommel Strike","Shrug It Off"],"picked":"Headbutt"}],"player_experience":97369,"potions_floor_usage":[13,14,16,25,31,39,50,50,50],"damage_taken":[{"damage":13,"enemies":"Jaw Worm","floor":1,"turns":3},{"damage":4,"enemies":"Cultist","floor":3,"turns":3},{"damage":28,"enemies":"3 Sentries","floor":6,"turns":9},{"damage":2,"enemies":"2 Louse","floor":10,"turns":3},{"damage":18,"enemies":"Gremlin Gang","floor":11,"turns":7},{"damage":10,"enemies":"Lagavulin","floor":13,"turns":5},{"damage":7,"enemies":"Exordium Thugs","floor":14,"turns":4},{"damage":25,"enemies":"Slime Boss","floor":16,"turns":9},{"damage":11,"enemies":"Shell Parasite","floor":18,"turns":8},{"damage":12,"enemies":"Spheric Guardian","floor":20,"turns":4},{"damage":16,"enemies":"Cultist and Chosen","floor":21,"turns":9},{"damage":24,"enemies":"Snake Plant","floor":24,"turns":5},{"damage":21,"enemies":"Book of Stabbing","floor":25,"turns":5},{"damage":6,"enemies":"Slaver and Parasite","floor":31,"turns":7},{"damage":42,"enemies":"Automaton","floor":33,"turns":8},{"damage":15,"enemies":"3 Shapes","floor":35,"turns":5},{"damage":15,"enemies":"3 Darklings","floor":39,"turns":9},{"damage":65,"enemies":"Nemesis","floor":40,"turns":9},{"damage":25,"enemies":"Sphere and 2 Shapes","floor":42,"turns":6},{"damage":13,"enemies":"4 Shapes","floor":44,"turns":5},{"damage":18,"enemies":"Maw","floor":46,"turns":6},{"damage":35,"enemies":"Giant Head","floor":47,"turns":7},{"damage":18,"enemies":"Mysterious Sphere","floor":48,"turns":6},{"damage":65,"enemies":"Awakened One","floor":50,"turns":7}],"event_choices":[{"event_name":"Shining Light","player_choice":"Entered Light","floor":4,"damage_taken":0},{"event_name":"Vampires","player_choice":"Became a vampire","floor":19,"damage_taken":0},{"event_name":"Addict","player_choice":"Obtained Relic","floor":27,"damage_taken":0},{"event_name":"Winding Halls","player_choice":"Embrace Madness","floor":36,"damage_taken":0},{"event_name":"Mysterious Sphere","player_choice":"Fight","floor":48,"damage_taken":0}],"boss_relics":[{"not_picked":["Astrolabe","Runic Pyramid"],"picked":"Black Star"},{"not_picked":["Philosopher\u0027s Stone","Orrery"],"picked":"Cursed Key"}],"potions_floor_spawned":[3,10,13,20,25,35,40,44,47],"seed_played":"4526429718577179865","ascension_level":0,"is_trial":false}