{"path_per_floor":["M","?","M","?","?","R","M","M","T","R","E","M","?","M","R"],"character_chosen":"THE_SILENT","items_purchased":[],"gold_per_floor":[115,115,140,140,140,140,165,178,178,178,212,226,226,245,245,245],"floor_reached":16,"campfire_rested":3,"playtime":652,"current_hp_per_floor":[70,53,53,46,32,53,52,52,52,70,17,2,25,25,46,0],"items_purged":[],"gold":245,"score":107,"play_id":"974d85e9-2b82-4531-89e5-47e0f19cc3cf","local_time":"20180419022621","is_prod":false,"is_daily":false,"chose_seed":false,"is_ascension_mode":true,"campfire_upgraded":0,"timestamp":1524097581,"path_taken":["M","?","?","?","?","R","M","M","T","R","E","?","?","M","R","BOSS"],"build_version":"2018-04-12","seed_source_timestamp":1785648746904066,"purchased_purges":0,"victory":false,"master_deck":["Defend_G+1","Defend_G","Defend_G","Defend_G","Defend_G","Strike_G","Strike_G","Strike_G","Strike_G","Survivor","Neutralize","A Thousand Cuts","Setup+1","PiercingWail","Footwork","Heel Hook","Infinite Blades"],"max_hp_per_floor":[70,70,70,70,70,70,70,70,70,70,70,70,70,70,70,70],"relics":["Ring of the Snake","Golden Idol","Tough Bandages","Ornamental Fan","Letter Opener"],"card_choices":[{"not_picked":["Acrobatics","Backflip"],"picked":"Setup","floor":1},{"not_picked":["Flying Knee","Underhanded Strike"],"picked":"PiercingWail","floor":3},{"not_picked":["Riddle With Holes","Dagger Throw"],"picked":"Footwork","floor":7},{"not_picked":["Storm of Steel","Dodge and Roll"],"picked":"Heel Hook","floor":12},{"not_picked":["Cloak And Dagger","Sucker Punch"],"picked":"Infinite Blades","floor":14}],"player_experience":100224,"potions_floor_usage":[11,16],"damage_taken":[{"damage":0,"enemies":"Small Slimes","floor":1,"turns":4},{"damage":0,"enemies":"Jaw Worm","floor":3,"turns":7},{"damage":1,"enemies":"2 Louse","floor":7,"turns":4},{"damage":0,"enemies":"Exordium Thugs","floor":8,"turns":6},{"damage":53,"enemies":"Gremlin Nob","floor":11,"turns":7},{"damage":15,"enemies":"Exordium Wildlife","floor":12,"turns":7},{"damage":0,"enemies":"2 Fungi Beasts","floor":14,"turns":4},{"damage":62,"enemies":"Hexaghost","floor":16,"turns":16}],"event_choices":[{"event_name":"Golden Idol","player_choice":"Take Damage","floor":2,"damage_taken":0},{"event_name":"Scrap Ooze","player_choice":"success","floor":4,"damage_taken":7},{"event_name":"Shining Light","player_choice":"Entered Light","floor":5,"damage_taken":0},{"event_name":"Big Fish","player_choice":"Banana","floor":13,"damage_taken":0}],"boss_relics":[],"potions_floor_spawned":[1,12,14],"seed_played":"-1279328220169759460","killed_by":"Hexaghost","ascension_level":1,"is_trial":false}