{"gold_per_floor":[113,124,137,21,32,59,59,98,98,98,114,114,145,158,158,288,288,306,320,76,175,175,209,223,263,287,287,287,303,303,326,326,326],"floor_reached":33,"playtime":3348,"items_purged":["Strike_G"],"score":648,"play_id":"30191744-6eea-423a-a724-3cf5a3e5493e","local_time":"20190407215729","is_ascension_mode":true,"campfire_choices":[{"data":"Neutralize","floor":12.0,"key":"SMITH"},{"data":"Footwork","floor":15.0,"key":"SMITH"},{"data":"Wraith Form v2","floor":27.0,"key":"SMITH"},{"data":"Well Laid Plans","floor":30.0,"key":"SMITH"},{"floor":32.0,"key":"REST"}],"neow_cost":"NONE","seed_source_timestamp":107603878555200,"circlet_count":0,"master_deck":["AscendersBane","Defend_G","Defend_G","Defend_G","Defend_G","Defend_G","Strike_G","Strike_G","Strike_G","Strike_G","Survivor","Neutralize+1","Backstab","Backstab","Backstab","All Out Attack","Footwork+1","Predator","Quick Slash","Noxious Fumes+1","Backflip","Skewer","Cloak And Dagger","Wraith Form v2+1","Dodge and Roll+1","Well Laid Plans+1","PiercingWail","Backflip","Footwork","Flying Knee+1"],"special_seed":0,"relics":["Ring of the Serpent","Potion Belt","Golden Idol","PreservedInsect","Dodecahedron","Bottled Lightning","Regal Pillow","Torii","Strawberry"],"potions_floor_usage":[33,33],"damage_taken":[{"damage":2.0,"enemies":"Jaw Worm","floor":1.0,"turns":4.0},{"damage":0.0,"enemies":"Small Slimes","floor":2.0,"turns":5.0},{"damage":0.0,"enemies":"Cultist","floor":3.0,"turns":3.0},{"damage":0.0,"enemies":"Blue Slaver","floor":5.0,"turns":2.0},{"damage":8.0,"enemies":"Gremlin Nob","floor":6.0,"turns":3.0},{"damage":5.0,"enemies":"3 Sentries","floor":8.0,"turns":8.0},{"damage":0.0,"enemies":"3 Louse","floor":11.0,"turns":2.0},{"damage":0.0,"enemies":"Gremlin Nob","floor":13.0,"turns":2.0},{"damage":1.0,"enemies":"Gremlin Gang","floor":14.0,"turns":3.0},{"damage":12.0,"enemies":"Hexaghost","floor":16.0,"turns":12.0},{"damage":7.0,"enemies":"Shell Parasite","floor":18.0,"turns":7.0},{"damage":0.0,"enemies":"2 Thieves","floor":19.0,"turns":4.0},{"damage":2.0,"enemies":"Gremlin Leader","floor":23.0,"turns":8.0},{"damage":3.0,"enemies":"Centurion and Healer","floor":24.0,"turns":11.0},{"damage":6.0,"enemies":"Slavers","floor":25.0,"turns":8.0},{"damage":3.0,"enemies":"Chosen and Byrds","floor":29.0,"turns":8.0},{"damage":7.0,"enemies":"Snake Plant","floor":31.0,"turns":6.0},{"damage":92,"enemies":"Collector","floor":33,"turns":12}],"seed_played":"8552963934832992427","potions_obtained":[{"floor":2.0,"key":"Swift Potion"},{"floor":3.0,"key":"Dexterity Potion"},{"floor":6.0,"key":"Fire Potion"},{"floor":10.0,"key":"Fire Potion"},{"floor":10.0,"key":"GhostInAJar"},{"floor":10.0,"key":"Dexterity Potion"},{"floor":16.0,"key":"Dexterity Potion"},{"floor":18.0,"key":"SkillPotion"},{"floor":25.0,"key":"Ancient Potion"},{"floor":31.0,"key":"Explosive Potion"}],"is_trial":false,"path_per_floor":["M","M","M","$","M","E","?","E","T","?","M","R","E","M","R","B",null,"M","M","$","?","?","E","M","E","T","R","?","M","R","M","R","B"],"character_chosen":"THE_SILENT","items_purchased":["All Out Attack","Footwork","Well Laid Plans","PiercingWail","Dexterity Potion"],"campfire_rested":1,"item_purchase_floors":[4,4,20,20,20],"current_hp_per_floor":[61,61,61,61,61,53,53,48,48,48,48,48,48,47,47,35,58,51,51,51,51,51,49,46,40,47,47,47,44,44,37,72,0],"gold":326,"neow_bonus":"THREE_CARDS","is_prod":false,"is_daily":false,"chose_seed":false,"campfire_upgraded":4,"win_rate":0,"timestamp":1554699449,"path_taken":["M","M","M","$","M","E","?","E","T","?","?","R","E","M","R","BOSS","M","M","$","?","?","E","M","E","T","R","?","M","R","M","R","BOSS"],"build_version":"2019-01-23","purchased_purges":1,"victory":false,"max_hp_per_floor":[70,70,70,70,70,70,65,65,65,65,65,65,65,65,65,65,65,65,65,65,65,65,65,65,65,72,72,72,72,72,72,72,72],"card_choices":[{"not_picked":["Sucker Punch","Crippling Poison"],"picked":"Bane","floor":0.0},{"not_picked":["Poisoned Stab","Caltrops"],"picked":"Backstab","floor":1.0},{"not_picked":["PiercingWail","Deflect"],"picked":"Backstab","floor":2.0},{"not_picked":["Tactician","Prepared"],"picked":"Backstab","floor":3.0},{"not_picked":["Heel Hook","Acrobatics"],"picked":"Predator","floor":5.0},{"not_picked":["Predator","Tactician"],"picked":"Quick Slash","floor":6.0},{"not_picked":["Dash","Poisoned Stab"],"picked":"Noxious Fumes","floor":8.0},{"not_picked":["A Thousand Cuts","Dagger Spray"],"picked":"Backflip","floor":11.0},{"not_picked":["Eviscerate","Outmaneuver"],"picked":"Skewer","floor":13.0},{"not_picked":["Blade Dance","Dagger Spray"],"picked":"Cloak And Dagger","floor":14.0},{"not_picked":["Die Die Die","Envenom"],"picked":"Wraith Form v2","floor":16.0},{"not_picked":["Flechettes","Distraction"],"picked":"Dodge and Roll+1","floor":18.0},{"not_picked":["Dagger Spray","Underhanded Strike+1","Choke"],"picked":"SKIP","floor":19.0},{"not_picked":["Dodge and Roll","Dagger Spray"],"picked":"Backflip","floor":23.0},{"not_picked":["Blade Dance","Dash+1"],"picked":"Footwork","floor":24.0},{"not_picked":["Slice","Prepared","Reflex"],"picked":"SKIP","floor":25.0},{"not_picked":["Acrobatics","Storm of Steel","Endless Agony+1"],"picked":"SKIP","floor":29.0},{"not_picked":["Cloak And Dagger","Quick Slash+1"],"picked":"Flying Knee+1","floor":31.0}],"player_experience":751569,"relics_obtained":[{"floor":6.0,"key":"Potion Belt"},{"floor":8.0,"key":"PreservedInsect"},{"floor":9.0,"key":"Dodecahedron"},{"floor":13.0,"key":"Bottled Lightning"},{"floor":23.0,"key":"Regal Pillow"},{"floor":25.0,"key":"Torii"},{"floor":26.0,"key":"Strawberry"}],"event_choices":[{"damage_healed":0.0,"max_hp_gain":0.0,"max_hp_loss":5.0,"gold_gain":0.0,"event_name":"Golden Idol","player_choice":"Lose Max HP","floor":7.0,"gold_loss":0.0,"damage_taken":0.0,"relics_obtained":["Golden Idol"]},{"damage_healed":0.0,"max_hp_gain":0.0,"max_hp_loss":0.0,"gold_gain":0.0,"event_name":"Lab","player_choice":"Got Potions","floor":10.0,"gold_loss":0.0,"damage_taken":0.0},{"damage_healed":0.0,"max_hp_gain":0.0,"max_hp_loss":0.0,"gold_gain":99.0,"event_name":"Nest","player_choice":"Stole From Cult","floor":21.0,"gold_loss":0.0,"damage_taken":0.0},{"damage_healed":0.0,"max_hp_gain":0.0,"max_hp_loss":0.0,"gold_gain":0.0,"event_name":"Vampires","player_choice":"Ignored","floor":22.0,"gold_loss":0.0,"damage_taken":0.0},{"damage_healed":0.0,"max_hp_gain":0.0,"max_hp_loss":0.0,"gold_gain":0.0,"event_name":"Accursed Blacksmith","player_choice":"Forge","floor":28.0,"gold_loss":0.0,"damage_taken":0.0,"cards_upgraded":["Noxious Fumes"]}],"is_beta":false,"boss_relics":[{"not_picked":["Lizard Tail","Velvet Choker"],"picked":"Ring of the Serpent"}],"items_purged_floors":[20],"is_endless":false,"potions_floor_spawned":[2,3,6,11,16,18,25,31],"killed_by":"Collector","ascension_level":10}