{"gold_per_floor":[117,67,167,177,194,225,225,46,46,46,63,82,100,147,159,276,288,318,330,41,41,116,145,145,164,245,274,285,296,314,324,324,324],"floor_reached":33,"playtime":1660,"items_purged":["Strike_G"],"score":289,"play_id":"69352469-964d-4552-b556-588bdafeec7d","local_time":"20190329231700","is_ascension_mode":false,"campfire_choices":[{"floor":7.0,"key":"REST"},{"floor":10.0,"key":"REST"},{"floor":15.0,"key":"REST"},{"floor":24.0,"key":"REST"},{"floor":32.0,"key":"REST"}],"neow_cost":"NONE","seed_source_timestamp":0,"circlet_count":0,"master_deck":["Defend_G","Defend_G","Defend_G","Defend_G","Strike_G","Strike_G","Strike_G","Strike_G","Survivor","Neutralize","PiercingWail","Crippling Poison","Calculated Gamble","Backflip","Dagger Spray+1","PiercingWail","Sucker Punch+1","Dagger Spray+1","Corpse Explosion","Crippling Poison+1","RitualDagger+1","Footwork","Deadly Poison","Blade Dance+1","Riddle With Holes+1","Terror+1"],"special_seed":0,"relics":["Ring of the Snake","NeowsBlessing","Molten Egg 2","Pen Nib","Gambling Chip","MawBank","Black Star","PreservedInsect","Happy Flower","Boot","Blood Vial","Pear","Oddly Smooth Stone"],"potions_floor_usage":[33],"damage_taken":[{"damage":0.0,"enemies":"Small Slimes","floor":1.0,"turns":1.0},{"damage":0.0,"enemies":"Jaw Worm","floor":4.0,"turns":1.0},{"damage":0.0,"enemies":"Cultist","floor":5.0,"turns":1.0},{"damage":68.0,"enemies":"3 Sentries","floor":6.0,"turns":15.0},{"damage":8.0,"enemies":"Gremlin Gang","floor":11.0,"turns":2.0},{"damage":11.0,"enemies":"Exordium Thugs","floor":12.0,"turns":4.0},{"damage":3.0,"enemies":"3 Louse","floor":13.0,"turns":2.0},{"damage":40.0,"enemies":"The Guardian","floor":16.0,"turns":16.0},{"damage":0.0,"enemies":"3 Byrds","floor":18.0,"turns":2.0},{"damage":24.0,"enemies":"Gremlin Leader","floor":23.0,"turns":6.0},{"damage":27.0,"enemies":"2 Thieves","floor":25.0,"turns":4.0},{"damage":11.0,"enemies":"Slavers","floor":27.0,"turns":3.0},{"damage":13.0,"enemies":"Centurion and Healer","floor":28.0,"turns":5.0},{"damage":17.0,"enemies":"Shelled Parasite and Fungi","floor":29.0,"turns":7.0},{"damage":2.0,"enemies":"Chosen and Byrds","floor":30.0,"turns":6.0},{"damage":0.0,"enemies":"3 Cultists","floor":31.0,"turns":3.0},{"damage":47,"enemies":"Automaton","floor":33,"turns":6}],"seed_played":"-4890501637149415546","potions_obtained":[{"floor":6.0,"key":"GamblersBrew"},{"floor":11.0,"key":"Regen Potion"},{"floor":12.0,"key":"GamblersBrew"},{"floor":23.0,"key":"LiquidBronze"},{"floor":25.0,"key":"Block Potion"},{"floor":28.0,"key":"Dexterity Potion"},{"floor":31.0,"key":"EssenceOfSteel"}],"is_trial":false,"path_per_floor":["M","?","?","M","M","E","R","$","T","R","M","M","M","T","R","B",null,"M","?","$","?","?","E","R","M","T","E","M","M","M","M","R","B"],"character_chosen":"THE_SILENT","items_purchased":["Dagger Spray+1","Pen Nib","Footwork","PreservedInsect"],"campfire_rested":5,"item_purchase_floors":[8,8,20,20],"current_hp_per_floor":[70,70,70,70,70,2,23,23,23,44,36,25,22,22,43,18,70,70,64,64,64,57,33,54,29,29,30,19,4,4,6,30,0],"gold":324,"neow_bonus":"THREE_ENEMY_KILL","is_prod":false,"is_daily":false,"chose_seed":false,"campfire_upgraded":0,"win_rate":0,"timestamp":1553923020,"path_taken":["M","?","?","?","M","E","R","$","T","R","M","M","?","?","R","BOSS","M","?","$","?","?","E","R","M","T","E","?","M","M","M","R","BOSS"],"build_version":"2019-01-23","purchased_purges":1,"victory":false,"max_hp_per_floor":[70,70,70,70,70,70,70,70,70,70,70,70,70,70,70,70,70,70,70,70,70,70,70,70,70,70,80,80,80,80,80,80,80],"card_choices":[{"not_picked":["Outmaneuver","Cloak And Dagger"],"picked":"PiercingWail","floor":1.0},{"not_picked":["Well Laid Plans","Flying Knee"],"picked":"Crippling Poison","floor":4.0},{"not_picked":["Flying Knee","Escape Plan"],"picked":"Calculated Gamble","floor":5.0},{"not_picked":["Dodge and Roll","Malaise"],"picked":"Backflip","floor":6.0},{"not_picked":["Terror","Deadly Poison"],"picked":"PiercingWail","floor":11.0},{"not_picked":["Masterful Stab+1","PiercingWail"],"picked":"Sucker Punch+1","floor":12.0},{"not_picked":["Sucker Punch+1","Tactician"],"picked":"Dagger Spray+1","floor":13.0},{"not_picked":["Burst","Envenom"],"picked":"Corpse Explosion","floor":16.0},{"not_picked":["Dagger Throw+1","Blade Dance"],"picked":"Crippling Poison+1","floor":18.0},{"not_picked":["Acrobatics","Flying Knee+1"],"picked":"Deadly Poison","floor":23.0},{"not_picked":["Deadly Poison","PiercingWail"],"picked":"Blade Dance+1","floor":25.0},{"not_picked":["Quick Slash+1","Underhanded Strike+1","Infinite Blades"],"picked":"SKIP","floor":27.0},{"not_picked":["Underhanded Strike+1","Deadly Poison","Distraction"],"picked":"SKIP","floor":28.0},{"not_picked":["Dodge and Roll","Bane+1","Cloak And Dagger"],"picked":"SKIP","floor":29.0},{"not_picked":["Cloak And Dagger+1","Unload+1"],"picked":"Riddle With Holes+1","floor":30.0},{"not_picked":["Slice+1","Blade Dance"],"picked":"Terror+1","floor":31.0}],"player_experience":156319,"relics_obtained":[{"floor":6.0,"key":"Molten Egg 2"},{"floor":9.0,"key":"Gambling Chip"},{"floor":14.0,"key":"MawBank"},{"floor":23.0,"key":"Boot"},{"floor":23.0,"key":"Blood Vial"},{"floor":27.0,"key":"Pear"},{"floor":27.0,"key":"Oddly Smooth Stone"}],"event_choices":[{"cards_removed":["Defend_G"],"damage_healed":0.0,"max_hp_gain":0.0,"max_hp_loss":0.0,"gold_gain":0.0,"event_name":"The Cleric","player_choice":"Card Removal","floor":2.0,"gold_loss":50.0,"damage_taken":0.0},{"damage_healed":0.0,"max_hp_gain":0.0,"max_hp_loss":0.0,"gold_gain":100.0,"event_name":"Golden Shrine","player_choice":"Pray","floor":3.0,"gold_loss":0.0,"damage_taken":0.0},{"damage_healed":0.0,"max_hp_gain":0.0,"max_hp_loss":0.0,"gold_gain":0.0,"event_name":"Nest","player_choice":"Joined the Cult","floor":19.0,"gold_loss":0.0,"damage_taken":6.0,"cards_obtained":["RitualDagger"]},{"damage_healed":0.0,"max_hp_gain":0.0,"max_hp_loss":0.0,"gold_gain":0.0,"event_name":"The Mausoleum","player_choice":"Opened","floor":21.0,"gold_loss":0.0,"damage_taken":0.0,"relics_obtained":["Happy Flower"]},{"damage_healed":0.0,"max_hp_gain":0.0,"max_hp_loss":0.0,"gold_gain":75.0,"event_name":"FaceTrader","player_choice":"Touch","floor":22.0,"gold_loss":0.0,"damage_taken":7.0}],"is_beta":false,"boss_relics":[{"not_picked":["Philosopher\u0027s Stone","Coffee Dripper"],"picked":"Black Star"}],"items_purged_floors":[20],"is_endless":false,"potions_floor_spawned":[6,11,12,13,23,25,28,31],"killed_by":"Automaton","ascension_level":0}