{"gold_per_floor":[116,116,41,41,65,65,109,109,109,127,127,150,5,30,30,30],"floor_reached":16,"playtime":1558,"items_purged":["Strike_R"],"score":110,"play_id":"0a580971-24d2-4d67-92d6-486d50cde068","local_time":"20190411223855","is_ascension_mode":true,"campfire_choices":[{"floor":6,"key":"REST"},{"data":"Bash","floor":8,"key":"SMITH"},{"floor":15,"key":"REST"}],"neow_cost":"NONE","seed_source_timestamp":613272701521846,"circlet_count":0,"master_deck":["Strike_R+1","Strike_R+1","Strike_R","Strike_R","Defend_R+1","Defend_R","Defend_R","Defend_R+1","Bash+1","Iron Wave","Pummel","Dropkick","Fire Breathing","Shockwave","Spot Weakness","Rampage","Armaments"],"relics":["Burning Blood","Oddly Smooth Stone","Golden Idol","War Paint","Self Forming Clay"],"potions_floor_usage":[16],"damage_taken":[{"damage":4,"enemies":"2 Louse","floor":1,"turns":3},{"damage":8,"enemies":"Small Slimes","floor":5,"turns":4},{"damage":24,"enemies":"Gremlin Nob","floor":7,"turns":5},{"damage":0,"enemies":"Cultist","floor":10,"turns":3},{"damage":7,"enemies":"Blue Slaver","floor":12,"turns":3},{"damage":25,"enemies":"Lots of Slimes","floor":14,"turns":6},{"damage":58,"enemies":"Slime Boss","floor":16,"turns":9}],"seed_played":"3325108581565978006","potions_obtained":[{"floor":1,"key":"Dexterity Potion"},{"floor":10,"key":"LiquidBronze"},{"floor":12,"key":"Energy Potion"}],"is_trial":false,"path_per_floor":["M","?","$","?","M","R","E","R","T","M","?","M","$","M","R","B"],"character_chosen":"IRONCLAD","items_purchased":["Spot Weakness","Rampage"],"campfire_rested":2,"item_purchase_floors":[13,13],"current_hp_per_floor":[80,80,80,60,58,80,62,62,62,68,52,51,51,32,56,0],"gold":30,"neow_bonus":"RANDOM_COMMON_RELIC","is_prod":false,"is_daily":false,"chose_seed":false,"campfire_upgraded":1,"win_rate":0,"timestamp":1555036735,"path_taken":["M","?","$","?","M","R","E","R","T","M","?","M","$","M","R","BOSS"],"build_version":"2019-01-23","purchased_purges":1,"victory":false,"max_hp_per_floor":[80,80,80,80,80,80,80,80,80,80,80,80,80,80,80,80],"card_choices":[{"not_picked":["Searing Blow","Pommel Strike"],"picked":"Iron Wave","floor":1},{"not_picked":["Dual Wield","Sword Boomerang"],"picked":"Pummel","floor":5},{"not_picked":["Reckless Charge","Iron Wave"],"picked":"Dropkick","floor":7},{"not_picked":["Combust","Headbutt"],"picked":"Fire Breathing","floor":10},{"not_picked":["Sword Boomerang","Flex"],"picked":"Shockwave","floor":12},{"not_picked":["Flex","Thunderclap"],"picked":"Armaments","floor":14}],"player_experience":131064,"relics_obtained":[{"floor":7,"key":"War Paint"},{"floor":9,"key":"Self Forming Clay"}],"event_choices":[{"damage_healed":0,"gold_gain":0,"player_choice":"Ignored","damage_taken":0,"max_hp_gain":0,"max_hp_loss":0,"event_name":"Liars Game","floor":2,"gold_loss":0},{"damage_healed":0,"gold_gain":0,"player_choice":"Take Damage","damage_taken":20,"relics_obtained":["Golden Idol"],"max_hp_gain":0,"max_hp_loss":0,"event_name":"Golden Idol","floor":4,"gold_loss":0},{"damage_healed":0,"gold_gain":0,"player_choice":"Entered Light","damage_taken":16,"max_hp_gain":0,"max_hp_loss":0,"event_name":"Shining Light","floor":11,"gold_loss":0,"cards_upgraded":["Strike_R","Strike_R"]}],"is_beta":false,"boss_relics":[],"items_purged_floors":[3],"is_endless":false,"potions_floor_spawned":[1,10,12],"killed_by":"Slime Boss","ascension_level":2}