{"path_per_floor":["M","?","T","?","M","E","R","$","T","M","E","M","R","M","R"],"character_chosen":"DEFECT","items_purchased":["Capacitor"],"gold_per_floor":[114,114,162,162,181,213,213,86,86,106,138,155,155,175,175,175],"floor_reached":16,"campfire_rested":3,"playtime":415,"item_purchase_floors":[8],"current_hp_per_floor":[74,74,74,67,64,42,64,64,64,62,46,25,47,37,59,0],"items_purged":["Strike_B"],"gold":175,"score":132,"play_id":"1d21d72c-9a55-4e9c-855e-19f2ea1ae893","local_time":"20180521170756","is_prod":false,"is_daily":false,"chose_seed":false,"is_ascension_mode":true,"campfire_upgraded":0,"timestamp":1526915276,"campfire_choices":[{"floor":7,"key":"REST"},{"floor":13,"key":"REST"},{"floor":15,"key":"REST"}],"path_taken":["M","?","?","?","M","E","R","?","T","M","E","?","R","M","R","BOSS"],"build_version":"2018-05-18","seed_source_timestamp":1406734255890179,"purchased_purges":1,"victory":false,"master_deck":["Strike_B","Strike_B","Defend_B","Defend_B","Defend_B","Defend_B","Zap","Dualcast","Electrodynamics","Tempest","Capacitor","FTL","FTL","Capacitor","FTL","Barrage"],"max_hp_per_floor":[75,75,75,75,75,75,75,75,75,75,75,75,75,75,75,75],"relics":["Cracked Core","Dream Catcher","Omamori","Calipers","Bottled Flame"],"card_choices":[{"not_picked":["Steam Power","Beam Cell"],"picked":"Tempest","floor":1},{"not_picked":["Rebound","Coolheaded"],"picked":"Capacitor","floor":5},{"not_picked":["Barrage","Cold Snap"],"picked":"FTL","floor":6},{"not_picked":["Scrape","Streamline"],"picked":"FTL","floor":7},{"not_picked":["Axe Kick","Steam","Go for the Eyes"],"picked":"SKIP","floor":10},{"not_picked":["Multi-Cast","Barrage"],"picked":"FTL","floor":11},{"not_picked":["Steam","Capacitor","Stack"],"picked":"SKIP","floor":12},{"not_picked":["Steam","Rebound","Stack"],"picked":"SKIP","floor":14},{"not_picked":["Hologram","Capacitor"],"picked":"Barrage","floor":15}],"player_experience":84323,"potions_floor_usage":[6,11,11,16],"damage_taken":[{"damage":1,"enemies":"Cultist","floor":1,"turns":3},{"damage":3,"enemies":"2 Louse","floor":5,"turns":2},{"damage":22,"enemies":"3 Sentries","floor":6,"turns":3},{"damage":2,"enemies":"Jaw Worm","floor":10,"turns":3},{"damage":16,"enemies":"Gremlin Nob","floor":11,"turns":3},{"damage":21,"enemies":"3 Louse","floor":12,"turns":3},{"damage":10,"enemies":"Gremlin Gang","floor":14,"turns":4},{"damage":60,"enemies":"The Guardian","floor":16,"turns":6}],"relics_obtained":[{"floor":3,"key":"Dream Catcher"},{"floor":6,"key":"Omamori"},{"floor":9,"key":"Calipers"},{"floor":11,"key":"Bottled Flame"}],"event_choices":[{"event_name":"Bonfire Elementals","player_choice":"BASIC","floor":2,"damage_taken":0},{"event_name":"Wheel of Change","player_choice":"Damage","floor":4,"damage_taken":0}],"boss_relics":[],"items_purged_floors":[8],"potions_floor_spawned":[1,5,10,12],"seed_played":"-12862289038752841","killed_by":"The Guardian","ascension_level":4,"potions_obtained":[{"floor":1,"key":"FocusPotion"},{"floor":5,"key":"SteroidPotion"},{"floor":10,"key":"Strength Potion"},{"floor":12,"key":"Block Potion"}],"is_trial":false}