{"gold_per_floor":[119,394,77,96,96,96,131,131,131,145,145,179,193,193,193,291,291,311,271,46,56,67,67,78,78,78,95,95,127,145,176,176,272,272,285,335,335,345,365,365,365,0,78,78,108,108,29,29,29,29],"floor_reached":51,"playtime":3832,"items_purged":["Regret"],"score":939,"play_id":"e86c924f-efee-419e-88d8-655b586bdace","local_time":"20190222002054","is_ascension_mode":true,"campfire_choices":[{"data":"Magnetism","floor":6.0,"key":"SMITH"},{"data":"Blade Dance","floor":8.0,"key":"SMITH"},{"floor":11.0,"key":"REST"},{"floor":15.0,"key":"REST"},{"floor":23.0,"key":"REST"},{"floor":25.0,"key":"REST"},{"floor":28.0,"key":"DIG"},{"floor":32.0,"key":"REST"},{"floor":41,"key":"REST"},{"floor":44,"key":"REST"},{"floor":46,"key":"DIG"},{"floor":49,"key":"DIG"}],"neow_cost":"CURSE","seed_source_timestamp":340757309385996,"circlet_count":0,"master_deck":["Defend_G","Defend_G","Defend_G","Defend_G","Defend_G","Strike_G","Strike_G","Strike_G+1","Strike_G","Strike_G","Survivor","Neutralize","Clumsy","Poisoned Stab+1","Blade Dance","Magnetism+1","Blade Dance+1","Distraction","Blade Dance","Bullet Time","Storm of Steel","Setup","Accuracy","Poisoned Stab","PiercingWail","Blade Dance","Crippling Poison","Outmaneuver","Concentrate+1","Setup+1","A Thousand Cuts+1","Prepared+1","Phantasmal Killer","Accuracy+1","Outmaneuver+1","Sadistic Nature+1","Blade Dance+1","Infinite Blades+1","Prepared","Backstab+1","Writhe"],"special_seed":0,"relics":["Ring of the Snake","Dead Branch","Meat on the Bone","Oddly Smooth Stone","Pocketwatch","Black Star","Dream Catcher","Shovel","Frozen Egg 2","Incense Burner","Vajra","Matryoshka","Ginger","White Beast Statue","The Specimen","Red Mask","Juzu Bracelet","Blue Candle","Paper Crane","Strawberry","Shuriken","Ninja Scroll"],"potions_floor_usage":[40,45,50],"damage_taken":[{"damage":2.0,"enemies":"Jaw Worm","floor":1.0,"turns":6.0},{"damage":2.0,"enemies":"Cultist","floor":4.0,"turns":5.0},{"damage":28.0,"enemies":"3 Sentries","floor":7.0,"turns":5.0},{"damage":0.0,"enemies":"Small Slimes","floor":10.0,"turns":1.0},{"damage":34.0,"enemies":"Gremlin Nob","floor":12.0,"turns":4.0},{"damage":10.0,"enemies":"Red Slaver","floor":13.0,"turns":2.0},{"damage":51.0,"enemies":"Slime Boss","floor":16.0,"turns":11.0},{"damage":14.0,"enemies":"2 Thieves","floor":18.0,"turns":4.0},{"damage":0.0,"enemies":"Spheric Guardian","floor":21.0,"turns":3.0},{"damage":34.0,"enemies":"Snake Plant","floor":22.0,"turns":7.0},{"damage":12.0,"enemies":"3 Cultists","floor":24.0,"turns":4.0},{"damage":8.0,"enemies":"Centurion and Healer","floor":27.0,"turns":3.0},{"damage":0.0,"enemies":"Gremlin Leader","floor":29.0,"turns":7.0},{"damage":44.0,"enemies":"Shelled Parasite and Fungi","floor":30.0,"turns":5.0},{"damage":17.0,"enemies":"Slavers","floor":31.0,"turns":6.0},{"damage":38.0,"enemies":"Champ","floor":33.0,"turns":7.0},{"damage":11.0,"enemies":"Orb Walker","floor":35.0,"turns":2.0},{"damage":45.0,"enemies":"2 Orb Walkers","floor":36.0,"turns":4.0},{"damage":12.0,"enemies":"3 Shapes","floor":38.0,"turns":4.0},{"damage":19.0,"enemies":"Sphere and 2 Shapes","floor":39.0,"turns":4.0},{"damage":0,"enemies":"Nemesis","floor":40,"turns":1},{"damage":9,"enemies":"Giant Head","floor":45,"turns":4},{"damage":50,"enemies":"Donu and Deca","floor":50,"turns":5}],"seed_played":"-6971471930639913242","potions_obtained":[{"floor":1.0,"key":"SteroidPotion"},{"floor":24.0,"key":"Poison Potion"},{"floor":27.0,"key":"SteroidPotion"},{"floor":29.0,"key":"GhostInAJar"},{"floor":30.0,"key":"SmokeBomb"},{"floor":35.0,"key":"LiquidBronze"},{"floor":36.0,"key":"PowerPotion"},{"floor":38.0,"key":"Weak Potion"},{"floor":39.0,"key":"SkillPotion"},{"floor":45,"key":"Regen Potion"}],"is_trial":false,"path_per_floor":["M","?","$","M","$","R","E","R","T","M","R","E","M","?","R","B",null,"M","?","$","M","M","R","M","R","T","M","R","E","M","E","R","B",null,"M","?","?","M","M","E","R","?","T","R","E","R","$","?","R","B",null],"character_chosen":"THE_SILENT","items_purchased":["Blade Dance","Magnetism","Accuracy","Dream Catcher","GhostInAJar"],"campfire_rested":7,"item_purchase_floors":[3,3,20,20,47],"current_hp_per_floor":[68,68,68,66,66,66,38,38,38,38,59,37,39,39,60,21,70,56,56,56,56,34,55,43,64,64,56,56,56,24,19,40,14,70,59,26,26,26,19,31,52,52,52,70,68,68,68,77,77,39],"gold":29,"neow_bonus":"ONE_RARE_RELIC","is_prod":false,"is_daily":false,"chose_seed":false,"campfire_upgraded":2,"win_rate":0,"timestamp":1550816454,"path_taken":["M","?","?","M","$","R","E","R","T","?","R","E","M","?","R","BOSS","M","?","$","M","?","R","M","R","T","M","R","E","M","E","R","BOSS","M","?","?","M","M","E","R","?","T","R","E","R","?","?","R","BOSS"],"build_version":"2019-01-23","purchased_purges":1,"victory":true,"max_hp_per_floor":[70,70,70,70,70,70,70,70,70,70,70,70,70,70,70,70,70,70,70,70,70,70,70,70,70,70,70,70,70,70,70,70,70,70,70,70,70,70,70,70,70,70,70,70,77,77,77,77,77,77],"card_choices":[{"not_picked":["Riddle With Holes","Bouncing Flask"],"picked":"Poisoned Stab","floor":1.0},{"not_picked":["Masterful Stab","Outmaneuver"],"picked":"Blade Dance","floor":4.0},{"not_picked":["Dagger Throw","Deadly Poison"],"picked":"Distraction","floor":7.0},{"not_picked":["Sucker Punch","Slice"],"picked":"Blade Dance","floor":10.0},{"not_picked":["Leg Sweep","PiercingWail"],"picked":"Bullet Time","floor":12.0},{"not_picked":["Choke","Footwork","Underhanded Strike"],"picked":"SKIP","floor":13.0},{"not_picked":["Envenom","Malaise"],"picked":"Storm of Steel","floor":16.0},{"not_picked":["Dagger Throw","Backflip"],"picked":"Setup","floor":18.0},{"not_picked":["Quick Slash","Dagger Throw"],"picked":"Poisoned Stab","floor":21.0},{"not_picked":["Acrobatics","Poisoned Stab"],"picked":"PiercingWail","floor":22.0},{"not_picked":["Dodge and Roll","Eviscerate"],"picked":"Blade Dance","floor":23.0},{"not_picked":["Riddle With Holes","Tactician+1"],"picked":"Crippling Poison","floor":24.0},{"not_picked":["Dagger Spray","Bane"],"picked":"Outmaneuver","floor":25.0},{"not_picked":["Flying Knee","Deadly Poison","Envenom"],"picked":"SKIP","floor":27.0},{"not_picked":["Deadly Poison","Escape Plan"],"picked":"Concentrate+1","floor":29.0},{"not_picked":["Prepared","Backflip"],"picked":"Setup+1","floor":30.0},{"not_picked":["Acrobatics","Finisher"],"picked":"A Thousand Cuts+1","floor":31.0},{"not_picked":["Outmaneuver","Dagger Throw"],"picked":"Prepared+1","floor":32.0},{"not_picked":["Glass Knife","Night Terror"],"picked":"Phantasmal Killer","floor":33.0},{"not_picked":["PiercingWail","Cloak And Dagger+1"],"picked":"Accuracy+1","floor":35.0},{"not_picked":["PiercingWail+1","Riddle With Holes+1"],"picked":"Outmaneuver+1","floor":36.0},{"not_picked":["Good Instincts","Magnetism+1"],"picked":"Sadistic Nature+1","floor":37.0},{"not_picked":["Blur+1","Quick Slash+1"],"picked":"Blade Dance+1","floor":38.0},{"not_picked":["Flechettes+1","Noxious Fumes+1","Catalyst"],"picked":"SKIP","floor":39.0},{"not_picked":["Predator+1","Cloak And Dagger"],"picked":"Infinite Blades+1","floor":41},{"not_picked":["Well Laid Plans+1","Sucker Punch+1"],"picked":"Prepared","floor":44},{"not_picked":["Blur","Dagger Spray+1"],"picked":"Backstab+1","floor":45}],"player_experience":506229,"relics_obtained":[{"floor":7.0,"key":"Meat on the Bone"},{"floor":9.0,"key":"Oddly Smooth Stone"},{"floor":12.0,"key":"Pocketwatch"},{"floor":26.0,"key":"Shovel"},{"floor":28.0,"key":"Frozen Egg 2"},{"floor":29.0,"key":"Incense Burner"},{"floor":29.0,"key":"Vajra"},{"floor":31.0,"key":"Matryoshka"},{"floor":31.0,"key":"Ginger"},{"floor":36.0,"key":"The Specimen"},{"floor":43,"key":"Juzu Bracelet"},{"floor":43,"key":"Blue Candle"},{"floor":45,"key":"Paper Crane"},{"floor":45,"key":"Strawberry"},{"floor":46,"key":"Shuriken"},{"floor":49,"key":"Ninja Scroll"}],"event_choices":[{"damage_healed":0.0,"max_hp_gain":0.0,"max_hp_loss":0.0,"gold_gain":275.0,"event_name":"Golden Shrine","player_choice":"Desecrate","floor":2.0,"gold_loss":0.0,"damage_taken":0.0,"cards_obtained":["Regret"]},{"damage_healed":0.0,"max_hp_gain":0.0,"max_hp_loss":0.0,"gold_gain":0.0,"event_name":"Golden Wing","player_choice":"Ignored","floor":14.0,"gold_loss":0.0,"damage_taken":0.0},{"damage_healed":0.0,"max_hp_gain":0.0,"max_hp_loss":0.0,"gold_gain":0.0,"event_name":"Designer","player_choice":"Upgraded Two","floor":19.0,"gold_loss":40.0,"damage_taken":0.0,"cards_upgraded":["Strike_G","Poisoned Stab"]},{"damage_healed":0.0,"max_hp_gain":0.0,"max_hp_loss":0.0,"gold_gain":0.0,"event_name":"Mysterious Sphere","player_choice":"Fight","floor":36.0,"gold_loss":0.0,"damage_taken":0.0},{"damage_healed":0.0,"max_hp_gain":0.0,"max_hp_loss":0.0,"gold_gain":0.0,"event_name":"SensoryStone","player_choice":"Memory 1","floor":37.0,"gold_loss":0.0,"damage_taken":0.0},{"damage_healed":0,"gold_gain":0,"player_choice":"Paid","damage_taken":0,"relics_obtained":["Red Mask"],"max_hp_gain":0,"max_hp_loss":0,"event_name":"Tomb of Lord Red Mask","floor":42,"gold_loss":365},{"damage_healed":19,"gold_gain":0,"player_choice":"Writhe","damage_taken":0,"max_hp_gain":0,"max_hp_loss":0,"event_name":"Winding Halls","floor":48,"gold_loss":0,"cards_obtained":["Writhe"]}],"is_beta":false,"boss_relics":[{"not_picked":["Runic Dome","Runic Pyramid"],"picked":"Black Star"},{"not_picked":["Tiny House","Empty Cage"],"picked":"White Beast Statue"}],"items_purged_floors":[3],"is_endless":false,"potions_floor_spawned":[1,24,27,29,30,35,36,38,39,40,45],"ascension_level":3}