{"gold_per_floor":[117,117,117,117,117,155,155,178,178,218,242,242,258,294,294,424,424,448,20,20,20,20,20],"floor_reached":23,"playtime":904,"items_purged":["Pain"],"score":332,"play_id":"0767dc81-a813-4d1b-ac20-096d1099ff02","local_time":"20181128131220","is_ascension_mode":true,"campfire_choices":[{"floor":7,"key":"REST"},{"floor":15,"key":"REST"}],"neow_cost":"NONE","seed_source_timestamp":502834843278332,"circlet_count":0,"master_deck":["Strike_B","Strike_B","Strike_B","Defend_B","Defend_B","Defend_B","Defend_B","Zap","Dualcast","Conserve Battery","Chill","Sweeping Beam","Sunder","Beam Cell","Parasite","Cold Snap","Cold Snap","Multi-Cast","Conserve Battery","RitualDagger","Darkness","Blind"],"relics":["FrozenCore","Golden Idol","WarpedTongs","Peace Pipe","Thread and Needle","Pen Nib","Vajra","Runic Capacitor","Bag of Preparation","MutagenicStrength"],"potions_floor_usage":[14,14,23],"damage_taken":[{"damage":2,"enemies":"Jaw Worm","floor":1,"turns":4},{"damage":67,"enemies":"Gremlin Nob","floor":6,"turns":6},{"damage":3,"enemies":"2 Louse","floor":8,"turns":3},{"damage":5,"enemies":"3 Sentries","floor":10,"turns":9},{"damage":4,"enemies":"Cultist","floor":11,"turns":3},{"damage":0,"enemies":"2 Fungi Beasts","floor":13,"turns":1},{"damage":0,"enemies":"Gremlin Nob","floor":14,"turns":2},{"damage":38,"enemies":"The Guardian","floor":16,"turns":10},{"damage":14,"enemies":"Spheric Guardian","floor":18,"turns":4},{"damage":46,"enemies":"Gremlin Leader","floor":23,"turns":10}],"seed_played":"6119564289676133251","potions_obtained":[{"floor":6,"key":"FearPotion"},{"floor":8,"key":"Poison Potion"},{"floor":11,"key":"Energy Potion"},{"floor":18,"key":"SteroidPotion"}],"is_trial":false,"path_per_floor":["M","?","?","?","?","E","R","M","T","E","M","?","M","E","R","B",null,"M","$","?","?","?","E"],"character_chosen":"DEFECT","items_purchased":["Runic Capacitor","Bag of Preparation"],"campfire_rested":2,"item_purchase_floors":[19,19],"current_hp_per_floor":[66,48,48,73,73,6,28,25,25,20,16,34,34,34,56,18,61,47,47,41,41,41,0],"gold":20,"neow_bonus":"REMOVE_CARD","is_prod":false,"is_daily":false,"chose_seed":false,"campfire_upgraded":0,"win_rate":0,"timestamp":1543407140,"path_taken":["M","?","?","?","?","E","R","M","T","E","?","?","M","E","R","BOSS","M","$","?","?","?","E"],"build_version":"2018-11-15","purchased_purges":1,"victory":false,"max_hp_per_floor":[75,75,75,75,75,75,75,75,75,75,75,75,75,75,75,75,75,75,75,75,75,75,75],"card_choices":[{"not_picked":["Coolheaded","Stack"],"picked":"Conserve Battery","floor":1},{"not_picked":["Auto Shields","Static Discharge"],"picked":"Chill","floor":6},{"not_picked":["Stack","Force Field"],"picked":"Sweeping Beam","floor":8},{"not_picked":["Hologram","Beam Cell"],"picked":"Sunder","floor":10},{"not_picked":["Compile Driver","Scrape"],"picked":"Beam Cell","floor":11},{"not_picked":["Streamline","Sweeping Beam"],"picked":"Cold Snap","floor":13},{"not_picked":["Streamline","Redo"],"picked":"Cold Snap","floor":14},{"not_picked":["Meteor Strike","Amplify"],"picked":"Multi-Cast","floor":16},{"not_picked":["Sweeping Beam","Go for the Eyes+1"],"picked":"Conserve Battery","floor":18}],"player_experience":171631,"relics_obtained":[{"floor":6,"key":"Peace Pipe"},{"floor":9,"key":"Thread and Needle"},{"floor":10,"key":"Pen Nib"},{"floor":14,"key":"Vajra"}],"event_choices":[{"damage_healed":0,"gold_gain":0,"player_choice":"Take Damage","damage_taken":18,"relics_obtained":["Golden Idol"],"max_hp_gain":0,"max_hp_loss":0,"event_name":"Golden Idol","floor":2,"gold_loss":0},{"damage_healed":0,"gold_gain":0,"player_choice":"Ignored","damage_taken":0,"max_hp_gain":0,"max_hp_loss":0,"event_name":"Liars Game","floor":3,"gold_loss":0},{"damage_healed":25,"gold_gain":0,"player_choice":"Banana","damage_taken":0,"max_hp_gain":0,"max_hp_loss":0,"event_name":"Big Fish","floor":4,"gold_loss":0},{"damage_healed":0,"gold_gain":0,"player_choice":"Rummage","damage_taken":0,"relics_obtained":["WarpedTongs"],"max_hp_gain":0,"max_hp_loss":0,"event_name":"Accursed Blacksmith","floor":5,"gold_loss":0,"cards_obtained":["Pain"]},{"damage_healed":18,"gold_gain":0,"player_choice":"Healed and dodged fight","damage_taken":0,"max_hp_gain":0,"max_hp_loss":0,"event_name":"Mushrooms","floor":12,"gold_loss":0,"cards_obtained":["Parasite"]},{"damage_healed":0,"gold_gain":0,"player_choice":"Joined the Cult","damage_taken":6,"max_hp_gain":0,"max_hp_loss":0,"event_name":"Nest","floor":20,"gold_loss":0,"cards_obtained":["RitualDagger"]},{"damage_healed":0,"gold_gain":0,"player_choice":"Inject Mutagens","damage_taken":0,"relics_obtained":["MutagenicStrength"],"max_hp_gain":0,"max_hp_loss":0,"event_name":"Drug Dealer","floor":21,"gold_loss":0},{"damage_healed":0,"gold_gain":0,"player_choice":"2 cards matched","damage_taken":0,"max_hp_gain":0,"max_hp_loss":0,"event_name":"Match and Keep!","floor":22,"gold_loss":0,"cards_obtained":["Darkness","Blind"]}],"is_beta":false,"boss_relics":[{"not_picked":["Pandora\u0027s Box","Philosopher\u0027s Stone"],"picked":"FrozenCore"}],"items_purged_floors":[19],"is_endless":false,"potions_floor_spawned":[6,8,11,18],"killed_by":"Gremlin Leader","ascension_level":6}