{"gold_per_floor":[119,2,18,18,35,35,68,82,105,105,17,17,47,57,57,159,159,174,189,189,202,213,213,246,274,274,27,27,42,42,54,54,154,154,164,181,2,224,236,236,255,255,308,308,308,308],"floor_reached":47,"playtime":3701,"items_purged":[],"score":630,"play_id":"b4fe06cb-de8b-4381-ba2b-77925bc9e77a","local_time":"20180625221603","is_ascension_mode":false,"campfire_choices":[{"data":"Footwork","floor":6,"key":"SMITH"},{"floor":10,"key":"REST"},{"floor":15,"key":"REST"},{"data":"Envenom","floor":23,"key":"SMITH"},{"floor":28,"key":"REST"},{"floor":30,"key":"REST"},{"data":"Bouncing Flask","floor":32,"key":"SMITH"},{"floor":40,"key":"REST"},{"data":"Corpse Explosion","floor":44,"key":"SMITH"}],"neow_cost":"NONE","seed_source_timestamp":439301545447794,"circlet_count":0,"master_deck":["Defend_G","Defend_G","Defend_G","Defend_G","Defend_G","Strike_G","Strike_G","Strike_G","Strike_G","Strike_G","Survivor","Neutralize","Bullet Time","Backflip","Footwork+1","Dodge and Roll+1","Poisoned Stab","Terror","Dash","Dark Shackles","Leg Sweep","Flying Knee","Envenom+1","Dodge and Roll","All Out Attack","After Image","Distraction+1","Bouncing Flask+1","Backflip+1","Dagger Throw","Footwork+1","Corpse Explosion+1","Slice+1","Infinite Blades+1","Blade Dance","Deflect+1","Heel Hook","Parasite"],"relics":["Ring of the Snake","Regal Pillow","Bronze Scales","Omamori","Cursed Key","Nloth\u0027s Gift","Happy Flower","Red Mask","Lantern","Ninja Scroll","Lizard Tail","Ancient Tea Set"],"potions_floor_usage":[7,8,21,25,25,29,33,46],"damage_taken":[{"damage":2,"enemies":"Cultist","floor":1,"turns":4},{"damage":0,"enemies":"Small Slimes","floor":3,"turns":5},{"damage":0,"enemies":"2 Louse","floor":5,"turns":2},{"damage":12,"enemies":"3 Sentries","floor":7,"turns":11},{"damage":20,"enemies":"Gremlin Gang","floor":8,"turns":5},{"damage":59,"enemies":"Gremlin Nob","floor":13,"turns":6},{"damage":3,"enemies":"Exordium Thugs","floor":14,"turns":5},{"damage":15,"enemies":"The Guardian","floor":16,"turns":15},{"damage":9,"enemies":"3 Byrds","floor":18,"turns":4},{"damage":2,"enemies":"Spheric Guardian","floor":19,"turns":10},{"damage":0,"enemies":"Snecko","floor":21,"turns":7},{"damage":16,"enemies":"Cultist and Chosen","floor":22,"turns":11},{"damage":31,"enemies":"Slavers","floor":24,"turns":8},{"damage":4,"floor":25,"turns":6},{"damage":16,"enemies":"Chosen and Byrds","floor":29,"turns":7},{"damage":3,"enemies":"Centurion and Healer","floor":31,"turns":7},{"damage":40,"enemies":"Automaton","floor":33,"turns":12},{"damage":16,"enemies":"3 Shapes","floor":35,"turns":6},{"damage":14,"enemies":"3 Darklings","floor":36,"turns":11},{"damage":11,"enemies":"Sphere and 2 Shapes","floor":39,"turns":8},{"damage":32,"enemies":"4 Shapes","floor":41,"turns":6},{"damage":93,"enemies":"Donu and Deca","floor":46,"turns":12}],"seed_played":"-1579986677176682168","potions_obtained":[{"floor":3,"key":"Dexterity Potion"},{"floor":7,"key":"Poison Potion"},{"floor":13,"key":"EssenceOfSteel"},{"floor":16,"key":"Block Potion"},{"floor":22,"key":"Fire Potion"},{"floor":29,"key":"Poison Potion"},{"floor":31,"key":"GamblersBrew"},{"floor":33,"key":"SpeedPotion"},{"floor":35,"key":"Regen Potion"}],"is_trial":false,"path_per_floor":["M","$","M","?","M","R","E","M","T","R","$","?","E","M","R","B",null,"M","M","?","M","M","R","E","?","T","$","R","M","R","M","R","B",null,"M","M","$","?","M","R","M","?","T","R","?","B"],"character_chosen":"THE_SILENT","items_purchased":["Footwork","Block Potion","Dark Shackles","Ninja Scroll","Blade Dance","SmokeBomb"],"campfire_rested":5,"item_purchase_floors":[2,2,11,27,37,37],"current_hp_per_floor":[68,68,68,61,61,61,49,29,29,65,65,65,16,13,52,37,80,71,69,69,69,53,53,22,18,18,18,57,41,80,77,77,37,80,64,50,50,50,39,78,46,80,80,80,80,40],"gold":308,"neow_bonus":"ONE_RANDOM_RARE_CARD","is_prod":false,"is_daily":false,"chose_seed":false,"campfire_upgraded":4,"win_rate":0.0,"timestamp":1529986563,"path_taken":["M","$","M","?","M","R","E","M","T","R","$","?","E","M","R","BOSS","M","M","?","M","M","R","E","?","T","$","R","?","R","M","R","BOSS","M","M","$","?","M","R","M","?","T","R","?","BOSS"],"build_version":"2018-06-21v2","purchased_purges":0,"victory":true,"max_hp_per_floor":[70,70,70,70,70,70,70,70,70,70,70,70,80,80,80,80,80,80,80,80,80,80,80,80,80,80,80,80,80,80,80,80,80,80,80,80,80,80,80,80,80,80,80,80,80,80],"card_choices":[{"not_picked":["Acrobatics","Expertise"],"picked":"Backflip","floor":1},{"not_picked":["Sucker Punch","Heel Hook"],"picked":"Dodge and Roll","floor":3},{"not_picked":["Well Laid Plans","Eviscerate"],"picked":"Poisoned Stab","floor":5},{"not_picked":["Dagger Throw","Well Laid Plans"],"picked":"Terror","floor":7},{"not_picked":["Flying Knee","Noxious Fumes"],"picked":"Dash","floor":8},{"not_picked":["Backflip","Catalyst"],"picked":"Leg Sweep","floor":13},{"not_picked":["Dagger Throw","Finisher"],"picked":"Flying Knee","floor":14},{"not_picked":["Night Terror","Phantasmal Killer"],"picked":"Envenom","floor":16},{"not_picked":["Outmaneuver","Slice+1"],"picked":"Dodge and Roll","floor":18},{"not_picked":["Acrobatics","Dagger Throw"],"picked":"All Out Attack","floor":19},{"not_picked":["Outmaneuver","Catalyst"],"picked":"After Image","floor":21},{"not_picked":["Underhanded Strike","Bane"],"picked":"Distraction+1","floor":22},{"not_picked":["Sucker Punch","Masterful Stab"],"picked":"Bouncing Flask","floor":24},{"not_picked":["Terror","Die Die Die"],"picked":"Backflip+1","floor":25},{"not_picked":["Prepared","Terror"],"picked":"Dagger Throw","floor":29},{"not_picked":["Crippling Poison+1","Masterful Stab"],"picked":"Footwork+1","floor":31},{"not_picked":["After Image","Burst"],"picked":"Corpse Explosion","floor":33},{"not_picked":["Prepared+1","Quick Slash"],"picked":"Slice+1","floor":35},{"not_picked":["Slice+1","Dodge and Roll+1"],"picked":"Infinite Blades+1","floor":36},{"not_picked":["Acrobatics+1","Sucker Punch+1"],"picked":"Deflect+1","floor":39},{"not_picked":["Envenom","Deflect"],"picked":"Heel Hook","floor":41}],"player_experience":27432,"relics_obtained":[{"floor":7,"key":"Bronze Scales"},{"floor":9,"key":"Omamori"},{"floor":13,"key":"Pear"},{"floor":24,"key":"Happy Flower"},{"floor":25,"key":"Red Mask"},{"floor":26,"key":"Lantern"},{"floor":43,"key":"Ancient Tea Set"}],"event_choices":[{"event_name":"Scrap Ooze","player_choice":"success","floor":4,"damage_taken":7},{"event_name":"Upgrade Shrine","player_choice":"Upgraded","floor":12,"damage_taken":0},{"event_name":"N\u0027loth","player_choice":"Traded a Pear","floor":20,"damage_taken":0},{"event_name":"Masked Bandits","player_choice":"Fought over 246 gold","floor":25,"damage_taken":0},{"event_name":"Tomb of Lord Red Mask","player_choice":"Wore Mask","floor":38,"damage_taken":0},{"event_name":"MindBloom","player_choice":"Heal","floor":42,"damage_taken":0},{"event_name":"SecretPortal","player_choice":"Took Portal.","floor":45,"damage_taken":0}],"boss_relics":[{"not_picked":["Busted Crown","Coffee Dripper"],"picked":"Cursed Key"},{"not_picked":["Philosopher\u0027s Stone","Calling Bell"],"picked":"Lizard Tail"}],"items_purged_floors":[],"is_endless":false,"potions_floor_spawned":[3,7,13,16,22,24,29,31,33,35],"ascension_level":0}