{"gold_per_floor":[116,41,41,41,57,57,57,57,57,57,400,50,70,108,108,227,227,252,252,58,72,72,72,93,93,93,93,293,306,349,423,423,551,551,570,420,433,433],"floor_reached":38,"playtime":1340,"items_purged":["Strike_R","Defend_R","Strike_R","Bash"],"score":490,"play_id":"2ea67fa6-ef22-41cd-8b87-fd32776a2358","local_time":"20190129030446","is_ascension_mode":true,"campfire_choices":[{"data":"Searing Blow+1","floor":6,"key":"SMITH"},{"data":"Searing Blow+2","floor":8,"key":"SMITH"},{"data":"Searing Blow+3","floor":10,"key":"SMITH"},{"data":"Mayhem","floor":15,"key":"SMITH"},{"data":"Searing Blow+4","floor":23,"key":"SMITH"},{"data":"Searing Blow+5","floor":25,"key":"SMITH"},{"floor":32,"key":"REST"}],"neow_cost":"NONE","seed_source_timestamp":210470316525760,"circlet_count":0,"master_deck":["Strike_R","Strike_R","Strike_R","Defend_R","Defend_R","Defend_R","Searing Blow+6","Armaments","Mayhem+1","Headbutt","Double Tap","Battle Trance","Sword Boomerang","Pommel Strike"],"relics":["Burning Blood","NeowsBlessing","Dream Catcher","Golden Idol","Letter Opener","Old Coin","Pantograph","Busted Crown","Bottled Flame","Regal Pillow","Matryoshka","Philosopher\u0027s Stone"],"potions_floor_usage":[18,30,33],"damage_taken":[{"damage":0,"enemies":"Jaw Worm","floor":1,"turns":1},{"damage":0,"enemies":"Small Slimes","floor":5,"turns":1},{"damage":0,"enemies":"3 Sentries","floor":11,"turns":2},{"damage":0,"enemies":"Cultist","floor":13,"turns":2},{"damage":24,"enemies":"Gremlin Nob","floor":14,"turns":4},{"damage":22,"enemies":"Hexaghost","floor":16,"turns":7},{"damage":36,"enemies":"2 Thieves","floor":18,"turns":4},{"damage":2,"enemies":"Chosen","floor":21,"turns":3},{"damage":23,"enemies":"Centurion and Healer","floor":24,"turns":3},{"damage":0,"enemies":"Sentry and Sphere","floor":29,"turns":3},{"damage":28,"enemies":"Slavers","floor":30,"turns":5},{"damage":63,"enemies":"Champ","floor":33,"turns":8},{"damage":58,"enemies":"3 Shapes","floor":35,"turns":4},{"damage":27,"enemies":"3 Darklings","floor":37,"turns":5},{"damage":11,"enemies":"Jaw Worm Horde","floor":38,"turns":1}],"seed_played":"-1389762424923815779","potions_obtained":[{"floor":1,"key":"SteroidPotion"},{"floor":13,"key":"SpeedPotion"},{"floor":24,"key":"EssenceOfSteel"},{"floor":33,"key":"Strength Potion"}],"is_trial":false,"path_per_floor":["M","$","?","?","M","R","?","R","T","R","E","$","M","E","R","B",null,"M","?","$","M","?","R","M","R","T","$","?","M","E","T","R","B",null,"M","$","M","M"],"character_chosen":"IRONCLAD","items_purchased":["Madness","Mayhem","Battle Trance"],"campfire_rested":1,"item_purchase_floors":[12,12,20],"current_hp_per_floor":[80,80,47,47,53,53,33,33,33,33,39,39,45,27,27,36,80,50,80,80,80,80,80,63,63,63,63,63,69,47,47,80,23,80,28,28,7,0],"gold":433,"neow_bonus":"THREE_ENEMY_KILL","is_prod":false,"is_daily":false,"chose_seed":false,"campfire_upgraded":6,"win_rate":0,"timestamp":1548752686,"path_taken":["M","$","?","?","M","R","?","R","T","R","E","$","M","E","R","BOSS","M","?","$","?","?","R","M","R","T","$","?","?","E","?","R","BOSS","M","$","?","M"],"build_version":"2019-01-23","purchased_purges":4,"victory":false,"max_hp_per_floor":[80,80,80,80,80,80,80,80,80,80,80,80,80,80,80,80,80,80,80,80,80,80,80,80,80,80,80,80,80,80,80,80,80,80,80,80,80,80],"card_choices":[{"not_picked":["Sever Soul","Uppercut"],"picked":"Searing Blow","floor":1},{"not_picked":["Bloodletting","Clothesline"],"picked":"Armaments","floor":5},{"not_picked":["Ghostly Armor","Clothesline","Sentinel"],"picked":"SKIP","floor":11},{"not_picked":["Body Slam","Metallicize","Clothesline"],"picked":"SKIP","floor":13},{"not_picked":["Intimidate","Rupture"],"picked":"Headbutt","floor":14},{"not_picked":["Demon Form","Berserk"],"picked":"Double Tap","floor":16},{"not_picked":["Iron Wave+1"],"picked":"SKIP","floor":18},{"not_picked":[],"picked":"Sword Boomerang","floor":21},{"not_picked":["Uppercut"],"picked":"SKIP","floor":24},{"not_picked":["Wild Strike"],"picked":"SKIP","floor":29},{"not_picked":["Clothesline+1"],"picked":"SKIP","floor":30},{"not_picked":["Headbutt"],"picked":"SKIP","floor":35},{"not_picked":["Havoc+1"],"picked":"SKIP","floor":37}],"player_experience":370061,"relics_obtained":[{"floor":9,"key":"Letter Opener"},{"floor":11,"key":"Old Coin"},{"floor":14,"key":"Pantograph"},{"floor":26,"key":"Bottled Flame"},{"floor":30,"key":"Regal Pillow"},{"floor":31,"key":"Matryoshka"}],"event_choices":[{"damage_healed":0,"gold_gain":0,"player_choice":"Success","damage_taken":33,"relics_obtained":["Dream Catcher"],"max_hp_gain":0,"max_hp_loss":0,"event_name":"Scrap Ooze","floor":3,"gold_loss":0},{"damage_healed":0,"gold_gain":0,"player_choice":"Grow","damage_taken":0,"max_hp_gain":0,"max_hp_loss":0,"event_name":"Living Wall","floor":4,"gold_loss":0,"cards_upgraded":["Searing Blow"]},{"damage_healed":0,"gold_gain":0,"player_choice":"Take Damage","damage_taken":20,"relics_obtained":["Golden Idol"],"max_hp_gain":0,"max_hp_loss":0,"event_name":"Golden Idol","floor":7,"gold_loss":0},{"cards_removed":["Madness"],"damage_healed":30,"gold_gain":0,"player_choice":"Offered Uncommon","damage_taken":0,"max_hp_gain":0,"max_hp_loss":0,"event_name":"Bonfire Elementals","floor":19,"gold_loss":0},{"damage_healed":0,"gold_gain":0,"player_choice":"Read","damage_taken":0,"max_hp_gain":0,"max_hp_loss":0,"event_name":"The Library","floor":22,"gold_loss":0,"cards_obtained":["Pommel Strike"]},{"damage_healed":0,"gold_gain":250,"player_choice":"Bet on Owner","damage_taken":0,"max_hp_gain":0,"max_hp_loss":0,"event_name":"The Joust","floor":28,"gold_loss":50}],"is_beta":false,"boss_relics":[{"not_picked":["Fusion Hammer","Calling Bell"],"picked":"Busted Crown"},{"not_picked":["Snecko Eye","White Beast Statue"],"picked":"Philosopher\u0027s Stone"}],"items_purged_floors":[2,12,20,36],"is_endless":false,"potions_floor_spawned":[1,13,24,33],"killed_by":"Jaw Worm Horde","ascension_level":2}