{"gold_per_floor":[111,122,122,47,59,59,91,91,114,114,124,124,124,141,141,141],"floor_reached":16,"playtime":644,"items_purged":["Regret"],"score":110,"play_id":"4c74ade9-5cb1-4ec3-ab86-08b5c78c7085","local_time":"20181025124908","is_ascension_mode":true,"campfire_choices":[{"data":"Storm","floor":6,"key":"SMITH"},{"data":"Zap","floor":8,"key":"SMITH"},{"data":"Coolheaded","floor":10,"key":"SMITH"},{"data":"Dualcast","floor":15,"key":"SMITH"}],"neow_cost":"CURSE","seed_source_timestamp":134850702887904,"circlet_count":0,"master_deck":["Strike_B","Strike_B","Strike_B","Strike_B","Defend_B","Defend_B","Defend_B","Defend_B","Zap+1","Dualcast+1","Shame","Storm+1","Ball Lightning","Coolheaded+1","Turbo","Skim","Go for the Eyes"],"relics":["Cracked Core","WingedGreaves","DataDisk","Frozen Egg 2","Juzu Bracelet","Darkstone Periapt","SsserpentHead"],"potions_floor_usage":[16,16],"damage_taken":[{"damage":1,"enemies":"Cultist","floor":1,"turns":3},{"damage":14,"enemies":"Jaw Worm","floor":2,"turns":3},{"damage":0,"enemies":"2 Louse","floor":5,"turns":2},{"damage":16,"enemies":"Lagavulin","floor":7,"turns":7},{"damage":9,"enemies":"Red Slaver","floor":11,"turns":3},{"damage":4,"enemies":"Exordium Thugs","floor":14,"turns":4},{"damage":31,"enemies":"Slime Boss","floor":16,"turns":11}],"seed_played":"1852867729247744521","potions_obtained":[{"floor":1,"key":"SteroidPotion"},{"floor":2,"key":"SpeedPotion"},{"floor":14,"key":"EssenceOfSteel"}],"is_trial":false,"path_per_floor":["M","M","?","$","M","R","E","R","T","R","M","T","?","M","R"],"character_chosen":"DEFECT","items_purchased":[],"campfire_rested":0,"item_purchase_floors":[],"current_hp_per_floor":[74,60,60,60,60,60,44,44,44,44,35,35,35,31,31,0],"gold":141,"neow_bonus":"ONE_RARE_RELIC","is_prod":false,"is_daily":false,"chose_seed":false,"campfire_upgraded":4,"win_rate":0,"timestamp":1540489748,"path_taken":["M","?","?","$","M","R","E","R","T","R","M","?","?","M","R","BOSS"],"build_version":"2018-10-18","purchased_purges":1,"victory":false,"max_hp_per_floor":[75,75,75,75,75,75,75,75,75,75,75,75,75,75,75,75],"card_choices":[{"not_picked":["Chill","Hologram"],"picked":"Storm","floor":1},{"not_picked":["Compile Driver","Lockon"],"picked":"Ball Lightning","floor":2},{"not_picked":["Force Field","Conserve Battery"],"picked":"Coolheaded","floor":5},{"not_picked":["Auto Shields","Steam Power"],"picked":"Turbo","floor":7},{"not_picked":["BootSequence","Consume"],"picked":"Skim","floor":11},{"not_picked":["Sweeping Beam","Leap"],"picked":"Go for the Eyes","floor":14}],"player_experience":199960,"relics_obtained":[{"floor":7,"key":"Frozen Egg 2"},{"floor":9,"key":"Juzu Bracelet"},{"floor":12,"key":"Darkstone Periapt"}],"event_choices":[{"damage_healed":0,"gold_gain":0,"player_choice":"Box","damage_taken":0,"relics_obtained":["DataDisk"],"max_hp_gain":0,"max_hp_loss":0,"event_name":"Big Fish","floor":3,"gold_loss":0,"cards_obtained":["Regret"]},{"damage_healed":0,"gold_gain":0,"player_choice":"Trade","damage_taken":0,"relics_obtained":["SsserpentHead"],"max_hp_gain":0,"max_hp_loss":0,"event_name":"FaceTrader","floor":13,"gold_loss":0}],"is_beta":false,"boss_relics":[],"items_purged_floors":[4],"is_endless":false,"potions_floor_spawned":[1,2,14],"killed_by":"Slime Boss","ascension_level":2}