{"gold_per_floor":[99,24,24,24,24,24,24,24,24,24,24,24,24,24,24,24,24,24,24,0,0,0,0,0,0,0,0,0,0,0,0,0,0,0,0,0,0,0,0,0,0,0,0,0,0,0,0,0,0,0],"floor_reached":51,"playtime":1594,"items_purged":["Strike_B"],"score":1602,"play_id":"7cc568ea-47bb-4e0c-8ae9-f930fb639e24","local_time":"20190413204003","is_ascension_mode":true,"campfire_choices":[{"data":"Streamline","floor":6.0,"key":"SMITH"},{"floor":8.0,"key":"REST"},{"data":"Hyperbeam","floor":15.0,"key":"SMITH"},{"data":"Ghostly","floor":23.0,"key":"SMITH"},{"data":"Ghostly","floor":25.0,"key":"SMITH"},{"data":"Ghostly","floor":28.0,"key":"SMITH"},{"data":"Hyperbeam","floor":32.0,"key":"SMITH"},{"data":"The Bomb","floor":41,"key":"SMITH"},{"data":"Reinforced Body","floor":49,"key":"SMITH"}],"neow_cost":"NONE","seed_source_timestamp":185445280274577,"circlet_count":0,"master_deck":["AscendersBane","Strike_B+1","Strike_B+1","Strike_B+1","Defend_B+1","Defend_B+1","Defend_B+1","Defend_B+1","Dualcast","Streamline+1","Steam","Hyperbeam+1","Undo","Hyperbeam+1","Beam Cell+1","Ghostly+1","Ghostly+1","Ghostly+1","Leap+1","Conserve Battery","Echo Form","BootSequence+1","The Bomb+1","Reinforced Body+1"],"special_seed":0,"relics":["Ectoplasm","FossilizedHelix","The Courier","Omamori","Blood Vial","Sundial","Velvet Choker","Pantograph","Question Card","Juzu Bracelet","Runic Pyramid","Red Mask","MawBank","PreservedInsect"],"potions_floor_usage":[50],"damage_taken":[{"damage":6.0,"enemies":"Cultist","floor":1.0,"turns":4.0},{"damage":7.0,"enemies":"Jaw Worm","floor":4.0,"turns":3.0},{"damage":20.0,"enemies":"Lagavulin","floor":7.0,"turns":6.0},{"damage":20.0,"enemies":"3 Sentries","floor":11.0,"turns":8.0},{"damage":0.0,"enemies":"Small Slimes","floor":13.0,"turns":2.0},{"damage":18.0,"enemies":"Slime Boss","floor":16.0,"turns":10.0},{"damage":18.0,"enemies":"Shell Parasite","floor":18.0,"turns":4.0},{"damage":0.0,"enemies":"2 Thieves","floor":20.0,"turns":2.0},{"damage":0.0,"enemies":"Snecko","floor":24.0,"turns":3.0},{"damage":0.0,"enemies":"Book of Stabbing","floor":27.0,"turns":5.0},{"damage":2.0,"enemies":"Snake Plant","floor":30.0,"turns":4.0},{"damage":0.0,"enemies":"Slavers","floor":31.0,"turns":4.0},{"damage":5.0,"enemies":"Collector","floor":33.0,"turns":12.0},{"damage":0.0,"enemies":"Orb Walker","floor":35.0,"turns":2.0},{"damage":0.0,"enemies":"3 Darklings","floor":37.0,"turns":4.0},{"damage":0,"enemies":"Nemesis","floor":40,"turns":5},{"damage":0,"enemies":"Spire Growth","floor":42,"turns":4},{"damage":0,"enemies":"Maw","floor":44,"turns":7},{"damage":0,"enemies":"Writhing Mass","floor":45,"turns":6},{"damage":0,"enemies":"Spire Growth","floor":46,"turns":4},{"damage":0,"enemies":"Donu and Deca","floor":50,"turns":7}],"seed_played":"8238379545189720762","potions_obtained":[{"floor":1.0,"key":"Fire Potion"},{"floor":7.0,"key":"FocusPotion"},{"floor":11.0,"key":"Energy Potion"},{"floor":24.0,"key":"SteroidPotion"},{"floor":33.0,"key":"Dexterity Potion"},{"floor":45,"key":"GamblersBrew"}],"is_trial":false,"path_per_floor":["M","$","?","M","$","R","E","R","T","?","E","T","M","?","R","B",null,"M","?","M","?","$","R","M","R","T","E","R","?","M","E","R","B",null,"M","?","M","?","?","E","R","M","T","M","M","M","?","?","R","B",null],"character_chosen":"DEFECT","items_purchased":[],"campfire_rested":1,"item_purchase_floors":[],"current_hp_per_floor":[58,58,58,51,51,51,31,52,52,52,32,32,34,23,23,7,55,39,39,41,35,35,35,35,35,35,35,35,35,33,35,35,30,34,35,35,35,35,35,35,35,35,35,35,35,35,35,35,35,35],"gold":0,"neow_bonus":"BOSS_RELIC","is_prod":false,"is_daily":false,"chose_seed":false,"campfire_upgraded":8,"win_rate":0,"timestamp":1555202403,"path_taken":["M","$","?","M","$","R","E","R","T","?","E","?","M","?","R","BOSS","M","?","M","?","$","R","M","R","T","E","R","?","?","E","R","BOSS","M","?","M","?","?","E","R","M","T","M","M","M","?","?","R","BOSS"],"build_version":"2019-04-04","purchased_purges":1,"victory":true,"max_hp_per_floor":[71,71,71,71,71,71,71,71,71,71,71,71,71,71,71,71,71,71,71,71,35,35,35,35,35,35,35,35,35,35,35,35,35,35,35,35,35,35,35,35,35,35,35,35,35,35,35,35,35,35],"card_choices":[{"not_picked":["Fusion","Hello World","Rebound"],"picked":"SKIP","floor":1.0},{"not_picked":["Redo","Go for the Eyes"],"picked":"Streamline","floor":4.0},{"not_picked":["Rebound","Turbo"],"picked":"Steam","floor":7.0},{"not_picked":["Electrodynamics","Conserve Battery"],"picked":"Hyperbeam","floor":11.0},{"not_picked":["Coolheaded","Hologram"],"picked":"Undo","floor":13.0},{"not_picked":["Buffer","Biased Cognition"],"picked":"Hyperbeam","floor":16.0},{"not_picked":["Gash","Double Energy","Go for the Eyes"],"picked":"SKIP","floor":18.0},{"not_picked":["Genetic Algorithm","Cold Snap"],"picked":"Beam Cell","floor":20.0},{"not_picked":["Rip and Tear","Melter"],"picked":"Leap+1","floor":24.0},{"not_picked":["Streamline","Loop","Beam Cell"],"picked":"SKIP","floor":27.0},{"not_picked":["Glacier","Beam Cell","Heatsinks","Scrape"],"picked":"SKIP","floor":30.0},{"not_picked":["Hologram","Cold Snap","Go for the Eyes"],"picked":"Conserve Battery","floor":31.0},{"not_picked":["Machine Learning","Electrodynamics","Core Surge"],"picked":"Echo Form","floor":33.0},{"not_picked":["Double Energy+1","Gash","Conserve Battery"],"picked":"BootSequence+1","floor":35.0},{"not_picked":["Rebound","Rip and Tear+1","Stack","Conserve Battery"],"picked":"SKIP","floor":37.0},{"not_picked":["Finesse","Swift Strike","Flash of Steel"],"picked":"The Bomb","floor":38.0},{"not_picked":["Redo+1","Stack","Rebound"],"picked":"Reinforced Body","floor":40},{"not_picked":["Rebound","Static Discharge","Coolheaded+1","Sweeping Beam"],"picked":"SKIP","floor":42},{"not_picked":["Reprogram","BootSequence","Ball Lightning","Rebound"],"picked":"SKIP","floor":44},{"not_picked":["Fusion+1","Steam","Double Energy+1","Machine Learning"],"picked":"SKIP","floor":45},{"not_picked":["Go for the Eyes","FTL+1","Rebound+1","Coolheaded"],"picked":"SKIP","floor":46}],"player_experience":971743,"relics_obtained":[{"floor":7.0,"key":"FossilizedHelix"},{"floor":9.0,"key":"The Courier"},{"floor":11.0,"key":"Omamori"},{"floor":12.0,"key":"Blood Vial"},{"floor":26.0,"key":"Pantograph"},{"floor":27.0,"key":"Question Card"},{"floor":31.0,"key":"Juzu Bracelet"},{"floor":40,"key":"MawBank"},{"floor":43,"key":"PreservedInsect"}],"event_choices":[{"damage_healed":0.0,"max_hp_gain":0.0,"max_hp_loss":0.0,"gold_gain":0.0,"event_name":"Living Wall","player_choice":"Grow","floor":3.0,"gold_loss":0.0,"damage_taken":0.0,"cards_upgraded":["Strike_B"]},{"damage_healed":0.0,"max_hp_gain":0.0,"max_hp_loss":0.0,"gold_gain":0.0,"event_name":"The Cleric","player_choice":"Leave","floor":10.0,"gold_loss":0.0,"damage_taken":0.0},{"damage_healed":0.0,"max_hp_gain":0.0,"max_hp_loss":0.0,"gold_gain":0.0,"event_name":"Scrap Ooze","player_choice":"Success","floor":14.0,"gold_loss":0.0,"damage_taken":11.0,"relics_obtained":["Sundial"]},{"damage_healed":0.0,"max_hp_gain":0.0,"max_hp_loss":0.0,"gold_gain":0.0,"event_name":"Back to Basics","player_choice":"Simplicity","floor":19.0,"gold_loss":0.0,"damage_taken":0.0,"cards_upgraded":["Strike_B","Strike_B","Defend_B","Defend_B","Defend_B","Defend_B"]},{"damage_healed":0.0,"max_hp_gain":0.0,"max_hp_loss":36.0,"gold_gain":0.0,"event_name":"Ghosts","player_choice":"Became a Ghost","floor":21.0,"gold_loss":0.0,"damage_taken":0.0,"cards_obtained":["Ghostly","Ghostly","Ghostly"]},{"damage_healed":0.0,"max_hp_gain":0.0,"max_hp_loss":0.0,"gold_gain":0.0,"event_name":"Tomb of Lord Red Mask","player_choice":"Paid","floor":36.0,"gold_loss":0.0,"damage_taken":0.0,"relics_obtained":["Red Mask"]},{"damage_healed":0.0,"max_hp_gain":0.0,"max_hp_loss":0.0,"gold_gain":0.0,"event_name":"SensoryStone","player_choice":"Memory 1","floor":38.0,"gold_loss":0.0,"damage_taken":0.0},{"damage_healed":0.0,"max_hp_gain":0.0,"max_hp_loss":0.0,"gold_gain":0.0,"event_name":"Accursed Blacksmith","player_choice":"Forge","floor":39.0,"gold_loss":0.0,"damage_taken":0.0,"cards_upgraded":["Beam Cell"]},{"damage_healed":0,"gold_gain":0,"player_choice":"Got Potions","damage_taken":0,"max_hp_gain":0,"max_hp_loss":0,"event_name":"Lab","floor":47,"gold_loss":0},{"cards_removed":["Zap"],"damage_healed":0,"gold_gain":0,"player_choice":"Removed Skill","damage_taken":0,"max_hp_gain":0,"max_hp_loss":0,"event_name":"Falling","floor":48,"gold_loss":0}],"is_beta":true,"boss_relics":[{"not_picked":["Eternal Feather","Inserter"],"picked":"Velvet Choker"},{"not_picked":["White Beast Statue","Nuclear Battery"],"picked":"Runic Pyramid"}],"items_purged_floors":[2],"is_endless":false,"potions_floor_spawned":[1,7,11,13,24,30,33,35,42,44,45],"ascension_level":19}