{"gold_per_floor":[116,116,135,310,185,210,226,244,270,287,287,267,277,296,296,396,396,408,308,320,333,333,333,351,351,351,351,351,266,298,318,318,318],"floor_reached":33,"playtime":3507,"items_purged":["Doubt","Strike_B"],"score":269,"play_id":"ade1ecf2-26f6-44ec-8195-9f42277c99cb","local_time":"20190406122511","is_ascension_mode":false,"campfire_choices":[{"floor":11.0,"key":"REST"},{"floor":15.0,"key":"REST"},{"floor":23.0,"key":"REST"},{"floor":25.0,"key":"REST"},{"floor":27.0,"key":"REST"},{"floor":32,"key":"REST"}],"neow_cost":"NONE","seed_source_timestamp":0,"circlet_count":0,"master_deck":["Strike_B+1","Strike_B+1","Defend_B+1","Defend_B+1","Defend_B+1","Defend_B+1","Zap","Dualcast","Rebound","Ball Lightning","Streamline","Gash","Conserve Battery","Conserve Battery","Ball Lightning","Beam Cell+1"],"special_seed":0,"relics":["Cracked Core","Pen Nib","Bag of Preparation","Sozu","Singing Bowl","Happy Flower","Sundial"],"potions_floor_usage":[30],"damage_taken":[{"damage":6.0,"enemies":"Jaw Worm","floor":1.0,"turns":2.0},{"damage":0.0,"enemies":"Small Slimes","floor":3.0,"turns":3.0},{"damage":16.0,"enemies":"3 Sentries","floor":6.0,"turns":8.0},{"damage":6.0,"enemies":"Cultist","floor":7.0,"turns":3.0},{"damage":20.0,"enemies":"Exordium Wildlife","floor":8.0,"turns":6.0},{"damage":2.0,"enemies":"Blue Slaver","floor":10.0,"turns":4.0},{"damage":13.0,"enemies":"Large Slime","floor":13.0,"turns":5.0},{"damage":1.0,"enemies":"Exordium Wildlife","floor":14.0,"turns":3.0},{"damage":17.0,"enemies":"Slime Boss","floor":16.0,"turns":8.0},{"damage":28.0,"enemies":"Shell Parasite","floor":18.0,"turns":4.0},{"damage":26.0,"enemies":"2 Thieves","floor":20.0,"turns":4.0},{"damage":17.0,"enemies":"3 Cultists","floor":21.0,"turns":6.0},{"damage":7.0,"enemies":"Centurion and Healer","floor":24.0,"turns":5.0},{"damage":21,"enemies":"Gremlin Leader","floor":30,"turns":6},{"damage":11,"enemies":"Shelled Parasite and Fungi","floor":31,"turns":4},{"damage":62,"enemies":"Automaton","floor":33,"turns":10}],"seed_played":"3199126386263906642","potions_obtained":[{"floor":0.0,"key":"Explosive Potion"},{"floor":0.0,"key":"Ancient Potion"},{"floor":0.0,"key":"FearPotion"},{"floor":7.0,"key":"Swift Potion"},{"floor":12.0,"key":"Weak Potion"},{"floor":13.0,"key":"Ancient Potion"},{"floor":16.0,"key":"Ancient Potion"}],"is_trial":false,"path_per_floor":["M","?","M","?","$","E","M","M","T","M","R","?","M","M","R","B",null,"M","$","M","M","?","R","M","R","T","R","?","?","E","M","R","B"],"character_chosen":"DEFECT","items_purchased":["FearPotion"],"campfire_rested":6,"item_purchase_floors":[5],"current_hp_per_floor":[69,62,62,62,62,46,40,20,20,18,40,40,27,26,48,31,75,47,47,21,4,4,26,19,41,41,63,63,63,44,35,58,0],"gold":318,"neow_bonus":"THREE_SMALL_POTIONS","is_prod":false,"is_daily":false,"chose_seed":false,"campfire_upgraded":0,"win_rate":0,"timestamp":1554578711,"path_taken":["M","?","M","?","$","E","M","?","T","M","R","?","M","M","R","BOSS","M","$","?","M","?","R","M","R","T","R","?","?","E","?","R","BOSS"],"build_version":"2019-01-23","purchased_purges":2,"victory":false,"max_hp_per_floor":[75,75,75,75,75,75,75,75,75,75,75,75,75,75,75,75,75,75,75,75,75,75,75,75,75,75,75,75,75,77,79,79,79],"card_choices":[{"not_picked":["Hologram","Double Energy","Compile Driver"],"picked":"SKIP","floor":1.0},{"not_picked":["Hologram","Go for the Eyes","Redo"],"picked":"SKIP","floor":3.0},{"not_picked":["Chill","Compile Driver"],"picked":"Rebound","floor":6.0},{"not_picked":["Turbo","Static Discharge","Compile Driver"],"picked":"SKIP","floor":7.0},{"not_picked":["Self Repair","Redo"],"picked":"Ball Lightning","floor":8.0},{"not_picked":["Double Energy","Melter"],"picked":"Streamline","floor":10.0},{"not_picked":["Barrage","Heatsinks"],"picked":"Gash","floor":13.0},{"not_picked":["Static Discharge","Steam","Stack"],"picked":"SKIP","floor":14.0},{"not_picked":["Barrage+1","Turbo+1"],"picked":"Conserve Battery","floor":18.0},{"not_picked":["Barrage","Scrape"],"picked":"Conserve Battery","floor":20.0},{"not_picked":["Heatsinks+1","Compile Driver"],"picked":"Ball Lightning","floor":21.0},{"not_picked":["Buffer","Aggregate"],"picked":"Beam Cell+1","floor":24.0},{"not_picked":["Ball Lightning","Hello World","Rebound"],"picked":"Singing Bowl","floor":30},{"not_picked":["Leap","Steam","Chill+1"],"picked":"Singing Bowl","floor":31}],"player_experience":286598,"relics_obtained":[{"floor":6.0,"key":"Pen Nib"},{"floor":9.0,"key":"Bag of Preparation"},{"floor":26.0,"key":"Singing Bowl"},{"floor":30,"key":"Sundial"}],"event_choices":[{"cards_removed":["Strike_B"],"damage_healed":0.0,"max_hp_gain":0.0,"max_hp_loss":0.0,"gold_gain":0.0,"event_name":"Golden Wing","player_choice":"Card Removal","floor":2.0,"gold_loss":0.0,"damage_taken":7.0},{"damage_healed":0.0,"max_hp_gain":0.0,"max_hp_loss":0.0,"gold_gain":175.0,"event_name":"Liars Game","player_choice":"AGREE","floor":4.0,"gold_loss":0.0,"damage_taken":0.0,"cards_obtained":["Doubt"]},{"damage_healed":0.0,"max_hp_gain":0.0,"max_hp_loss":0.0,"gold_gain":0.0,"event_name":"The Woman in Blue","player_choice":"Bought 1 Potion","floor":12.0,"gold_loss":0.0,"damage_taken":0.0},{"damage_healed":0.0,"max_hp_gain":0.0,"max_hp_loss":0.0,"gold_gain":0.0,"event_name":"Back to Basics","player_choice":"Simplicity","floor":22.0,"gold_loss":0.0,"damage_taken":0.0,"cards_upgraded":["Strike_B","Strike_B","Defend_B","Defend_B","Defend_B","Defend_B"]},{"damage_healed":0.0,"max_hp_gain":0.0,"max_hp_loss":0.0,"gold_gain":0.0,"event_name":"Ghosts","player_choice":"Ignored","floor":28.0,"gold_loss":0.0,"damage_taken":0.0},{"damage_healed":0.0,"max_hp_gain":0.0,"max_hp_loss":0.0,"gold_gain":0.0,"event_name":"Addict","player_choice":"Obtained Relic","floor":29.0,"gold_loss":85.0,"damage_taken":0.0,"relics_obtained":["Happy Flower"]}],"is_beta":false,"boss_relics":[{"not_picked":["Snecko Eye","Pandora\u0027s Box"],"picked":"Sozu"}],"items_purged_floors":[5,19],"is_endless":false,"potions_floor_spawned":[7,13,16,18],"killed_by":"Automaton","ascension_level":0}