{"gold_per_floor":[99,24,24,24,24,24,24,24,24,24,24,24,24,24,24,24,24,24,24,24,24,24,24,24,24,24,24,0,0],"floor_reached":29,"playtime":3159,"items_purged":[],"score":401,"play_id":"6dc93aed-22df-4c49-8244-9644e1f84da1","local_time":"20190309125510","is_ascension_mode":true,"campfire_choices":[{"floor":6.0,"key":"REST"},{"floor":8.0,"key":"REST"},{"data":"Self Repair","floor":12,"key":"SMITH"},{"data":"White Noise","floor":15,"key":"SMITH"},{"floor":24,"key":"REST"},{"data":"Zap","floor":27,"key":"SMITH"}],"neow_cost":"NONE","seed_source_timestamp":197930127932078,"circlet_count":0,"master_deck":["AscendersBane","Strike_B","Strike_B","Strike_B","Defend_B","Defend_B","Defend_B","Defend_B","Zap+1","Dualcast","Self Repair+1","Gash","Regret","Reinforced Body","Coolheaded","Hello World","White Noise+1","Hello World","Cold Snap","Self Repair"],"special_seed":0,"relics":["Ectoplasm","Omamori","Regal Pillow","Blue Candle","Vajra","Bag of Preparation","Inserter","Enchiridion","Darkstone Periapt","Molten Egg 2"],"potions_floor_usage":[14,14,20,29],"damage_taken":[{"damage":0.0,"enemies":"Cultist","floor":1.0,"turns":4.0},{"damage":11.0,"enemies":"Small Slimes","floor":3.0,"turns":5.0},{"damage":57.0,"enemies":"Lagavulin","floor":7.0,"turns":9.0},{"damage":7.0,"enemies":"2 Louse","floor":10.0,"turns":3.0},{"damage":1,"enemies":"2 Fungi Beasts","floor":13,"turns":4},{"damage":16,"enemies":"3 Sentries","floor":14,"turns":11},{"damage":46,"enemies":"Hexaghost","floor":16,"turns":10},{"damage":12,"enemies":"Chosen","floor":18,"turns":8},{"damage":23,"enemies":"Shell Parasite","floor":19,"turns":8},{"damage":8,"enemies":"Centurion and Healer","floor":20,"turns":9},{"damage":62,"enemies":"Slavers","floor":29,"turns":4}],"seed_played":"-1064489494031640800","potions_obtained":[{"floor":1.0,"key":"Dexterity Potion"},{"floor":7.0,"key":"Dexterity Potion"},{"floor":14,"key":"Fire Potion"},{"floor":20,"key":"PowerPotion"}],"is_trial":false,"path_per_floor":["M","?","M","?","?","R","E","R","T","M","?","R","M","E","R","B",null,"M","M","M","?","?","?","R","T","T","R","?","E"],"character_chosen":"DEFECT","items_purchased":[],"campfire_rested":3,"item_purchase_floors":[],"current_hp_per_floor":[64,64,60,60,42,71,21,57,57,57,57,57,66,60,60,24,59,57,44,46,46,25,25,61,61,61,61,61,0],"gold":0,"neow_bonus":"BOSS_RELIC","is_prod":false,"is_daily":false,"chose_seed":false,"campfire_upgraded":3,"win_rate":0,"timestamp":1552157710,"path_taken":["M","?","M","?","?","R","E","R","T","M","?","R","M","E","R","BOSS","M","M","M","?","?","?","R","?","T","R","?","E"],"build_version":"2019-01-23","purchased_purges":0,"victory":false,"max_hp_per_floor":[71,71,71,71,71,71,71,71,71,71,71,71,71,71,71,71,71,71,71,71,71,71,71,71,71,71,71,71,71],"card_choices":[{"not_picked":["FTL","Gash"],"picked":"Self Repair","floor":1.0},{"not_picked":["Sweeping Beam","Barrage"],"picked":"Gash","floor":3.0},{"not_picked":["Beam Cell","Force Field"],"picked":"Reinforced Body","floor":7.0},{"not_picked":["Core Surge","Fusion"],"picked":"Coolheaded","floor":10.0},{"not_picked":["Go for the Eyes","Sunder"],"picked":"Hello World","floor":13},{"not_picked":["Barrage","Fission"],"picked":"White Noise","floor":14},{"not_picked":["Rebound","Static Discharge"],"picked":"Hello World","floor":18},{"not_picked":["Tempest","Recycle"],"picked":"Cold Snap","floor":19},{"not_picked":["Barrage","Cold Snap+1"],"picked":"Self Repair","floor":20}],"player_experience":660791,"relics_obtained":[{"floor":7.0,"key":"Blue Candle"},{"floor":9.0,"key":"Vajra"},{"floor":14,"key":"Bag of Preparation"},{"floor":22,"key":"Enchiridion"},{"floor":25,"key":"Darkstone Periapt"},{"floor":26,"key":"Molten Egg 2"}],"event_choices":[{"cards_removed":["Strike_B"],"damage_healed":0.0,"max_hp_gain":0.0,"max_hp_loss":0.0,"gold_gain":0.0,"event_name":"The Cleric","player_choice":"Card Removal","floor":2.0,"gold_loss":75.0,"damage_taken":0.0},{"damage_healed":0.0,"max_hp_gain":0.0,"max_hp_loss":0.0,"gold_gain":0.0,"event_name":"Big Fish","player_choice":"Box","floor":4.0,"gold_loss":0.0,"damage_taken":0.0,"relics_obtained":["Omamori"],"cards_obtained":["Regret"]},{"damage_healed":0.0,"max_hp_gain":0.0,"max_hp_loss":0.0,"gold_gain":0.0,"event_name":"Scrap Ooze","player_choice":"Success","floor":5.0,"gold_loss":0.0,"damage_taken":18.0,"relics_obtained":["Regal Pillow"]},{"damage_healed":0,"gold_gain":0,"player_choice":"Searched \u00271\u0027 times","damage_taken":0,"max_hp_gain":0,"max_hp_loss":0,"event_name":"Dead Adventurer","floor":11,"gold_loss":0},{"damage_healed":0,"gold_gain":0,"player_choice":"Ignored","damage_taken":0,"max_hp_gain":0,"max_hp_loss":0,"event_name":"Beggar","floor":21,"gold_loss":0},{"damage_healed":0,"gold_gain":0,"player_choice":"Obtained Book","damage_taken":21,"max_hp_gain":0,"max_hp_loss":0,"event_name":"Cursed Tome","floor":22,"gold_loss":0},{"damage_healed":0,"gold_gain":0,"player_choice":"Smashed Altar","damage_taken":0,"max_hp_gain":0,"max_hp_loss":0,"event_name":"Forgotten Altar","floor":23,"gold_loss":0,"cards_obtained":["Decay"]},{"damage_healed":0,"gold_gain":0,"player_choice":"Paid Fearfully","damage_taken":0,"max_hp_gain":0,"max_hp_loss":0,"event_name":"Masked Bandits","floor":28,"gold_loss":24}],"is_beta":false,"boss_relics":[{"not_picked":["Runic Dome","Black Star"],"picked":"Inserter"}],"items_purged_floors":[],"is_endless":false,"potions_floor_spawned":[1,7,14,20],"killed_by":"Slavers","ascension_level":15}