{"gold_per_floor":[114,114,114,114,189,224,234,265,289,47,47,75,87,139,139,239,289,303,321,49,65,65],"floor_reached":22,"playtime":1296,"items_purged":[],"score":261,"play_id":"e1db743c-7ca5-4036-a003-a0af96efa0c8","local_time":"20190208003805","is_ascension_mode":true,"campfire_choices":[{"data":"Reckless Charge","floor":11.0,"key":"SMITH"},{"floor":15.0,"key":"REST"}],"neow_cost":"NONE","seed_source_timestamp":210171756502564,"circlet_count":0,"master_deck":["Strike_R","Strike_R","Strike_R","Strike_R","Strike_R","Defend_R","Defend_R","Defend_R","Defend_R","Bash","Flex","Evolve+1","Thunderclap","Reckless Charge+1","Evolve","Iron Wave","Wild Strike","Limit Break","Flex","Wild Strike","Corruption","Shrug It Off+1"],"special_seed":0,"relics":["Burning Blood","NeowsBlessing","Lantern","Smiling Mask","Membership Card","StoneCalendar","Bag of Preparation","Tiny House","Dead Branch","Bronze Scales"],"potions_floor_usage":[22],"damage_taken":[{"damage":0.0,"enemies":"2 Louse","floor":1.0,"turns":1.0},{"damage":0.0,"enemies":"Lagavulin","floor":6.0,"turns":1.0},{"damage":0.0,"enemies":"Jaw Worm","floor":7.0,"turns":1.0},{"damage":25.0,"enemies":"3 Sentries","floor":8.0,"turns":6.0},{"damage":41.0,"enemies":"Lagavulin","floor":12.0,"turns":6.0},{"damage":0.0,"enemies":"Small Slimes","floor":13.0,"turns":2.0},{"damage":40.0,"enemies":"Hexaghost","floor":16.0,"turns":9.0},{"damage":28.0,"enemies":"3 Byrds","floor":18.0,"turns":7.0},{"damage":24.0,"enemies":"2 Thieves","floor":19.0,"turns":4.0},{"damage":25.0,"enemies":"Shelled Parasite and Fungi","floor":21.0,"turns":4.0},{"damage":20,"enemies":"Centurion and Healer","floor":22,"turns":4}],"seed_played":"-8473622770761767722","potions_obtained":[{"floor":1.0,"key":"Energy Potion"},{"floor":7.0,"key":"SteroidPotion"},{"floor":12.0,"key":"Dexterity Potion"},{"floor":17.0,"key":"SpeedPotion"},{"floor":18.0,"key":"GamblersBrew"},{"floor":21.0,"key":"Swift Potion"}],"is_trial":false,"path_per_floor":["M","?","?","$","?","E","M","E","T","$","R","E","M","T","R","B",null,"M","M","$","M","M"],"character_chosen":"IRONCLAD","items_purchased":["Evolve","Membership Card","Corruption","Dead Branch","Bronze Scales"],"campfire_rested":1,"item_purchase_floors":[10,10,20,20,20],"current_hp_per_floor":[80,80,80,80,69,75,80,61,61,61,61,26,32,32,56,22,85,63,45,45,26,6],"gold":65,"neow_bonus":"THREE_ENEMY_KILL","is_prod":false,"is_daily":false,"chose_seed":false,"campfire_upgraded":1,"win_rate":0,"timestamp":1549607885,"path_taken":["M","?","?","?","?","E","M","E","T","$","R","E","M","?","R","BOSS","M","M","$","M","M"],"build_version":"2019-01-23","purchased_purges":0,"victory":false,"max_hp_per_floor":[80,80,80,80,80,80,80,80,80,80,80,80,80,80,80,80,85,85,85,85,85,85],"card_choices":[{"not_picked":["Uppercut","Feel No Pain"],"picked":"Flex","floor":1.0},{"not_picked":["Blood for Blood","Armaments"],"picked":"Evolve","floor":6.0},{"not_picked":["Intimidate","Sword Boomerang"],"picked":"Thunderclap","floor":7.0},{"not_picked":["Uppercut","Infernal Blade"],"picked":"Reckless Charge","floor":8.0},{"not_picked":["True Grit","Clothesline"],"picked":"Iron Wave","floor":12.0},{"not_picked":["Cleave","Shockwave"],"picked":"Wild Strike","floor":13.0},{"not_picked":["Dark Embrace","Barricade"],"picked":"Limit Break","floor":16.0},{"not_picked":["True Grit","Perfected Strike"],"picked":"Flex","floor":18.0},{"not_picked":["Hemokinesis+1","Blood for Blood"],"picked":"Wild Strike","floor":19.0},{"not_picked":["Twin Strike","Burning Pact"],"picked":"Shrug It Off+1","floor":21.0}],"player_experience":463878,"relics_obtained":[{"floor":6.0,"key":"Lantern"},{"floor":8.0,"key":"Smiling Mask"},{"floor":12.0,"key":"StoneCalendar"},{"floor":14.0,"key":"Bag of Preparation"}],"event_choices":[{"damage_healed":0.0,"max_hp_gain":0.0,"max_hp_loss":0.0,"gold_gain":0.0,"event_name":"Golden Wing","player_choice":"Ignored","floor":2.0,"gold_loss":0.0,"damage_taken":0.0},{"damage_healed":0.0,"max_hp_gain":0.0,"max_hp_loss":0.0,"gold_gain":0.0,"event_name":"Shining Light","player_choice":"Ignored","floor":3.0,"gold_loss":0.0,"damage_taken":0.0},{"damage_healed":0.0,"max_hp_gain":0.0,"max_hp_loss":0.0,"gold_gain":75.0,"event_name":"World of Goop","player_choice":"Gather Gold","floor":5.0,"gold_loss":0.0,"damage_taken":11.0}],"is_beta":false,"boss_relics":[{"not_picked":["Sozu","Eternal Feather"],"picked":"Tiny House"}],"items_purged_floors":[],"is_endless":false,"potions_floor_spawned":[1,7,12,18,21],"killed_by":"Centurion and Healer","ascension_level":3}