{"gold_per_floor":[110,128,139,155,173,173,123,140,224,299,43,59,22,36,36,140,140,150,6,22,22,35,35,135,135,135,135,155,165,65,85,85,85],"floor_reached":33,"playtime":1981,"items_purged":["Defend_G","Defend_G"],"score":306,"play_id":"301d9adf-ba7e-4546-b05c-1ec30f9a5008","local_time":"20190322230838","is_ascension_mode":true,"campfire_choices":[{"floor":6.0,"key":"REST"},{"floor":15.0,"key":"REST"},{"floor":23,"key":"REST"},{"floor":25,"key":"REST"},{"data":"Noxious Fumes","floor":27,"key":"SMITH"},{"floor":32,"key":"REST"}],"neow_cost":"NONE","seed_source_timestamp":0,"circlet_count":0,"master_deck":["Defend_G","Defend_G","Strike_G","Strike_G","Strike_G","Survivor","Neutralize","Footwork","Finisher","Backflip","Noxious Fumes+1","Prepared","Dodge and Roll","Poisoned Stab","Envenom","Dash","Blur","Burst","Blur+1","Quick Slash+1","Well Laid Plans","Riddle With Holes","Skewer","Acrobatics+1","Riddle With Holes+1"],"special_seed":0,"relics":["White Beast Statue","Tiny Chest","Happy Flower","Empty Cage","Bronze Scales","Prayer Wheel"],"potions_floor_usage":[21,31,31,33],"damage_taken":[{"damage":12.0,"enemies":"Jaw Worm","floor":1.0,"turns":6.0},{"damage":6.0,"enemies":"2 Louse","floor":2.0,"turns":4.0},{"damage":4.0,"enemies":"Cultist","floor":3.0,"turns":5.0},{"damage":7.0,"enemies":"2 Fungi Beasts","floor":4.0,"turns":6.0},{"damage":20.0,"enemies":"Gremlin Gang","floor":5.0,"turns":5.0},{"damage":9.0,"enemies":"3 Louse","floor":8.0,"turns":5.0},{"damage":0.0,"enemies":"Large Slime","floor":12.0,"turns":5.0},{"damage":0.0,"enemies":"2 Fungi Beasts","floor":14.0,"turns":4.0},{"damage":32.0,"enemies":"Slime Boss","floor":16.0,"turns":7.0},{"damage":28.0,"enemies":"3 Byrds","floor":18.0,"turns":8.0},{"damage":0.0,"enemies":"Shell Parasite","floor":20.0,"turns":9.0},{"damage":0,"enemies":"Sentry and Sphere","floor":21,"turns":1},{"damage":15,"enemies":"Snecko","floor":22,"turns":8},{"damage":15,"enemies":"Snake Plant","floor":28,"turns":5},{"damage":5,"enemies":"Chosen and Byrds","floor":29,"turns":6},{"damage":27,"enemies":"Sentry and Sphere","floor":31,"turns":8},{"damage":24,"enemies":"Collector","floor":33,"turns":6}],"seed_played":"7491300820907819873","potions_obtained":[{"floor":1.0,"key":"Swift Potion"},{"floor":2.0,"key":"Dexterity Potion"},{"floor":3.0,"key":"SmokeBomb"},{"floor":4.0,"key":"Explosive Potion"},{"floor":5.0,"key":"FearPotion"},{"floor":12.0,"key":"Poison Potion"},{"floor":14.0,"key":"Energy Potion"},{"floor":16.0,"key":"AttackPotion"},{"floor":18.0,"key":"SpeedPotion"},{"floor":20.0,"key":"SpeedPotion"},{"floor":22,"key":"AttackPotion"},{"floor":28,"key":"SteroidPotion"},{"floor":29,"key":"Block Potion"},{"floor":31,"key":"SteroidPotion"}],"is_trial":false,"path_per_floor":["M","M","M","M","M","R","?","M","T","?","$","M","$","M","R","B",null,"M","$","M","M","M","R","?","R","T","R","M","M","$","M","R","B"],"character_chosen":"THE_SILENT","items_purchased":["Happy Flower","Poisoned Stab","Dash","Bronze Scales"],"campfire_rested":5,"item_purchase_floors":[11,11,13,19],"current_hp_per_floor":[58,52,48,41,21,42,42,33,33,22,22,22,22,22,43,11,55,27,27,27,27,12,33,33,54,54,54,39,34,34,7,28,4],"gold":85,"neow_bonus":"BOSS_RELIC","is_prod":false,"is_daily":false,"chose_seed":false,"campfire_upgraded":1,"win_rate":0,"timestamp":1553317718,"path_taken":["M","M","M","M","M","R","?","M","T","?","$","M","?","M","R","BOSS","M","$","?","M","M","R","?","R","T","R","M","M","$","?","R","BOSS"],"build_version":"2019-01-23","purchased_purges":2,"victory":false,"max_hp_per_floor":[70,70,70,70,70,70,70,70,70,70,70,70,70,70,70,70,70,70,70,70,70,70,70,70,70,70,70,70,70,70,70,70,70],"card_choices":[{"not_picked":["Setup","Accuracy"],"picked":"Footwork","floor":1.0},{"not_picked":["Well Laid Plans","Caltrops"],"picked":"Finisher","floor":2.0},{"not_picked":["Dodge and Roll","Outmaneuver"],"picked":"Backflip","floor":3.0},{"not_picked":["Prepared","Sucker Punch"],"picked":"Noxious Fumes","floor":4.0},{"not_picked":["Blade Dance","Choke"],"picked":"Prepared","floor":5.0},{"not_picked":["Sucker Punch","Predator"],"picked":"Dodge and Roll","floor":8.0},{"not_picked":["Dagger Spray","Caltrops"],"picked":"Envenom","floor":12.0},{"not_picked":["Underhanded Strike","Sucker Punch"],"picked":"Blur","floor":14.0},{"not_picked":["Tools of the Trade","A Thousand Cuts"],"picked":"Burst","floor":16.0},{"not_picked":["Deflect","Blade Dance"],"picked":"Blur+1","floor":18.0},{"not_picked":["Outmaneuver","Reflex"],"picked":"Quick Slash+1","floor":20.0},{"not_picked":["Eviscerate","Tactician"],"picked":"Well Laid Plans","floor":22},{"not_picked":["Backflip","Infinite Blades"],"picked":"Riddle With Holes","floor":28},{"not_picked":["Dodge and Roll","Flying Knee+1","Outmaneuver"],"picked":"SKIP","floor":28},{"not_picked":["Acrobatics","Crippling Poison"],"picked":"Skewer","floor":29},{"not_picked":["Choke","Venomology"],"picked":"Acrobatics+1","floor":29},{"not_picked":["Masterful Stab","Blade Dance"],"picked":"Riddle With Holes+1","floor":31},{"not_picked":["Choke","Poisoned Stab","Bane"],"picked":"SKIP","floor":31}],"player_experience":130771,"relics_obtained":[{"floor":9.0,"key":"Tiny Chest"},{"floor":26,"key":"Prayer Wheel"}],"event_choices":[{"cards_removed":["Defend_G"],"damage_healed":0.0,"max_hp_gain":0.0,"max_hp_loss":0.0,"gold_gain":0.0,"event_name":"The Cleric","player_choice":"Card Removal","floor":7.0,"gold_loss":50.0,"damage_taken":0.0},{"damage_healed":0.0,"max_hp_gain":0.0,"max_hp_loss":0.0,"gold_gain":75.0,"event_name":"World of Goop","player_choice":"Gather Gold","floor":10.0,"gold_loss":0.0,"damage_taken":11.0},{"damage_healed":0,"gold_gain":100,"player_choice":"Pray","damage_taken":0,"max_hp_gain":0,"max_hp_loss":0,"event_name":"Golden Shrine","floor":24,"gold_loss":0}],"is_beta":false,"boss_relics":[{"not_picked":["Cursed Key","Philosopher\u0027s Stone"],"picked":"Empty Cage"}],"items_purged_floors":[11,30],"is_endless":false,"potions_floor_spawned":[1,2,3,4,5,8,12,14,16,18,20,21,22,28,29,31],"killed_by":"Collector","ascension_level":5}