{"gold_per_floor":[113,288,288,302,302,302,302,323,347,365,365,365,108,134,134,257,257,277,293,218,218,65,65,98,98,146,180,194,194],"floor_reached":29,"playtime":3959,"items_purged":["Regret"],"score":249,"play_id":"98abd496-1e30-4854-8415-a60d50e929bf","local_time":"20190129180632","is_ascension_mode":false,"campfire_choices":[{"data":"Rampage","floor":6,"key":"SMITH"},{"data":"Burning Pact","floor":12,"key":"SMITH"},{"data":"Headbutt","floor":15,"key":"SMITH"},{"floor":23,"key":"REST"},{"floor":25,"key":"REST"}],"neow_cost":"TEN_PERCENT_HP_LOSS","seed_source_timestamp":10138725982689,"circlet_count":0,"master_deck":["Strike_R","Strike_R","Strike_R","Strike_R","Defend_R","Defend_R","Defend_R","Defend_R","Bash","Rampage+1","Headbutt+1","Burning Pact+1","Master of Strategy","Berserk","Dual Wield+1","Pommel Strike","Pommel Strike","Pommel Strike","Metallicize"],"relics":["Burning Blood","StoneCalendar","Golden Idol","Lantern","Mango","Regal Pillow","Velvet Choker","Orichalcum","Bag of Marbles","Dream Catcher","Oddly Smooth Stone"],"potions_floor_usage":[16,16,28],"damage_taken":[{"damage":0,"enemies":"Small Slimes","floor":1,"turns":3},{"damage":10,"enemies":"Jaw Worm","floor":4,"turns":4},{"damage":1,"enemies":"Cultist","floor":8,"turns":3},{"damage":9,"enemies":"3 Louse","floor":10,"turns":3},{"damage":35,"enemies":"Slime Boss","floor":16,"turns":7},{"damage":31,"enemies":"Shell Parasite","floor":18,"turns":5},{"damage":25,"enemies":"2 Thieves","floor":19,"turns":3},{"damage":70,"enemies":"Slavers","floor":24,"turns":5},{"damage":33,"enemies":"Book of Stabbing","floor":27,"turns":4},{"damage":30,"enemies":"Centurion and Healer","floor":28,"turns":4},{"damage":12,"enemies":"Sentry and Sphere","floor":29,"turns":3}],"seed_played":"-1462006871482030067","potions_obtained":[{"floor":1,"key":"AttackPotion"},{"floor":8,"key":"Regen Potion"},{"floor":16,"key":"FearPotion"},{"floor":24,"key":"Fire Potion"}],"is_trial":false,"path_per_floor":["M","?","?","M","?","R","?","M","T","M","?","R","$","T","R","B",null,"M","M","?","?","$","R","E","R","T","E","M","M"],"character_chosen":"IRONCLAD","items_purchased":["Master of Strategy","Orichalcum"],"campfire_rested":2,"item_purchase_floors":[13,22],"current_hp_per_floor":[72,72,72,68,50,50,50,55,55,52,66,66,66,66,66,49,86,61,42,42,42,42,82,18,58,58,31,7,0],"gold":194,"neow_bonus":"ONE_RARE_RELIC","is_prod":false,"is_daily":false,"chose_seed":false,"campfire_upgraded":3,"win_rate":0,"timestamp":1548806792,"path_taken":["M","?","?","?","?","R","?","M","T","?","?","R","$","?","R","BOSS","M","M","?","?","$","R","E","R","T","E","M","M"],"build_version":"2019-01-23","purchased_purges":1,"victory":false,"max_hp_per_floor":[72,72,72,72,72,72,72,72,72,72,86,86,86,86,86,86,86,86,86,86,86,86,86,86,86,86,86,86,86],"card_choices":[{"not_picked":["Hemokinesis","Intimidate"],"picked":"Rampage","floor":1},{"not_picked":["Warcry","Cleave"],"picked":"Headbutt","floor":4},{"not_picked":["Second Wind","Rupture","Cleave"],"picked":"SKIP","floor":8},{"not_picked":["Dropkick","Heavy Blade"],"picked":"Burning Pact","floor":10},{"not_picked":["Feed","Limit Break"],"picked":"Berserk","floor":16},{"not_picked":["Sever Soul","Power Through"],"picked":"Dual Wield+1","floor":18},{"not_picked":["Whirlwind","Searing Blow+1"],"picked":"Pommel Strike","floor":19},{"not_picked":["Clash","Sword Boomerang","Entrench"],"picked":"SKIP","floor":24},{"not_picked":["Sword Boomerang","Entrench"],"picked":"Pommel Strike","floor":27},{"not_picked":["Iron Wave+1","Dark Embrace"],"picked":"Metallicize","floor":28}],"player_experience":376997,"relics_obtained":[{"floor":9,"key":"Lantern"},{"floor":14,"key":"Regal Pillow"},{"floor":24,"key":"Bag of Marbles"},{"floor":26,"key":"Dream Catcher"},{"floor":27,"key":"Oddly Smooth Stone"}],"event_choices":[{"damage_healed":0,"gold_gain":175,"player_choice":"AGREE","damage_taken":0,"max_hp_gain":0,"max_hp_loss":0,"event_name":"Liars Game","floor":2,"gold_loss":0,"cards_obtained":["Doubt"]},{"cards_removed":["Doubt"],"damage_healed":0,"gold_gain":0,"player_choice":"Removed Curses","damage_taken":0,"max_hp_gain":0,"max_hp_loss":0,"event_name":"Fountain of Cleansing","floor":3,"gold_loss":0},{"damage_healed":0,"gold_gain":0,"player_choice":"Take Damage","damage_taken":18,"relics_obtained":["Golden Idol"],"max_hp_gain":0,"max_hp_loss":0,"event_name":"Golden Idol","floor":5,"gold_loss":0},{"damage_healed":0,"gold_gain":0,"player_choice":"Ignored","damage_taken":0,"max_hp_gain":0,"max_hp_loss":0,"event_name":"Shining Light","floor":7,"gold_loss":0},{"damage_healed":0,"gold_gain":0,"player_choice":"Box","damage_taken":0,"relics_obtained":["Mango"],"max_hp_gain":0,"max_hp_loss":0,"event_name":"Big Fish","floor":11,"gold_loss":0,"cards_obtained":["Regret"]},{"cards_removed":["Strike_R"],"damage_healed":0,"gold_gain":0,"player_choice":"Gave Gold","damage_taken":0,"max_hp_gain":0,"max_hp_loss":0,"event_name":"Beggar","floor":20,"gold_loss":75},{"damage_healed":0,"gold_gain":0,"player_choice":"Read","damage_taken":0,"max_hp_gain":0,"max_hp_loss":0,"event_name":"The Library","floor":21,"gold_loss":0,"cards_obtained":["Pommel Strike"]}],"is_beta":false,"boss_relics":[{"not_picked":["Mark of Pain","Runic Cube"],"picked":"Velvet Choker"}],"items_purged_floors":[13],"is_endless":false,"potions_floor_spawned":[1,8,16,24],"killed_by":"Sentry and Sphere","ascension_level":0}