{"gold_per_floor":[116,116,13,13,32,75,0,41,41,60,129,129,129,148,148,237,237,250,274,25,25,25,25,50,50,50,50,89,89,132,150,150,239,239,259,259,259,275,7,46,46,70,70,14,32,32,47,81,93,105],"floor_reached":51,"playtime":12709,"items_purged":[],"score":1412,"play_id":"8ad46c14-022d-46a7-a925-3b4064a01bb8","local_time":"20190321114743","is_ascension_mode":true,"campfire_choices":[{"floor":12.0,"key":"REST"},{"floor":15.0,"key":"REST"},{"data":"Biased Cognition","floor":23.0,"key":"SMITH"},{"floor":25.0,"key":"REST"},{"floor":29.0,"key":"REST"},{"data":"Bandage Up","floor":32.0,"key":"SMITH"},{"floor":41.0,"key":"REST"},{"data":"Seek","floor":46.0,"key":"SMITH"},{"floor":49,"key":"REST"}],"neow_cost":"NONE","seed_source_timestamp":40065938318779,"circlet_count":0,"master_deck":["AscendersBane","Strike_B+1","Defend_B+1","Defend_B+1","Defend_B+1","Zap","Dualcast","Cold Snap","Bandage Up+1","Melter","Leap","Compile Driver","Defragment+1","Chill","Leap","Echo Form","Redo","Core Surge","Capacitor","Redo","Cold Snap","Meteor Strike","Biased Cognition+1","Steam+1","Chill","Loop","Redo+1","Seek+1","Cold Snap","Turbo","Chill+1","Machine Learning","Stack","Turbo","Capacitor","Chill","Parasite","Echo Form"],"special_seed":0,"relics":["Cracked Core","NeowsBlessing","Golden Idol","Symbiotic Virus","Mummified Hand","Happy Flower","Tiny Chest","Nuclear Battery","Letter Opener","Ginger","Oddly Smooth Stone","Orrery","Bottled Flame","ClockworkSouvenir","War Paint","DataDisk","MawBank"],"potions_floor_usage":[50,50,50],"damage_taken":[{"damage":0.0,"enemies":"2 Louse","floor":1.0,"turns":1.0},{"damage":0.0,"enemies":"Jaw Worm","floor":5.0,"turns":1.0},{"damage":0.0,"enemies":"3 Sentries","floor":6.0,"turns":1.0},{"damage":22.0,"enemies":"Gremlin Nob","floor":8.0,"turns":4.0},{"damage":0.0,"enemies":"Small Slimes","floor":10.0,"turns":3.0},{"damage":8.0,"enemies":"Lagavulin","floor":11.0,"turns":5.0},{"damage":38.0,"enemies":"Gremlin Gang","floor":14.0,"turns":3.0},{"damage":28.0,"enemies":"Slime Boss","floor":16.0,"turns":7.0},{"damage":0.0,"enemies":"Spheric Guardian","floor":18.0,"turns":1.0},{"damage":4.0,"enemies":"2 Thieves","floor":19.0,"turns":5.0},{"damage":31.0,"enemies":"3 Cultists","floor":24.0,"turns":5.0},{"damage":15.0,"enemies":"Gremlin Leader","floor":28.0,"turns":7.0},{"damage":20.0,"enemies":"Book of Stabbing","floor":30.0,"turns":5.0},{"damage":0.0,"enemies":"Chosen and Byrds","floor":31.0,"turns":7.0},{"damage":37.0,"enemies":"Champ","floor":33.0,"turns":17.0},{"damage":0.0,"enemies":"3 Shapes","floor":35.0,"turns":4.0},{"damage":17.0,"enemies":"3 Darklings","floor":38.0,"turns":9.0},{"damage":17.0,"enemies":"Reptomancer","floor":40.0,"turns":9.0},{"damage":7.0,"enemies":"Maw","floor":42.0,"turns":9.0},{"damage":0.0,"enemies":"Sphere and 2 Shapes","floor":45.0,"turns":3.0},{"damage":22.0,"enemies":"Writhing Mass","floor":47.0,"turns":8.0},{"damage":30,"enemies":"Nemesis","floor":48,"turns":16},{"damage":41,"enemies":"Time Eater","floor":50,"turns":17}],"seed_played":"9055543951584198706","potions_obtained":[{"floor":1.0,"key":"FearPotion"},{"floor":5.0,"key":"Poison Potion"},{"floor":6.0,"key":"EssenceOfSteel"},{"floor":14.0,"key":"LiquidBronze"},{"floor":19.0,"key":"Strength Potion"},{"floor":24.0,"key":"FocusPotion"},{"floor":30.0,"key":"Fire Potion"},{"floor":35.0,"key":"Weak Potion"},{"floor":40.0,"key":"LiquidBronze"},{"floor":42.0,"key":"SpeedPotion"},{"floor":48,"key":"EntropicBrew"}],"is_trial":false,"path_per_floor":["M","?","$","?","M","E","?","E","T","M","E","R","?","M","R","B",null,"M","M","$","?","?","R","M","R","T","$","E","R","E","M","R","B",null,"M","?","T","M","$","E","R","M","T","$","M","R","M","E","R","B",null],"character_chosen":"DEFECT","items_purchased":["Bandage Up","Capacitor","Redo","Cold Snap","Fire Potion","ClockworkSouvenir","Fire Potion","AttackPotion"],"campfire_rested":6,"item_purchase_floors":[3,20,20,20,20,39,39,44],"current_hp_per_floor":[64,64,64,57,57,57,57,39,39,43,39,60,60,26,47,23,59,59,59,59,59,59,59,36,57,57,57,46,67,51,55,55,24,59,71,71,71,59,59,48,69,71,71,71,71,71,55,37,58,29],"gold":117,"neow_bonus":"THREE_ENEMY_KILL","is_prod":false,"is_daily":false,"chose_seed":false,"campfire_upgraded":3,"win_rate":0,"timestamp":1553186863,"path_taken":["M","?","$","?","M","E","?","E","T","M","E","R","?","?","R","BOSS","M","M","$","?","?","R","?","R","T","?","E","R","E","M","R","BOSS","M","?","?","?","?","E","R","M","T","$","M","R","M","E","R","BOSS"],"build_version":"2019-01-23","purchased_purges":0,"victory":true,"max_hp_per_floor":[71,71,71,71,71,71,71,71,71,71,71,71,71,71,71,71,71,71,71,71,71,71,71,71,71,71,71,71,71,71,71,71,71,71,71,71,71,71,71,71,71,71,71,71,71,71,71,71,71,71],"card_choices":[{"not_picked":["Go for the Eyes","Turbo"],"picked":"Cold Snap","floor":1.0},{"not_picked":["Turbo","Darkness"],"picked":"Melter","floor":5.0},{"not_picked":["Heatsinks","Compile Driver"],"picked":"Leap","floor":6.0},{"not_picked":["Stack","Heatsinks"],"picked":"Compile Driver","floor":8.0},{"not_picked":["Steam","Leap"],"picked":"Defragment","floor":10.0},{"not_picked":["Conserve Battery","Cold Snap"],"picked":"Chill","floor":11.0},{"not_picked":["Rebound","Go for the Eyes"],"picked":"Leap","floor":14.0},{"not_picked":["Biased Cognition","Machine Learning"],"picked":"Echo Form","floor":16.0},{"not_picked":["Go for the Eyes","Auto Shields"],"picked":"Redo","floor":18.0},{"not_picked":["Go for the Eyes","Stack"],"picked":"Core Surge","floor":19.0},{"not_picked":["Conserve Battery","Storm"],"picked":"Steam+1","floor":24.0},{"not_picked":["Reprogram","Steam"],"picked":"Chill","floor":28.0},{"not_picked":["Static Discharge","Stack"],"picked":"Loop","floor":30.0},{"not_picked":["Chaos","Reinforced Body+1"],"picked":"Redo","floor":31.0},{"not_picked":["Rainbow","Creative AI"],"picked":"Seek","floor":33.0},{"not_picked":["Ball Lightning","Hello World"],"picked":"Cold Snap","floor":34.0},{"not_picked":["Rebound","Ball Lightning+1"],"picked":"Turbo","floor":34.0},{"not_picked":["Skim+1","Stack"],"picked":"Chill","floor":34.0},{"not_picked":["Melter","Compile Driver+1"],"picked":"Machine Learning","floor":34.0},{"not_picked":["Rip and Tear","Sweeping Beam"],"picked":"Stack","floor":34.0},{"not_picked":["Streamline","Cold Snap"],"picked":"Turbo","floor":35.0},{"not_picked":["Genetic Algorithm+1","Aggregate"],"picked":"Capacitor","floor":38.0},{"not_picked":["Ball Lightning","Rebound","Sweeping Beam"],"picked":"SKIP","floor":40.0},{"not_picked":["Steam+1","Rebound+1"],"picked":"Chill","floor":42.0},{"not_picked":["Undo","Tempest","Steam"],"picked":"SKIP","floor":45.0},{"not_picked":["Gash+1","Genetic Algorithm","FTL"],"picked":"SKIP","floor":47.0},{"not_picked":["Barrage","Hello World+1"],"picked":"Echo Form","floor":48}],"player_experience":764924,"relics_obtained":[{"floor":6.0,"key":"Symbiotic Virus"},{"floor":8.0,"key":"Mummified Hand"},{"floor":9.0,"key":"Happy Flower"},{"floor":11.0,"key":"Tiny Chest"},{"floor":26.0,"key":"Letter Opener"},{"floor":28.0,"key":"Ginger"},{"floor":30.0,"key":"Oddly Smooth Stone"},{"floor":37.0,"key":"Bottled Flame"},{"floor":40.0,"key":"War Paint"},{"floor":43.0,"key":"DataDisk"},{"floor":48,"key":"MawBank"}],"event_choices":[{"damage_healed":0.0,"max_hp_gain":0.0,"max_hp_loss":0.0,"gold_gain":0.0,"event_name":"Golden Idol","player_choice":"Take Wound","floor":2.0,"gold_loss":0.0,"damage_taken":0.0,"relics_obtained":["Golden Idol"],"cards_obtained":["Injury"]},{"cards_removed":["Injury"],"damage_healed":0.0,"max_hp_gain":0.0,"max_hp_loss":0.0,"gold_gain":0.0,"event_name":"Golden Wing","player_choice":"Card Removal","floor":4.0,"gold_loss":0.0,"damage_taken":7.0},{"cards_removed":["Strike_B"],"damage_healed":0.0,"max_hp_gain":0.0,"max_hp_loss":0.0,"gold_gain":0.0,"event_name":"The Cleric","player_choice":"Card Removal","floor":7.0,"gold_loss":75.0,"damage_taken":0.0},{"damage_healed":0.0,"max_hp_gain":0.0,"max_hp_loss":0.0,"gold_gain":0.0,"event_name":"Upgrade Shrine","player_choice":"Upgraded","floor":13.0,"gold_loss":0.0,"damage_taken":0.0,"cards_upgraded":["Defragment"]},{"damage_healed":0.0,"max_hp_gain":0.0,"max_hp_loss":0.0,"gold_gain":0.0,"event_name":"Back to Basics","player_choice":"Simplicity","floor":21.0,"gold_loss":0.0,"damage_taken":0.0,"cards_upgraded":["Strike_B","Strike_B","Strike_B","Defend_B","Defend_B","Defend_B","Defend_B"]},{"damage_healed":0.0,"max_hp_gain":0.0,"max_hp_loss":0.0,"gold_gain":0.0,"cards_transformed":["Strike_B","Strike_B"],"event_name":"Drug Dealer","player_choice":"Became Test Subject","floor":22.0,"gold_loss":0.0,"damage_taken":0.0,"cards_obtained":["Meteor Strike","Biased Cognition"]},{"cards_removed":["Defend_B"],"damage_healed":0.0,"max_hp_gain":0.0,"max_hp_loss":0.0,"gold_gain":0.0,"event_name":"Falling","player_choice":"Removed Skill","floor":36.0,"gold_loss":0.0,"damage_taken":0.0}],"is_beta":false,"boss_relics":[{"not_picked":["Pandora\u0027s Box","Lizard Tail"],"picked":"Nuclear Battery"},{"not_picked":["Tiny House","Philosopher\u0027s Stone"],"picked":"Orrery"}],"items_purged_floors":[],"is_endless":false,"potions_floor_spawned":[1,5,6,14,19,24,30,35,40,42,48],"ascension_level":17}