{"path_per_floor":["M","M","$","?","?","E","R","M","T","E","M","E","M","M","R","B",null,"M","?","M","M","M","E","M","R","T","R","M","$","E","M","R","B",null,"M","?","M","$","M","E","$","R","T"],"character_chosen":"THE_SILENT","items_purchased":["Backflip","Apotheosis","Prepared","Flying Knee","Good Instincts","Outmaneuver","Deflect","Ornamental Fan"],"gold_per_floor":[113,131,32,32,32,103,103,124,124,168,193,228,248,272,272,395,395,416,416,432,446,470,505,524,524,524,524,544,241,274,297,297,421,421,441,691,706,441,456,492,2,2,27],"floor_reached":44,"campfire_rested":3,"playtime":5817,"current_hp_per_floor":[69,69,69,52,52,37,37,37,51,49,47,43,43,43,43,25,84,84,84,76,76,73,34,19,19,19,46,31,31,23,10,37,16,91,91,91,66,66,66,17,17,44,44],"items_purged":["Defend_G","Strike_G","Regret","Strike_G"],"gold":27,"play_id":"fb7168a9-19cc-487a-be7e-3401ea61555d","is_prod":false,"is_daily":false,"is_ascension_mode":false,"campfire_upgraded":3,"path_taken":["M","M","$","?","?","E","R","M","T","E","M","E","M","?","R","BOSS","M","?","M","M","M","E","M","R","T","R","M","$","E","?","R","BOSS","M","?","M","$","?","E","$","R","T","M"],"build_version":"2018-02-01-PROD3","purchased_purges":4,"victory":false,"master_deck":["Defend_G","Defend_G","Defend_G","Defend_G","Strike_G","Strike_G","Survivor","Neutralize+1","Finisher","Footwork","Backflip+1","Choke","Flying Knee+1","Backflip","Dagger Spray","Backflip","Blade Dance","Flying Knee","After Image","Slice","Dagger Spray+1","Prepared","Leg Sweep+1","Footwork","Prepared","Bullet Time","Apotheosis","Prepared","Dagger Throw","Die Die Die","Infinite Blades","Well Laid Plans+1","Flying Knee","Good Instincts","Outmaneuver","Blade Dance+1","Outmaneuver","Deflect","Flying Knee+1"],"max_hp_per_floor":[70,70,70,70,70,70,70,70,84,84,84,84,84,84,84,84,84,84,84,84,84,84,91,91,91,91,91,91,91,91,91,91,91,91,91,91,91,91,91,91,91,91,91],"relics":["White Beast Statue","Golden Idol","Tiny Chest","Mango","Toolbox","Bag of Marbles","Runic Pyramid","Du-Vu Doll","Strawberry","Kunai","Bag of Preparation","Sozu","Dream Catcher","Ornamental Fan","Ancient Tea Set"],"card_choices":[{"not_picked":["PiercingWail","Sucker Punch"],"picked":"Finisher"},{"not_picked":["Calculated Gamble","Skewer"],"picked":"Footwork"},{"not_picked":["Corpse Explosion","Riddle With Holes"],"picked":"Choke"},{"not_picked":["Bane","Crippling Poison"],"picked":"Flying Knee"},{"not_picked":["Well Laid Plans","PiercingWail"],"picked":"Backflip"},{"not_picked":["Acrobatics","Dash"],"picked":"Dagger Spray"},{"not_picked":["Deadly Poison","Corpse Explosion"],"picked":"Backflip"},{"not_picked":["Choke","Quick Slash"],"picked":"Blade Dance"},{"not_picked":["Poisoned Stab","Flechettes"],"picked":"Flying Knee"},{"not_picked":["Night Terror","Adrenaline"],"picked":"After Image"},{"not_picked":["Crippling Poison","Dagger Spray"],"picked":"Slice"},{"not_picked":["Quick Slash","Masterful Stab"],"picked":"Dagger Spray"},{"not_picked":["Catalyst","Deadly Poison"],"picked":"Prepared"},{"not_picked":["Acrobatics","Riddle With Holes"],"picked":"Leg Sweep"},{"not_picked":["Deflect","Bane"],"picked":"Footwork"},{"not_picked":["Leg Sweep","Dodge and Roll"],"picked":"Prepared"},{"not_picked":["Dagger Spray","Malaise"],"picked":"Bullet Time"},{"not_picked":["Acrobatics","Poisoned Stab"],"picked":"Dagger Throw"},{"not_picked":["Tools of the Trade","Doppelganger"],"picked":"Die Die Die"},{"not_picked":["Poisoned Stab","Dagger Throw"],"picked":"Infinite Blades"},{"not_picked":["Poisoned Stab","Backflip"],"picked":"Well Laid Plans"},{"not_picked":["All Out Attack","Deflect"],"picked":"Outmaneuver"},{"not_picked":["Poisoned Stab","Unload"],"picked":"Blade Dance"},{"not_picked":["Caltrops","Heel Hook"],"picked":"Flying Knee"}],"player_experience":28237,"potions_floor_usage":[6,10,10,12,13,16,16,20,21,22,23,24,28,28,30,30,31,33],"damage_taken":[{"damage":1,"enemies":"2 Louse","floor":1,"turns":4},{"damage":0,"enemies":"Cultist","floor":2,"turns":4},{"damage":24,"enemies":"Gremlin Nob","floor":6,"turns":5},{"damage":0,"enemies":"Jaw Worm","floor":8,"turns":5},{"damage":2,"enemies":"3 Sentries","floor":10,"turns":12},{"damage":2,"enemies":"Looter","floor":11,"turns":4},{"damage":4,"enemies":"Lagavulin","floor":12,"turns":8},{"damage":0,"enemies":"Exordium Thugs","floor":13,"turns":4},{"damage":0,"enemies":"2 Fungi Beasts","floor":14,"turns":3},{"damage":18,"enemies":"Hexaghost","floor":16,"turns":15},{"damage":0,"enemies":"3 Byrds","floor":18,"turns":4},{"damage":8,"enemies":"Spheric Guardian","floor":20,"turns":7},{"damage":0,"enemies":"Snecko","floor":21,"turns":6},{"damage":3,"enemies":"Snake Plant","floor":22,"turns":6},{"damage":46,"enemies":"Gremlin Leader","floor":23,"turns":9},{"damage":15,"enemies":"Centurion and Healer","floor":24,"turns":9},{"damage":15,"enemies":"Slaver and Parasite","floor":28,"turns":8},{"damage":8,"enemies":"Slavers","floor":30,"turns":4},{"damage":13,"enemies":"Chosen and Byrds","floor":31,"turns":9},{"damage":21,"enemies":"Collector","floor":33,"turns":10},{"damage":0,"enemies":"3 Shapes","floor":35,"turns":6},{"damage":25,"enemies":"3 Darklings","floor":37,"turns":4},{"damage":0,"enemies":"Maw","floor":39,"turns":8},{"damage":49,"enemies":"Nemesis","floor":40,"turns":10}],"event_choices":[{"event_name":"Golden Idol","player_choice":"Take Damage","floor":4,"damage_taken":0},{"event_name":"Bonfire Elementals","player_choice":"BASIC","floor":5,"damage_taken":0},{"event_name":"The Mausoleum","player_choice":"Yes","floor":19,"damage_taken":0},{"event_name":"Golden Shrine","player_choice":"Desecrate","floor":36,"damage_taken":0}],"boss_relics":[{"not_picked":["Astrolabe","Calling Bell"],"picked":"Runic Pyramid"},{"not_picked":["Question Card","Black Star"],"picked":"Sozu"}],"potions_floor_spawned":[1,2,6,8,10,11,12,13,14,16,18,20,21,22,23,24,28,30,31,33,35,37,39,40],"seed_played":"6543884655208836880","killed_by":"4 Shapes","ascension_level":0,"is_trial":false}