{"gold_per_floor":[109,109,124,299,107,107,30,47,116,116,116,143,154,173,173,269,269,282,208,208,110,120,120,132,132,214,9,19,19,30,47,47,142,142,154,154,86,0,0,0,17,17,17,17,29,42,42,42,42,42],"floor_reached":51,"playtime":4612,"items_purged":["Doubt","Tempest"],"score":745,"play_id":"6596fd92-a087-4e04-a8ba-74cba82f8f7b","local_time":"20190315224336","is_ascension_mode":false,"campfire_choices":[{"data":"Defragment","floor":6.0,"key":"SMITH"},{"data":"Defragment","floor":10.0,"key":"SMITH"},{"data":"Gash","floor":15.0,"key":"SMITH"},{"data":"Defragment","floor":23.0,"key":"SMITH"},{"data":"Echo Form","floor":25.0,"key":"SMITH"},{"floor":32.0,"key":"REST"},{"data":"Capacitor","floor":40.0,"key":"SMITH"},{"data":"Defragment","floor":42.0,"key":"SMITH"},{"data":"Beam Cell","floor":44.0,"key":"SMITH"},{"data":"Machine Learning","floor":49.0,"key":"SMITH"}],"neow_cost":"NONE","seed_source_timestamp":96960956888890,"circlet_count":0,"master_deck":["Strike_B","Strike_B","Strike_B","Strike_B","Defend_B","Defend_B","Defend_B","Defend_B","Zap","Streamline","Cold Snap","Defragment+1","Glacier","Defragment+1","Rebound","Rebound","Gash+1","Echo Form+1","Self Repair","Beam Cell+1","Defragment+1","Streamline","Capacitor+1","Glacier","Gash+1","Leap","Undo","Machine Learning+1","Gash+1","Defragment+1","Gash","Parasite"],"special_seed":0,"relics":["Sozu","Bottled Flame","Darkstone Periapt","Philosopher\u0027s Stone","Nloth\u0027s Gift","Runic Pyramid","Red Mask","Ornamental Fan"],"potions_floor_usage":[],"damage_taken":[{"damage":5.0,"enemies":"Small Slimes","floor":1.0,"turns":4.0},{"damage":1.0,"enemies":"Cultist","floor":3.0,"turns":3.0},{"damage":3.0,"enemies":"2 Louse","floor":8.0,"turns":2.0},{"damage":7.0,"enemies":"3 Sentries","floor":12.0,"turns":7.0},{"damage":4.0,"enemies":"Exordium Wildlife","floor":13.0,"turns":5.0},{"damage":5.0,"enemies":"3 Louse","floor":14.0,"turns":3.0},{"damage":0.0,"enemies":"The Guardian","floor":16.0,"turns":15.0},{"damage":0.0,"enemies":"Spheric Guardian","floor":18.0,"turns":3.0},{"damage":24.0,"enemies":"Chosen","floor":22.0,"turns":5.0},{"damage":16.0,"enemies":"Shelled Parasite and Fungi","floor":24.0,"turns":8.0},{"damage":20.0,"enemies":"Snake Plant","floor":28.0,"turns":6.0},{"damage":5.0,"enemies":"Sentry and Sphere","floor":30.0,"turns":9.0},{"damage":0.0,"enemies":"Centurion and Healer","floor":31.0,"turns":8.0},{"damage":0.0,"enemies":"Champ","floor":33.0,"turns":18.0},{"damage":30.0,"enemies":"3 Darklings","floor":35.0,"turns":9.0},{"damage":0.0,"enemies":"Orb Walker","floor":41.0,"turns":4.0},{"damage":40.0,"enemies":"Writhing Mass","floor":45.0,"turns":11.0},{"damage":15.0,"enemies":"Transient","floor":46.0,"turns":5.0},{"damage":54,"enemies":"Time Eater","floor":50,"turns":22}],"seed_played":"-4182619115865402082","potions_obtained":[],"is_trial":false,"path_per_floor":["M","?","M","?","$","R","$","M","T","R","?","E","M","M","R","B",null,"M","$","?","$","M","R","M","R","T","$","M","?","M","M","R","B",null,"M","?","$","?","?","R","M","R","T","R","M","M","?","$","R","B",null],"character_chosen":"DEFECT","items_purchased":["Defragment","Glacier","Defragment","Self Repair","Beam Cell","Defragment","Capacitor","Glacier","Defragment"],"campfire_rested":1,"item_purchase_floors":[5,5,7,19,21,21,27,27,37],"current_hp_per_floor":[70,70,69,69,69,69,69,66,66,66,66,59,55,50,50,50,75,75,75,75,75,58,58,49,49,49,49,36,36,45,59,75,75,75,59,59,59,59,59,59,59,59,59,59,39,31,67,67,67,20],"gold":42,"neow_bonus":"BOSS_RELIC","is_prod":false,"is_daily":false,"chose_seed":false,"campfire_upgraded":9,"win_rate":0,"timestamp":1552715016,"path_taken":["M","?","?","?","$","R","?","M","T","R","?","E","M","M","R","BOSS","M","?","?","$","M","R","M","R","T","$","M","?","?","M","R","BOSS","M","?","$","?","?","R","M","R","T","R","M","?","?","$","R","BOSS"],"build_version":"2019-01-23","purchased_purges":2,"victory":true,"max_hp_per_floor":[75,75,75,75,75,75,75,75,75,75,75,75,75,75,75,75,75,75,75,75,75,75,75,75,75,75,75,75,75,75,75,75,75,75,75,71,71,71,71,71,71,71,71,71,77,77,67,67,67,67],"card_choices":[{"not_picked":["Beam Cell","Self Repair"],"picked":"Streamline","floor":1.0},{"not_picked":["Go for the Eyes","White Noise"],"picked":"Cold Snap","floor":3.0},{"not_picked":["Recycle","Go for the Eyes"],"picked":"Rebound","floor":8.0},{"not_picked":["Hello World","Compile Driver"],"picked":"Rebound","floor":12.0},{"not_picked":["Force Field","Auto Shields"],"picked":"Gash","floor":13.0},{"not_picked":["Compile Driver","Tempest","Steam"],"picked":"SKIP","floor":14.0},{"not_picked":["Creative AI","Machine Learning"],"picked":"Echo Form","floor":16.0},{"not_picked":["Barrage","Melter","Redo+1"],"picked":"SKIP","floor":18.0},{"not_picked":["Coolheaded","Rip and Tear"],"picked":"Streamline","floor":22.0},{"not_picked":["Leap","Ball Lightning","Go for the Eyes"],"picked":"SKIP","floor":24.0},{"not_picked":["Multi-Cast","Turbo+1"],"picked":"Gash+1","floor":28.0},{"not_picked":["Ball Lightning","Barrage"],"picked":"Leap","floor":30.0},{"not_picked":["Leap","Sweeping Beam"],"picked":"Undo","floor":31.0},{"not_picked":["Seek","Multi-Cast"],"picked":"Machine Learning","floor":33.0},{"not_picked":["Coolheaded+1","Double Energy+1"],"picked":"Gash+1","floor":35.0},{"not_picked":["Rip and Tear","Redo+1"],"picked":"Gash","floor":41.0},{"not_picked":["Darkness","Hologram","Sweeping Beam"],"picked":"SKIP","floor":45.0},{"not_picked":["Ball Lightning","Steam","Redo+1"],"picked":"SKIP","floor":46.0}],"player_experience":187903,"relics_obtained":[{"floor":9.0,"key":"Bottled Flame"},{"floor":12.0,"key":"Darkstone Periapt"},{"floor":26.0,"key":"Molten Egg 2"},{"floor":43.0,"key":"Ornamental Fan"}],"event_choices":[{"damage_healed":0.0,"max_hp_gain":0.0,"max_hp_loss":0.0,"gold_gain":0.0,"cards_transformed":["Dualcast"],"event_name":"Transmorgrifier","player_choice":"Transformed","floor":2.0,"gold_loss":0.0,"damage_taken":0.0,"cards_obtained":["Tempest"]},{"damage_healed":0.0,"max_hp_gain":0.0,"max_hp_loss":0.0,"gold_gain":175.0,"event_name":"Liars Game","player_choice":"AGREE","floor":4.0,"gold_loss":0.0,"damage_taken":0.0,"cards_obtained":["Doubt"]},{"damage_healed":0.0,"max_hp_gain":0.0,"max_hp_loss":0.0,"gold_gain":0.0,"event_name":"The Woman in Blue","player_choice":"Bought 0 Potions","floor":11.0,"gold_loss":0.0,"damage_taken":0.0},{"damage_healed":0.0,"max_hp_gain":0.0,"max_hp_loss":0.0,"gold_gain":0.0,"event_name":"Ghosts","player_choice":"Ignored","floor":20.0,"gold_loss":0.0,"damage_taken":0.0},{"damage_healed":0.0,"max_hp_gain":0.0,"max_hp_loss":0.0,"gold_gain":0.0,"event_name":"N\u0027loth","player_choice":"Traded Relic","floor":29.0,"relics_lost":["Molten Egg 2"],"gold_loss":0.0,"damage_taken":0.0,"relics_obtained":["Nloth\u0027s Gift"]},{"damage_healed":0.0,"max_hp_gain":0.0,"max_hp_loss":4.0,"gold_gain":0.0,"event_name":"Winding Halls","player_choice":"Max HP","floor":36.0,"gold_loss":0.0,"damage_taken":0.0},{"damage_healed":0.0,"max_hp_gain":0.0,"max_hp_loss":0.0,"gold_gain":0.0,"event_name":"Tomb of Lord Red Mask","player_choice":"Paid","floor":38.0,"gold_loss":86.0,"damage_taken":0.0,"relics_obtained":["Red Mask"]},{"damage_healed":0.0,"max_hp_gain":0.0,"max_hp_loss":0.0,"gold_gain":0.0,"event_name":"Match and Keep!","player_choice":"0 cards matched","floor":39.0,"gold_loss":0.0,"damage_taken":0.0,"cards_obtained":[]},{"damage_healed":67.0,"max_hp_gain":0.0,"max_hp_loss":10.0,"gold_gain":0.0,"event_name":"The Moai Head","player_choice":"Heal","floor":47.0,"gold_loss":0.0,"damage_taken":0.0}],"is_beta":false,"boss_relics":[{"not_picked":["Snecko Eye","White Beast Statue"],"picked":"Philosopher\u0027s Stone"},{"not_picked":["Eternal Feather","Orrery"],"picked":"Runic Pyramid"}],"items_purged_floors":[5,27],"is_endless":false,"potions_floor_spawned":[3,12,13,24,30,33,45,46],"ascension_level":0}