{"gold_per_floor":[116,116,129,59,75,107,107,133,133,153,328,328,341,306,306,403,403,417,417,417,435,448,448,373,373,423,523,523,537,572,572,572,676,676,693,693,693,136,136,136,147,147,172,183,196,215,215,18,18,18],"floor_reached":51,"playtime":3614,"items_purged":["Defend_R","Defend_R"],"score":748,"play_id":"45b0e667-42c4-4e22-8b70-336d8203abf3","local_time":"20181015014711","is_ascension_mode":false,"campfire_choices":[{"data":"Flex","floor":12,"key":"SMITH"},{"data":"Flex","floor":15,"key":"SMITH"},{"data":"Battle Trance","floor":23,"key":"SMITH"},{"data":"Offering","floor":28,"key":"SMITH"},{"data":"J.A.X.","floor":32,"key":"SMITH"},{"data":"Double Tap","floor":40,"key":"SMITH"},{"data":"Ghostly Armor","floor":42,"key":"SMITH"},{"floor":49,"key":"REST"}],"neow_cost":"NONE","seed_source_timestamp":205634938616640,"circlet_count":0,"master_deck":["Bash+1","Clash","Flex+1","Iron Wave+1","Battle Trance+1","Flex+1","Headbutt+1","Offering+1","Burning Pact+1","Bite+1","Bite+1","Bite+1","Bite+1","Bite+1","Ghostly Armor+1","Pommel Strike+1","Clash+1","J.A.X.+1","Brutality+1","Clash+1","Double Tap+1","Ghostly Armor","Bloodletting+1","Warcry+1","Clash+1","Madness"],"relics":["Burning Blood","NeowsBlessing","Molten Egg 2","Pen Nib","Mercury Hourglass","Self Forming Clay","Philosopher\u0027s Stone","Whetstone","Frozen Egg 2","Charon\u0027s Ashes","Blood Vial","Runic Cube","Sundial","Regal Pillow","Bird Faced Urn"],"potions_floor_usage":[18,21,27,30,30,33,33],"damage_taken":[{"damage":0,"enemies":"Small Slimes","floor":1,"turns":2},{"damage":0,"enemies":"Jaw Worm","floor":3,"turns":1},{"damage":0,"enemies":"Cultist","floor":5,"turns":1},{"damage":21,"enemies":"3 Sentries","floor":6,"turns":7},{"damage":26,"enemies":"Lagavulin","floor":8,"turns":7},{"damage":0,"enemies":"Exordium Thugs","floor":10,"turns":2},{"damage":0,"enemies":"Large Slime","floor":13,"turns":4},{"damage":0,"enemies":"Slime Boss","floor":16,"turns":5},{"damage":23,"enemies":"Shell Parasite","floor":18,"turns":3},{"damage":25,"enemies":"2 Thieves","floor":21,"turns":2},{"damage":27,"enemies":"Snake Plant","floor":22,"turns":2},{"damage":9,"enemies":"Colosseum Slavers","floor":27,"turns":3},{"damage":18,"enemies":"Colosseum Nobs","floor":27,"turns":3},{"damage":20,"enemies":"Centurion and Healer","floor":29,"turns":2},{"damage":8,"enemies":"Book of Stabbing","floor":30,"turns":2},{"damage":43,"enemies":"Champ","floor":33,"turns":4},{"damage":29,"enemies":"3 Shapes","floor":35,"turns":3},{"damage":11,"enemies":"Orb Walker","floor":41,"turns":3},{"damage":37,"enemies":"Maw","floor":44,"turns":3},{"damage":8,"enemies":"4 Shapes","floor":45,"turns":3},{"damage":7,"enemies":"Reptomancer","floor":46,"turns":2},{"damage":36,"enemies":"Mind Bloom Boss Battle","floor":47,"turns":3},{"damage":55,"enemies":"Donu and Deca","floor":50,"turns":5}],"seed_played":"1555220525743908750","potions_obtained":[{"floor":5,"key":"Ancient Potion"},{"floor":6,"key":"Swift Potion"},{"floor":10,"key":"FearPotion"},{"floor":16,"key":"LiquidBronze"},{"floor":18,"key":"Dexterity Potion"},{"floor":22,"key":"LiquidBronze"},{"floor":27,"key":"SpeedPotion"},{"floor":30,"key":"Poison Potion"},{"floor":35,"key":"Regen Potion"},{"floor":41,"key":"SkillPotion"},{"floor":47,"key":"Block Potion"}],"is_trial":false,"path_per_floor":["M","?","M","$","M","E","T","E","T","M","?","R","M","?","R","B",null,"M","?","?","M","M","R","?","?","T","?","R","M","E","?","R","B",null,"M","?","?","$","?","R","M","R","T","M","M","M","?","$","R","B"],"character_chosen":"IRONCLAD","items_purchased":["Inflame","Sundial","Double Tap","Ghostly Armor","Madness"],"campfire_rested":1,"item_purchase_floors":[4,38,38,38,48],"current_hp_per_floor":[80,85,85,85,85,70,70,50,50,56,56,56,62,83,83,85,85,68,59,59,43,34,34,34,34,34,55,55,56,59,59,59,37,59,42,42,42,42,42,42,59,59,59,37,49,59,44,44,59,37],"gold":18,"neow_bonus":"THREE_ENEMY_KILL","is_prod":false,"is_daily":false,"chose_seed":false,"campfire_upgraded":7,"win_rate":0,"timestamp":1539586031,"path_taken":["M","?","M","$","?","E","?","E","T","M","?","R","M","?","R","BOSS","M","?","?","M","?","R","?","?","T","?","R","?","E","?","R","BOSS","M","?","?","$","?","R","?","R","T","M","M","M","?","?","R","BOSS"],"build_version":"2018-10-11","purchased_purges":2,"victory":true,"max_hp_per_floor":[80,85,85,85,85,85,85,85,85,85,85,85,85,85,85,85,85,85,59,59,59,59,59,59,59,59,59,59,59,59,59,59,59,59,59,59,59,59,59,59,59,59,59,59,59,59,59,59,59,59],"card_choices":[{"not_picked":["Spot Weakness","Rage"],"picked":"Clash","floor":1},{"not_picked":["Seeing Red","Sever Soul"],"picked":"Flex","floor":3},{"not_picked":["Heavy Blade","Sword Boomerang"],"picked":"Iron Wave","floor":5},{"not_picked":["Thunderclap","Dark Embrace"],"picked":"Battle Trance","floor":6},{"not_picked":["Twin Strike+1","Body Slam+1"],"picked":"Flex","floor":8},{"not_picked":["Shrug It Off","Shockwave","Rupture"],"picked":"SKIP","floor":10},{"not_picked":["Twin Strike+1","Bloodletting"],"picked":"Headbutt+1","floor":13},{"not_picked":["Limit Break","Brutality"],"picked":"Offering","floor":16},{"not_picked":["Ghostly Armor+1","Armaments"],"picked":"Burning Pact+1","floor":18},{"not_picked":["Heavy Blade+1","Armaments"],"picked":"Ghostly Armor","floor":21},{"not_picked":["Shrug It Off","Intimidate","Fire Breathing"],"picked":"SKIP","floor":22},{"not_picked":["Pummel+1","True Grit"],"picked":"Pommel Strike+1","floor":27},{"not_picked":["Uppercut+1","Combust+1"],"picked":"Clash+1","floor":29},{"not_picked":["Pummel+1","Dropkick+1","Sword Boomerang+1"],"picked":"SKIP","floor":30},{"not_picked":["Exhume","Offering"],"picked":"Brutality+1","floor":33},{"not_picked":["Perfected Strike+1","Heavy Blade+1"],"picked":"Clash+1","floor":35},{"not_picked":["Headbutt+1","Twin Strike+1"],"picked":"Bloodletting+1","floor":41},{"not_picked":["Blood for Blood+1","Fire Breathing+1"],"picked":"Warcry+1","floor":44},{"not_picked":["Blood for Blood+1","Pommel Strike+1"],"picked":"Clash+1","floor":45},{"not_picked":["Ghostly Armor+1","Body Slam+1","Cleave+1"],"picked":"SKIP","floor":46}],"player_experience":61562,"relics_obtained":[{"floor":6,"key":"Molten Egg 2"},{"floor":7,"key":"Pen Nib"},{"floor":8,"key":"Mercury Hourglass"},{"floor":9,"key":"Self Forming Clay"},{"floor":26,"key":"Whetstone"},{"floor":27,"key":"Frozen Egg 2"},{"floor":27,"key":"Charon\u0027s Ashes"},{"floor":30,"key":"Blood Vial"},{"floor":43,"key":"Regal Pillow"},{"floor":47,"key":"Bird Faced Urn"}],"event_choices":[{"event_name":"Big Fish","player_choice":"Donut","floor":2,"damage_taken":0},{"event_name":"Liars Game","player_choice":"agreed","floor":11,"damage_taken":0},{"event_name":"The Cleric","player_choice":"Healed","floor":14,"damage_taken":0},{"event_name":"Vampires","player_choice":"Became a vampire","floor":19,"damage_taken":0},{"event_name":"Purifier","player_choice":"One Purge","floor":20,"damage_taken":0},{"event_name":"Beggar","player_choice":"Gave Gold","floor":24,"damage_taken":0},{"event_name":"Back to Basics","player_choice":"Elegance","floor":25,"damage_taken":0},{"event_name":"Colosseum","player_choice":"Fight","floor":27,"damage_taken":0},{"event_name":"Colosseum","player_choice":"Fought Nobs","floor":27,"damage_taken":0},{"event_name":"Drug Dealer","player_choice":"Got JAX","floor":31,"damage_taken":0},{"event_name":"Falling","player_choice":"Removed Power","floor":36,"damage_taken":0},{"event_name":"Tomb of Lord Red Mask","player_choice":"Ignored","floor":37,"damage_taken":0},{"event_name":"Mysterious Sphere","player_choice":"Ignore","floor":39,"damage_taken":0},{"event_name":"MindBloom","player_choice":"Fight","floor":47,"damage_taken":0}],"is_beta":false,"boss_relics":[{"not_picked":["Cursed Key","Snecko Eye"],"picked":"Philosopher\u0027s Stone"},{"not_picked":["Tiny House","Eternal Feather"],"picked":"Runic Cube"}],"items_purged_floors":[38,48],"is_endless":false,"potions_floor_spawned":[5,6,10,16,18,22,27,27,30,35,41,47],"ascension_level":0}