{"gold_per_floor":[116,126,143,51,64,97,43,76,103,103,135,135,135,310,310,411,411,427,427,442,453,453,453,453,453],"floor_reached":25,"playtime":1143,"items_purged":[],"score":285,"play_id":"e73058da-c4ba-4a71-b4b4-77482311b96c","local_time":"20190220020404","is_ascension_mode":true,"campfire_choices":[{"floor":10.0,"key":"REST"},{"floor":13.0,"key":"REST"},{"floor":15.0,"key":"REST"},{"floor":23,"key":"REST"}],"neow_cost":"NONE","seed_source_timestamp":176896881795688,"circlet_count":0,"master_deck":["Strike_B","Strike_B","Strike_B","Strike_B","Defend_B","Defend_B+1","Defend_B","Defend_B","Zap+1","Dualcast","Streamline","Rebound","Barrage","Streamline","Conserve Battery","Cold Snap","Conserve Battery","Rainbow+1","Hologram","Doubt","Creative AI","Leap+1","Zap","Blizzard","Aggregate+1","Rebound"],"special_seed":0,"relics":["Nuclear Battery","Anchor","PreservedInsect","Bronze Scales","War Paint","Inserter","Vajra"],"potions_floor_usage":[25],"damage_taken":[{"damage":1.0,"enemies":"Cultist","floor":1.0,"turns":4.0},{"damage":6.0,"enemies":"2 Louse","floor":2.0,"turns":3.0},{"damage":7.0,"enemies":"Small Slimes","floor":3.0,"turns":3.0},{"damage":9.0,"enemies":"Red Slaver","floor":5.0,"turns":2.0},{"damage":33.0,"enemies":"Gremlin Nob","floor":6.0,"turns":4.0},{"damage":11.0,"enemies":"3 Sentries","floor":8.0,"turns":8.0},{"damage":11.0,"enemies":"Lagavulin","floor":11.0,"turns":4.0},{"damage":19.0,"enemies":"The Guardian","floor":16.0,"turns":10.0},{"damage":5.0,"enemies":"Shell Parasite","floor":18.0,"turns":4.0},{"damage":22.0,"enemies":"Chosen","floor":20.0,"turns":6.0},{"damage":25.0,"enemies":"Centurion and Healer","floor":21.0,"turns":5.0},{"damage":35,"enemies":"3 Cultists","floor":25,"turns":4}],"seed_played":"6452400232795761619","potions_obtained":[{"floor":2.0,"key":"Regen Potion"},{"floor":6.0,"key":"SkillPotion"},{"floor":8.0,"key":"SteroidPotion"},{"floor":16.0,"key":"LiquidBronze"},{"floor":21,"key":"Explosive Potion"}],"is_trial":false,"path_per_floor":["M","M","M","$","M","E","$","E","T","R","E","?","R","?","R","B",null,"M","?","M","M","?","R","?","M"],"character_chosen":"DEFECT","items_purchased":["Streamline","Conserve Battery","Conserve Battery"],"campfire_rested":4,"item_purchase_floors":[4,4,7],"current_hp_per_floor":[67,61,54,54,45,12,12,16,16,38,27,27,49,49,71,52,69,64,64,42,17,17,39,32,0],"gold":453,"neow_bonus":"BOSS_RELIC","is_prod":false,"is_daily":false,"chose_seed":false,"campfire_upgraded":0,"win_rate":0,"timestamp":1550649844,"path_taken":["M","M","M","$","M","E","$","E","T","R","E","?","R","?","R","BOSS","M","?","M","?","?","R","?","?"],"build_version":"2019-01-23","purchased_purges":0,"victory":false,"max_hp_per_floor":[75,75,75,75,75,75,75,75,75,75,75,75,75,75,75,75,75,75,75,75,75,75,75,75,75],"card_choices":[{"not_picked":["Turbo","Chill"],"picked":"Streamline","floor":1.0},{"not_picked":["Stack","Cold Snap"],"picked":"Rebound","floor":2.0},{"not_picked":["Tempest","Redo"],"picked":"Barrage","floor":3.0},{"not_picked":["Force Field","Blizzard","Reprogram"],"picked":"SKIP","floor":5.0},{"not_picked":["Barrage","Ball Lightning"],"picked":"Cold Snap","floor":6.0},{"not_picked":["Melter","Beam Cell"],"picked":"Rainbow","floor":8.0},{"not_picked":["Static Discharge","Tempest"],"picked":"Hologram","floor":11.0},{"not_picked":["Thunder Strike","Rainbow"],"picked":"Creative AI","floor":16.0},{"not_picked":["Recycle","Ball Lightning"],"picked":"Leap+1","floor":18.0},{"not_picked":["Tempest","Steam"],"picked":"Aggregate+1","floor":20.0},{"not_picked":["Redo","Beam Cell"],"picked":"Rebound","floor":21}],"player_experience":502078,"relics_obtained":[{"floor":6.0,"key":"Anchor"},{"floor":8.0,"key":"PreservedInsect"},{"floor":9.0,"key":"Bronze Scales"},{"floor":11.0,"key":"War Paint"}],"event_choices":[{"damage_healed":0.0,"max_hp_gain":0.0,"max_hp_loss":0.0,"gold_gain":0.0,"event_name":"Living Wall","player_choice":"Grow","floor":12.0,"gold_loss":0.0,"damage_taken":0.0,"cards_upgraded":["Rainbow"]},{"damage_healed":0.0,"max_hp_gain":0.0,"max_hp_loss":0.0,"gold_gain":175.0,"event_name":"Liars Game","player_choice":"AGREE","floor":14.0,"gold_loss":0.0,"damage_taken":0.0,"cards_obtained":["Doubt"]},{"damage_healed":0.0,"max_hp_gain":0.0,"max_hp_loss":0.0,"gold_gain":0.0,"event_name":"Match and Keep!","player_choice":"2 cards matched","floor":19.0,"gold_loss":0.0,"damage_taken":0.0,"cards_obtained":["Zap","Blizzard"]},{"damage_healed":0,"gold_gain":0,"player_choice":"Opened","damage_taken":0,"relics_obtained":["Vajra"],"max_hp_gain":0,"max_hp_loss":0,"event_name":"The Mausoleum","floor":22,"gold_loss":0},{"damage_healed":0,"gold_gain":0,"player_choice":"Damaged","damage_taken":7,"max_hp_gain":0,"max_hp_loss":0,"event_name":"Wheel of Change","floor":24,"gold_loss":0}],"is_beta":false,"boss_relics":[{"not_picked":["Coffee Dripper","Ectoplasm"],"picked":"Inserter"}],"items_purged_floors":[],"is_endless":false,"potions_floor_spawned":[2,6,8,16,21],"killed_by":"3 Cultists","ascension_level":6}