{"path_per_floor":["M","M","?","?","?","R","M","R","T","M","R","T","M","E","R","B",null,"M","?","?","M","$","R","E","M","T","$","?","M","R","M","R","B",null,"M","$","M","?","?","R","?","M","T","M","M","R","M","$","R"],"character_chosen":"IRONCLAD","items_purchased":["Thinking Ahead","Blood Vial","Energy Potion","Block Potion","Block Potion"],"gold_per_floor":[115,127,202,202,202,202,217,217,217,242,242,269,282,326,326,450,450,463,388,388,402,196,196,235,256,282,55,55,71,71,96,96,215,215,230,131,145,145,145,145,0,14,61,76,101,101,115,67,67],"floor_reached":50,"campfire_rested":7,"playtime":4347,"current_hp_per_floor":[80,75,64,64,64,64,64,64,64,49,71,71,67,51,51,23,74,73,73,73,32,32,55,25,30,30,30,30,18,41,30,54,21,80,83,83,72,72,62,83,83,74,74,48,35,60,50,50,75],"items_purged":["Strike_R"],"gold":67,"score":437,"play_id":"b84b2af6-1fa3-4f7e-9561-efe48982796f","is_prod":false,"is_daily":false,"is_ascension_mode":false,"campfire_upgraded":3,"path_taken":["M","M","?","?","?","R","M","R","T","M","R","?","?","E","R","BOSS","M","?","?","?","$","R","E","M","T","?","?","?","R","M","R","BOSS","M","$","M","?","?","R","?","M","T","M","?","R","M","$","R","BOSS"],"build_version":"2018-02-15-PROD1","purchased_purges":1,"victory":false,"master_deck":["Strike_R+1","Defend_R","Defend_R","Defend_R","Bash","Rampage+1","Armaments+1","Headbutt+1","Seeing Red+1","Infernal Blade+1","Whirlwind","Feed","Metallicize+1","Warcry","Thinking Ahead","Metallicize+1","Clash","Feed","Clash+1","Shrug It Off+1","Uppercut+1","Body Slam+1","Metallicize","Madness","Madness+1","Perfected Strike+1","Twin Strike","Combust+1"],"max_hp_per_floor":[80,80,80,80,74,74,74,74,74,74,74,74,74,74,74,74,74,77,77,77,77,77,77,77,77,77,77,77,77,77,80,80,80,80,83,83,83,83,83,83,83,83,83,86,86,86,86,86,86],"relics":["Burning Blood","Golden Idol","Charon\u0027s Ashes","Whetstone","Bronze Scales","Black Star","Paper Frog","Mercury Hourglass","Vajra","Blood Vial","Happy Flower","Astrolabe","Red Mask","War Paint"],"card_choices":[{"not_picked":["Feel No Pain","Headbutt"],"picked":"Armaments"},{"not_picked":["True Grit","Shrug It Off"],"picked":"Headbutt"},{"not_picked":["Juggernaut","Thunderclap"],"picked":"Cleave"},{"not_picked":["Rupture","Cleave"],"picked":"Seeing Red"},{"not_picked":["Thunderclap","True Grit"],"picked":"Infernal Blade"},{"not_picked":["Sword Boomerang","Body Slam"],"picked":"Whirlwind"},{"not_picked":["Dark Embrace","Double Tap"],"picked":"Feed"},{"not_picked":["Battle Trance","Pommel Strike"],"picked":"Metallicize"},{"not_picked":["Rage","Iron Wave"],"picked":"Warcry"},{"not_picked":["Body Slam","Thunderclap"],"picked":"Metallicize"},{"not_picked":["Cleave","Flex"],"picked":"Clash"},{"not_picked":["Power Through","Second Wind"],"picked":"Combust"},{"not_picked":["Impervious","Reaper"],"picked":"Feed"},{"not_picked":["Intimidate","Headbutt"],"picked":"Body Slam"},{"not_picked":["Headbutt","Twin Strike"],"picked":"Metallicize"},{"not_picked":["Twin Strike","Hemokinesis"],"picked":"Perfected Strike"},{"not_picked":["Clothesline","Disarm"],"picked":"Twin Strike"},{"not_picked":["Twin Strike","Power Through"],"picked":"Combust"}],"player_experience":6045,"potions_floor_usage":[16,16,16,24,33,42,50,50],"damage_taken":[{"damage":6,"enemies":"2 Louse","floor":1,"turns":3},{"damage":11,"enemies":"Small Slimes","floor":2,"turns":4},{"damage":6,"enemies":"Cultist","floor":7,"turns":3},{"damage":21,"enemies":"Exordium Wildlife","floor":10,"turns":5},{"damage":10,"enemies":"3 Louse","floor":13,"turns":3},{"damage":26,"enemies":"Lagavulin","floor":14,"turns":5},{"damage":34,"enemies":"Hexaghost","floor":16,"turns":9},{"damage":10,"enemies":"3 Byrds","floor":18,"turns":2},{"damage":47,"enemies":"2 Thieves","floor":21,"turns":4},{"damage":36,"enemies":"Book of Stabbing","floor":24,"turns":4},{"damage":1,"enemies":"Centurion and Healer","floor":25,"turns":5},{"damage":20,"enemies":"Cultist and Chosen","floor":29,"turns":3},{"damage":22,"enemies":"Snecko","floor":31,"turns":6},{"damage":41,"enemies":"Champ","floor":33,"turns":11},{"damage":5,"enemies":"Orb Walker","floor":35,"turns":2},{"damage":17,"enemies":"3 Darklings","floor":37,"turns":5},{"damage":15,"enemies":"Maw","floor":42,"turns":7},{"damage":37,"enemies":"4 Shapes","floor":44,"turns":4},{"damage":21,"enemies":"3 Darklings","floor":45,"turns":5},{"damage":18,"enemies":"Sphere and 2 Shapes","floor":47,"turns":4},{"damage":88,"enemies":"Awakened One","floor":50,"turns":6}],"event_choices":[{"event_name":"World of Goop","player_choice":"Gather Gold","floor":3,"damage_taken":0},{"event_name":"Bonfire Elementals","player_choice":"BASIC","floor":4,"damage_taken":0},{"event_name":"Golden Idol","player_choice":"Lose Max HP","floor":5,"damage_taken":0},{"event_name":"Beggar","player_choice":"Gave Gold","floor":19,"damage_taken":0},{"event_name":"Cursed Tome","player_choice":"Ignored","floor":20,"damage_taken":0},{"event_name":"The Mausoleum","player_choice":"Yes","floor":28,"damage_taken":0},{"event_name":"Accursed Blacksmith","player_choice":"Ignore","floor":38,"damage_taken":0},{"event_name":"Winding Halls","player_choice":"Embrace Madness","floor":39,"damage_taken":0},{"event_name":"Tomb of Lord Red Mask","player_choice":"Paid","floor":41,"damage_taken":0}],"boss_relics":[{"not_picked":["Cursed Key","Velvet Choker"],"picked":"Black Star"},{"not_picked":["Mark of Pain","Runic Cube"],"picked":"Astrolabe"}],"potions_floor_spawned":[1,7,10,21,29,37,44],"seed_played":"5020776748736805944","killed_by":"Awakened One","ascension_level":0,"is_trial":false}