{"gold_per_floor":[115,70,93,108,127,127,227,257,284,284,53,72,83,97,97,198,198,216,216,131,131,143,143,176,176,200,0,11,11,11,36,36,36],"floor_reached":33,"playtime":1881,"items_purged":["Dualcast"],"score":299,"play_id":"d7889167-c763-460c-833d-db94c83a62c9","local_time":"20190325210120","is_ascension_mode":true,"campfire_choices":[{"data":"Zap","floor":6.0,"key":"SMITH"},{"data":"Rebound","floor":10.0,"key":"SMITH"},{"data":"Rebound","floor":15.0,"key":"SMITH"},{"data":"Echo Form","floor":23,"key":"SMITH"},{"floor":29,"key":"REST"},{"floor":32,"key":"REST"}],"neow_cost":"NONE","seed_source_timestamp":957820379975154,"circlet_count":0,"master_deck":["Strike_B","Strike_B","Defend_B","Defend_B","Defend_B","Defend_B","Zap+1","Rebound+1","Cold Snap","Rebound+1","Ball Lightning","Glacier","Hologram","Echo Form+1","FTL+1","Rebound+1","Glacier","Conserve Battery+1","Conserve Battery+1","White Noise","Gash","Capacitor","Fission"],"special_seed":0,"relics":["FrozenCore","NeowsBlessing","Dream Catcher","Emotion Chip","Anchor","Happy Flower","Blood Vial","Potion Belt","Vajra","Bag of Marbles"],"potions_floor_usage":[22,24,25,31,33],"damage_taken":[{"damage":0.0,"enemies":"Cultist","floor":1.0,"turns":1.0},{"damage":0.0,"enemies":"Jaw Worm","floor":4.0,"turns":1.0},{"damage":0.0,"enemies":"2 Louse","floor":5.0,"turns":1.0},{"damage":10.0,"enemies":"Lagavulin","floor":8.0,"turns":5.0},{"damage":0.0,"enemies":"2 Fungi Beasts","floor":12.0,"turns":2.0},{"damage":0.0,"enemies":"Large Slime","floor":13.0,"turns":3.0},{"damage":0.0,"enemies":"3 Louse","floor":14.0,"turns":3.0},{"damage":33.0,"enemies":"The Guardian","floor":16.0,"turns":7.0},{"damage":11.0,"enemies":"Chosen","floor":18.0,"turns":5.0},{"damage":0,"enemies":"Spheric Guardian","floor":22,"turns":5},{"damage":33,"enemies":"Gremlin Leader","floor":24,"turns":6},{"damage":9,"enemies":"Shelled Parasite and Fungi","floor":25,"turns":6},{"damage":15,"enemies":"Cultist and Chosen","floor":28,"turns":8},{"damage":19,"enemies":"Book of Stabbing","floor":31,"turns":9},{"damage":47,"enemies":"Automaton","floor":33,"turns":6}],"seed_played":"-5756701808650986039","potions_obtained":[{"floor":5.0,"key":"PowerPotion"},{"floor":12.0,"key":"SpeedPotion"},{"floor":13.0,"key":"PowerPotion"},{"floor":16.0,"key":"SmokeBomb"},{"floor":22,"key":"Ancient Potion"},{"floor":28,"key":"SteroidPotion"},{"floor":31,"key":"SkillPotion"}],"is_trial":false,"path_per_floor":["M","$","T","M","M","R","?","E","T","R","$","M","M","M","R","B",null,"M","?","?","$","M","R","E","M","T","?","M","R","?","E","R","B"],"character_chosen":"DEFECT","items_purchased":["Cold Snap","Happy Flower"],"campfire_rested":2,"item_purchase_floors":[2,11],"current_hp_per_floor":[75,75,75,75,75,75,75,65,65,65,65,65,65,65,65,32,75,64,64,64,64,66,66,35,28,28,28,15,37,37,20,42,0],"gold":36,"neow_bonus":"THREE_ENEMY_KILL","is_prod":false,"is_daily":false,"chose_seed":false,"campfire_upgraded":4,"win_rate":0,"timestamp":1553572880,"path_taken":["M","$","?","?","M","R","?","E","T","R","$","M","M","?","R","BOSS","M","?","?","$","M","R","E","M","T","?","M","R","?","E","R","BOSS"],"build_version":"2019-01-23","purchased_purges":1,"victory":false,"max_hp_per_floor":[75,75,75,75,75,75,75,75,75,75,75,75,75,75,75,75,75,75,75,75,75,75,75,75,75,75,75,75,75,75,75,75,75],"card_choices":[{"not_picked":["Go for the Eyes","Storm","Rebound"],"picked":"SKIP","floor":1.0},{"not_picked":["Go for the Eyes","Storm"],"picked":"Rebound","floor":1.0},{"not_picked":["Go for the Eyes","Rip and Tear","Force Field"],"picked":"SKIP","floor":4.0},{"not_picked":["Heatsinks","Sweeping Beam"],"picked":"Rebound","floor":5.0},{"not_picked":["Darkness","Turbo"],"picked":"Ball Lightning","floor":8.0},{"not_picked":["Undo","Scrape"],"picked":"Glacier","floor":12.0},{"not_picked":["Sweeping Beam","Barrage","Compile Driver"],"picked":"SKIP","floor":13.0},{"not_picked":["Turbo","Compile Driver"],"picked":"Hologram","floor":14.0},{"not_picked":["Buffer","Hyperbeam"],"picked":"Echo Form","floor":16.0},{"not_picked":["Stack","Chaos"],"picked":"FTL+1","floor":18.0},{"not_picked":["White Noise","Coolheaded"],"picked":"Rebound+1","floor":22},{"not_picked":["Ball Lightning+1","Double Energy"],"picked":"Glacier","floor":24},{"not_picked":["Rip and Tear","Barrage+1"],"picked":"Conserve Battery+1","floor":28},{"not_picked":["Recycle","Auto Shields"],"picked":"Conserve Battery+1","floor":29},{"not_picked":["Hologram","Ball Lightning"],"picked":"Capacitor","floor":31},{"not_picked":["Skim+1","Go for the Eyes"],"picked":"Fission","floor":32}],"player_experience":232621,"relics_obtained":[{"floor":3.0,"key":"Dream Catcher"},{"floor":8.0,"key":"Emotion Chip"},{"floor":9.0,"key":"Anchor"},{"floor":24,"key":"Potion Belt"},{"floor":26,"key":"Vajra"},{"floor":31,"key":"Bag of Marbles"}],"event_choices":[{"damage_healed":0.0,"max_hp_gain":0.0,"max_hp_loss":0.0,"gold_gain":100.0,"event_name":"Golden Shrine","player_choice":"Pray","floor":7.0,"gold_loss":0.0,"damage_taken":0.0},{"damage_healed":0.0,"max_hp_gain":0.0,"max_hp_loss":0.0,"gold_gain":0.0,"event_name":"Ghosts","player_choice":"Ignored","floor":19.0,"gold_loss":0.0,"damage_taken":0.0},{"damage_healed":0.0,"max_hp_gain":0.0,"max_hp_loss":0.0,"gold_gain":0.0,"event_name":"Addict","player_choice":"Obtained Relic","floor":20.0,"gold_loss":85.0,"damage_taken":0.0,"relics_obtained":["Blood Vial"]},{"damage_healed":0,"gold_gain":0,"player_choice":"Paid Fearfully","damage_taken":0,"max_hp_gain":0,"max_hp_loss":0,"event_name":"Masked Bandits","floor":27,"gold_loss":200},{"damage_healed":0,"gold_gain":0,"cards_transformed":["Strike_B","Strike_B"],"player_choice":"Became Test Subject","damage_taken":0,"max_hp_gain":0,"max_hp_loss":0,"event_name":"Drug Dealer","floor":30,"gold_loss":0,"cards_obtained":["White Noise","Gash"]}],"is_beta":false,"boss_relics":[{"not_picked":["Empty Cage","Sozu"],"picked":"FrozenCore"}],"items_purged_floors":[11],"is_endless":false,"potions_floor_spawned":[5,12,13,16,22,25,28,31],"killed_by":"Automaton","ascension_level":1}