{"path_per_floor":["M","?","M","M","$","E","M","R","T","R","M","?","M","M","R"],"character_chosen":"DEFECT","items_purchased":[],"gold_per_floor":[109,109,126,140,65,93,111,111,111,111,128,128,139,156,156,156],"floor_reached":16,"campfire_rested":2,"playtime":2059,"item_purchase_floors":[],"current_hp_per_floor":[75,75,74,73,73,51,41,63,63,63,56,56,44,44,66,0],"items_purged":["Strike_B"],"gold":156,"score":124,"play_id":"65696aa5-0b27-442d-8881-f287c2754a09","local_time":"20180519224115","is_prod":false,"is_daily":false,"chose_seed":false,"is_ascension_mode":true,"campfire_upgraded":1,"timestamp":1526762475,"campfire_choices":[{"floor":8,"key":"REST"},{"data":"Go for the Eyes","floor":10,"key":"SMITH"},{"floor":15,"key":"REST"}],"path_taken":["M","?","M","?","?","E","M","R","T","R","M","?","M","M","R","BOSS"],"build_version":"2018-05-18","seed_source_timestamp":1252282043896490,"purchased_purges":1,"victory":false,"master_deck":["Strike_B","Strike_B","Strike_B","Defend_B","Defend_B","Defend_B","Defend_B","Zap","Dualcast","Go for the Eyes","Go for the Eyes+1","Doom and Gloom","Fission","Chill","Axe Kick","Loop"],"max_hp_per_floor":[75,75,75,75,75,75,75,75,75,75,75,75,75,75,75,75],"relics":["Cracked Core","Happy Flower","Question Card","Pen Nib","Spirit Poop"],"card_choices":[{"not_picked":["Leap","Stack"],"picked":"Go for the Eyes","floor":0},{"not_picked":["Steam Power","Ball Lightning"],"picked":"Go for the Eyes","floor":1},{"not_picked":["Turbo","Hologram"],"picked":"Doom and Gloom","floor":3},{"not_picked":["Force Field","Cold Snap"],"picked":"Fission","floor":4},{"not_picked":["Hello World","Force Field","Skim"],"picked":"SKIP","floor":6},{"not_picked":["Turbo","Coolheaded","Static Discharge"],"picked":"Chill","floor":7},{"not_picked":["Barrage","Consume","Cold Snap","Skim"],"picked":"SKIP","floor":11},{"not_picked":["Static Discharge","Turbo","Reprogram"],"picked":"Axe Kick","floor":13},{"not_picked":["Streamline","Hello World","Melter"],"picked":"Loop","floor":14}],"player_experience":80736,"potions_floor_usage":[6,6,16],"damage_taken":[{"damage":0,"enemies":"Small Slimes","floor":1,"turns":2},{"damage":1,"enemies":"2 Louse","floor":3,"turns":2},{"damage":1,"enemies":"Cultist","floor":4,"turns":4},{"damage":22,"enemies":"Gremlin Nob","floor":6,"turns":4},{"damage":10,"enemies":"Red Slaver","floor":7,"turns":3},{"damage":7,"enemies":"2 Fungi Beasts","floor":11,"turns":2},{"damage":12,"enemies":"Gremlin Gang","floor":13,"turns":4},{"damage":0,"enemies":"3 Louse","floor":14,"turns":3},{"damage":66,"enemies":"Slime Boss","floor":16,"turns":11}],"relics_obtained":[{"floor":6,"key":"Question Card"},{"floor":9,"key":"Pen Nib"}],"event_choices":[{"event_name":"Big Fish","player_choice":"Box","floor":2,"damage_taken":0},{"event_name":"Bonfire Elementals","player_choice":"CURSE","floor":12,"damage_taken":0}],"boss_relics":[],"items_purged_floors":[5],"potions_floor_spawned":[1,4,7,13],"seed_played":"4502543020466172363","killed_by":"Slime Boss","ascension_level":4,"potions_obtained":[{"floor":1,"key":"Poison Potion"},{"floor":4,"key":"FocusPotion"},{"floor":7,"key":"SteroidPotion"},{"floor":13,"key":"Ancient Potion"}],"is_trial":false}