{"gold_per_floor":[113,123,138,151,162,162,189,189,189,200,200],"floor_reached":11,"playtime":2419,"items_purged":[],"score":77,"play_id":"01552bb4-7ab7-4785-a110-8772a74e324f","local_time":"20190410234046","is_ascension_mode":false,"campfire_choices":[{"data":"Double Tap","floor":6,"key":"SMITH"},{"data":"Metallicize","floor":8,"key":"SMITH"}],"neow_cost":"NONE","seed_source_timestamp":474101026617188,"circlet_count":0,"master_deck":["Strike_R","Strike_R","Strike_R","Strike_R","Strike_R","Defend_R","Defend_R","Defend_R","Defend_R","Bash","Panacea","Twin Strike","Ghostly Armor","Double Tap+1","Metallicize+1","Battle Trance","Evolve","Body Slam"],"relics":["Burning Blood","Kunai","Pantograph"],"potions_floor_usage":[7,7],"damage_taken":[{"damage":2,"enemies":"Small Slimes","floor":1,"turns":5},{"damage":15,"enemies":"Jaw Worm","floor":2,"turns":5},{"damage":1,"enemies":"Cultist","floor":3,"turns":4},{"damage":21,"enemies":"Lots of Slimes","floor":4,"turns":5},{"damage":6,"enemies":"Blue Slaver","floor":5,"turns":6},{"damage":20,"enemies":"Gremlin Nob","floor":7,"turns":5},{"damage":38,"enemies":"Exordium Thugs","floor":10,"turns":9},{"damage":21,"enemies":"Gremlin Gang","floor":11,"turns":3}],"seed_played":"5851839627480941305","potions_obtained":[{"floor":2,"key":"SpeedPotion"},{"floor":5,"key":"SneckoOil"}],"is_trial":false,"path_per_floor":["M","M","M","M","M","R","E","R","T","M","M"],"character_chosen":"IRONCLAD","items_purchased":[],"campfire_rested":0,"item_purchase_floors":[],"current_hp_per_floor":[80,71,76,61,61,61,47,47,47,15,0],"gold":200,"neow_bonus":"RANDOM_COLORLESS","is_prod":false,"is_daily":false,"chose_seed":false,"campfire_upgraded":2,"win_rate":0.0,"timestamp":1554964846,"path_taken":["M","M","M","M","M","R","E","R","T","M","M"],"build_version":"2019-01-23","purchased_purges":0,"victory":false,"max_hp_per_floor":[80,80,80,80,80,80,80,80,80,80,80],"card_choices":[{"not_picked":["Uppercut","Warcry"],"picked":"Twin Strike","floor":1},{"not_picked":["Body Slam","Clothesline"],"picked":"Ghostly Armor","floor":2},{"not_picked":["Iron Wave","Cleave"],"picked":"Double Tap","floor":3},{"not_picked":["Body Slam","Corruption"],"picked":"Metallicize","floor":4},{"not_picked":["Sword Boomerang","Wild Strike"],"picked":"Battle Trance","floor":5},{"not_picked":["Twin Strike","Anger"],"picked":"Evolve","floor":7},{"not_picked":["Sword Boomerang","Uppercut"],"picked":"Body Slam","floor":10}],"player_experience":34966,"relics_obtained":[{"floor":7,"key":"Kunai"},{"floor":9,"key":"Pantograph"}],"event_choices":[],"is_beta":false,"boss_relics":[],"items_purged_floors":[],"is_endless":false,"potions_floor_spawned":[2,5],"killed_by":"Gremlin Gang","ascension_level":0}