{"path_per_floor":["M","?","?","M","?","R","E","R","T","E","M","$","E","M","R","B",null,"M","?","M","T","$","E","M"],"character_chosen":"THE_SILENT","items_purchased":["Panache","Well Laid Plans","Dodge and Roll","Finisher"],"gold_per_floor":[109,109,109,119,194,194,220,220,300,332,349,15,49,66,66,165,165,177,177,194,194,1,30,48],"floor_reached":25,"campfire_rested":0,"playtime":1156,"current_hp_per_floor":[70,63,49,49,38,38,32,32,32,23,23,23,21,21,21,19,70,48,48,41,41,41,16,9],"items_purged":["Strike_G","Strike_G"],"gold":48,"score":263,"play_id":"1a4a9494-b99b-43d2-9b38-ee2a7579e848","local_time":"20180228011533","is_prod":false,"is_daily":false,"is_ascension_mode":true,"campfire_upgraded":3,"timestamp":1519809333,"path_taken":["M","?","?","?","?","R","E","R","T","E","M","?","E","M","R","BOSS","M","?","M","?","$","E","M","M"],"build_version":"2018-02-27-BETA1","purchased_purges":2,"victory":false,"master_deck":["Defend_G","Defend_G","Defend_G+1","Defend_G","Defend_G","Strike_G","Strike_G","Survivor","Neutralize+1","Cloak And Dagger","Slice","Choke","Cloak And Dagger+1","Blade Dance+1","Cloak And Dagger","Flying Knee","Escape Plan","A Thousand Cuts+1","Panache","Well Laid Plans","Outmaneuver","PiercingWail","Venomology","Accuracy+1","Backflip","Dodge and Roll","Finisher","Slice+1","Slice+1"],"max_hp_per_floor":[70,70,70,70,70,70,70,70,70,70,70,70,70,70,70,70,70,70,70,70,70,70,70,70],"relics":["Orrery","Juzu Bracelet","Shuriken","Centennial Puzzle","Lantern","Runic Pyramid","Calipers","Molten Egg 2"],"card_choices":[{"not_picked":["Sucker Punch","Bouncing Flask"],"picked":"Cloak And Dagger"},{"not_picked":["Terror","Eviscerate"],"picked":"Slice"},{"not_picked":["Eviscerate","Underhanded Strike"],"picked":"Choke"},{"not_picked":["Flechettes","Slice"],"picked":"Cloak And Dagger"},{"not_picked":["Dodge and Roll","Prepared"],"picked":"Blade Dance"},{"not_picked":["PiercingWail","Dash"],"picked":"Cloak And Dagger"},{"not_picked":["Bane","Concentrate"],"picked":"Flying Knee"},{"not_picked":["Flechettes","Quick Slash"],"picked":"Escape Plan"},{"not_picked":["Slice","Bane"],"picked":"A Thousand Cuts"},{"not_picked":["Malaise","Backstab"],"picked":"Outmaneuver"},{"not_picked":["Quick Slash","Skewer"],"picked":"PiercingWail"},{"not_picked":["Storm of Steel","Bullet Time"],"picked":"Venomology"},{"not_picked":["Blade Dance","Outmaneuver"],"picked":"Accuracy"},{"not_picked":["Backstab","Reflex"],"picked":"Backflip"},{"not_picked":["Dagger Throw","Wraith Form"],"picked":"Slice"},{"not_picked":["Choke","Deflect"],"picked":"Slice"}],"player_experience":126019,"potions_floor_usage":[7,16,16,23,23],"damage_taken":[{"damage":0,"enemies":"Small Slimes","floor":1,"turns":3},{"damage":0,"enemies":"Jaw Worm","floor":4,"turns":3},{"damage":6,"enemies":"Gremlin Nob","floor":7,"turns":4},{"damage":9,"enemies":"3 Sentries","floor":10,"turns":8},{"damage":0,"enemies":"2 Louse","floor":11,"turns":2},{"damage":2,"enemies":"Lagavulin","floor":13,"turns":6},{"damage":0,"enemies":"Looter","floor":14,"turns":3},{"damage":2,"enemies":"Hexaghost","floor":16,"turns":7},{"damage":22,"enemies":"Spheric Guardian","floor":18,"turns":4},{"damage":7,"enemies":"2 Thieves","floor":20,"turns":4},{"damage":25,"enemies":"Book of Stabbing","floor":23,"turns":6},{"damage":7,"enemies":"Centurion and Healer","floor":24,"turns":4},{"damage":17,"enemies":"Slaver and Parasite","floor":25,"turns":1}],"event_choices":[{"event_name":"Golden Wing","player_choice":"Card Removal","floor":2,"damage_taken":0},{"event_name":"Shining Light","player_choice":"Entered Light","floor":3,"damage_taken":0},{"event_name":"World of Goop","player_choice":"Gather Gold","floor":5,"damage_taken":0},{"event_name":"Upgrade Shrine","player_choice":"Upgraded","floor":19,"damage_taken":0}],"boss_relics":[{"not_picked":["The Specimen","Snecko Eye"],"picked":"Runic Pyramid"}],"potions_floor_spawned":[4,11,14,18],"seed_played":"4268702546357334782","killed_by":"Slaver and Parasite","ascension_level":2,"is_trial":false}