{"path_per_floor":["M","?","?","M","$","R","E","R","T","R","E","?","M","M","R","B",null,"M","$","M","M"],"character_chosen":"DEFECT","items_purchased":["All For One"],"gold_per_floor":[117,117,117,135,60,60,93,93,93,93,122,122,134,153,153,256,256,274,10,22,33,33],"floor_reached":22,"campfire_rested":3,"playtime":567,"item_purchase_floors":[19],"current_hp_per_floor":[64,64,52,48,48,75,26,63,63,63,63,63,63,54,75,9,59,51,51,37,36,0],"items_purged":["Regret","Strike_B"],"gold":33,"score":307,"play_id":"502ddc7b-7f5f-459d-b0f2-41aec73e172c","local_time":"20180529054342","is_prod":false,"is_daily":false,"chose_seed":false,"is_ascension_mode":true,"campfire_upgraded":1,"win_rate":0,"timestamp":1527565422,"campfire_choices":[{"floor":6,"key":"REST"},{"floor":8,"key":"REST"},{"data":"Scrape","floor":10,"key":"SMITH"},{"floor":15,"key":"REST"}],"path_taken":["M","?","?","M","$","R","E","R","T","R","E","?","M","M","R","BOSS","M","$","M","M","M"],"build_version":"2018-05-27","seed_source_timestamp":94206452288350,"purchased_purges":2,"victory":false,"master_deck":["Strike_B","Strike_B","Defend_B","Defend_B","Defend_B","Defend_B","Zap+1","Dualcast+1","Scrape+1","Beam Cell","Gash","Echo Form","Gash","Self Repair","Machine Learning","Scrape","Hologram","All For One"],"max_hp_per_floor":[75,75,75,75,75,75,75,75,75,75,75,75,75,75,75,75,75,75,75,75,75,75],"relics":["Cracked Core","Regal Pillow","Oddly Smooth Stone","Pantograph","War Paint","Omamori","Orrery"],"card_choices":[{"not_picked":["Steam","Stack"],"picked":"Scrape","floor":0},{"not_picked":["Auto Shields","Stack"],"picked":"Beam Cell","floor":1},{"not_picked":["Self Repair","Stack"],"picked":"Gash","floor":4},{"not_picked":["Coolheaded","Beam Cell"],"picked":"Echo Form","floor":7},{"not_picked":["FTL","Streamline"],"picked":"Gash","floor":11},{"not_picked":["Compile Driver","Undo","Sweeping Beam"],"picked":"SKIP","floor":13},{"not_picked":["Chaos","Turbo"],"picked":"Self Repair","floor":14},{"not_picked":["Reboot","Amplify"],"picked":"Machine Learning","floor":16},{"not_picked":["Go for the Eyes","Hello World"],"picked":"Scrape","floor":17},{"not_picked":["Darkness","Redo"],"picked":"Hologram","floor":17},{"not_picked":["Blizzard","Coolheaded","Ball Lightning"],"picked":"SKIP","floor":18},{"not_picked":["Barrage","Redo","Sunder"],"picked":"SKIP","floor":20},{"not_picked":["Cold Snap","Steam","Double Energy"],"picked":"SKIP","floor":21}],"player_experience":113539,"potions_floor_usage":[11,16,20],"damage_taken":[{"damage":4,"enemies":"Jaw Worm","floor":1,"turns":4},{"damage":4,"enemies":"2 Louse","floor":4,"turns":3},{"damage":49,"enemies":"Lagavulin","floor":7,"turns":6},{"damage":0,"enemies":"Gremlin Nob","floor":11,"turns":3},{"damage":0,"enemies":"Small Slimes","floor":13,"turns":2},{"damage":9,"enemies":"2 Fungi Beasts","floor":14,"turns":3},{"damage":73,"enemies":"The Guardian","floor":16,"turns":8},{"damage":22,"enemies":"Spheric Guardian","floor":18,"turns":4},{"damage":14,"enemies":"2 Thieves","floor":20,"turns":3},{"damage":8,"enemies":"Centurion and Healer","floor":21,"turns":5},{"damage":36,"enemies":"Snake Plant","floor":22,"turns":2}],"relics_obtained":[{"floor":7,"key":"Pantograph"},{"floor":9,"key":"War Paint"},{"floor":11,"key":"Omamori"}],"event_choices":[{"event_name":"Big Fish","player_choice":"Box","floor":2,"damage_taken":0},{"event_name":"Scrap Ooze","player_choice":"success","floor":3,"damage_taken":12},{"event_name":"Bonfire Elementals","player_choice":"BASIC","floor":12,"damage_taken":0}],"boss_relics":[{"not_picked":["Snecko Eye","Runic Dome"],"picked":"Orrery"}],"items_purged_floors":[5,19],"potions_floor_spawned":[7,13,18,21],"seed_played":"4558310407279476431","killed_by":"Snake Plant","ascension_level":8,"potions_obtained":[{"floor":7,"key":"Block Potion"},{"floor":13,"key":"AttackPotion"},{"floor":18,"key":"Block Potion"},{"floor":21,"key":"FearPotion"}],"is_trial":false}