{"gold_per_floor":[118,293,305,322,322,322,322,340,340,340,365,47,81,96,96,200,200,210,210,0,0,13,13,31,31,56,56,72,0,0,0,0,0],"floor_reached":33,"playtime":1256,"items_purged":["Doubt"],"score":385,"play_id":"dfb44064-9ebf-4842-96ce-fd3288943351","local_time":"20190413073854","is_ascension_mode":true,"campfire_choices":[{"data":"Inflame","floor":7,"key":"SMITH"},{"data":"Pommel Strike","floor":10,"key":"SMITH"},{"floor":15,"key":"REST"},{"floor":23,"key":"DIG"},{"floor":25,"key":"DIG"},{"floor":27,"key":"DIG"},{"floor":32,"key":"DIG"}],"neow_cost":"NONE","seed_source_timestamp":306609995056003,"circlet_count":0,"master_deck":["Defend_R","Defend_R","Defend_R","Defend_R","Bash","Pommel Strike+1","Bloodletting+1","Pommel Strike+1","Inflame+1","Heavy Blade","Rage","Limit Break","Inflame","Dual Wield","Armaments","Feed","Twin Strike+1","Bite","Bite","Bite","Bite","Bite","Mayhem","J.A.X.","Dual Wield+1","Limit Break","True Grit+1","Metallicize","Shame"],"relics":["Burning Blood","Torii","Shovel","Ornamental Fan","Eternal Feather","Smiling Mask","Whetstone","Centennial Puzzle","Prayer Wheel","Dead Branch","Blood Vial"],"potions_floor_usage":[3,6,13,18,18,22,28,28],"damage_taken":[{"damage":7,"enemies":"2 Louse","floor":1,"turns":3},{"damage":4,"enemies":"Jaw Worm","floor":3,"turns":3},{"damage":0,"enemies":"Small Slimes","floor":4,"turns":3},{"damage":0,"enemies":"3 Sentries","floor":6,"turns":1},{"damage":9,"enemies":"2 Fungi Beasts","floor":8,"turns":4},{"damage":35,"enemies":"Gremlin Nob","floor":11,"turns":4},{"damage":12,"enemies":"3 Sentries","floor":13,"turns":5},{"damage":11,"enemies":"Looter","floor":14,"turns":2},{"damage":24,"enemies":"Hexaghost","floor":16,"turns":7},{"damage":28,"enemies":"Spheric Guardian","floor":18,"turns":4},{"damage":15,"enemies":"Shell Parasite","floor":22,"turns":5},{"damage":43,"enemies":"Sentry and Sphere","floor":24,"turns":5},{"damage":26,"enemies":"Chosen and Byrds","floor":28,"turns":6},{"damage":84,"enemies":"Automaton","floor":33,"turns":6}],"seed_played":"4140904722294686160","potions_obtained":[{"floor":1,"key":"Fire Potion"},{"floor":3,"key":"SmokeBomb"},{"floor":8,"key":"Strength Potion"},{"floor":14,"key":"AttackPotion"},{"floor":16,"key":"SneckoOil"},{"floor":22,"key":"Weak Potion"},{"floor":24,"key":"AttackPotion"}],"is_trial":false,"path_per_floor":["M","?","M","M","?","E","R","M","T","R","E","$","E","M","R","B",null,"M","?","$","?","M","R","M","R","T","R","M","$","?","?","R","B"],"character_chosen":"IRONCLAD","items_purchased":["Limit Break","Inflame","Mayhem","SkillPotion","Metallicize"],"campfire_rested":1,"item_purchase_floors":[12,12,20,20,29],"current_hp_per_floor":[79,79,80,80,64,70,70,67,67,67,38,38,32,27,51,33,68,46,46,46,46,45,56,33,48,48,59,47,47,47,47,59,0],"gold":0,"neow_bonus":"THREE_CARDS","is_prod":false,"is_daily":false,"chose_seed":false,"campfire_upgraded":2,"win_rate":0,"timestamp":1555159134,"path_taken":["M","?","M","M","?","E","R","M","T","R","E","$","E","M","R","BOSS","M","?","$","?","M","R","M","R","T","R","M","$","?","?","R","BOSS"],"build_version":"2019-01-23","purchased_purges":1,"victory":false,"max_hp_per_floor":[80,80,80,80,80,80,80,80,80,80,80,80,80,80,80,80,80,80,56,56,56,56,56,59,59,59,59,59,59,59,59,59,59],"card_choices":[{"not_picked":["Armaments","Shrug It Off"],"picked":"Pommel Strike","floor":0},{"not_picked":["Feel No Pain","Second Wind"],"picked":"Bloodletting","floor":1},{"not_picked":["Shrug It Off","Fire Breathing"],"picked":"Pommel Strike","floor":3},{"not_picked":["Rampage","Clash"],"picked":"Inflame","floor":4},{"not_picked":["Headbutt","Thunderclap"],"picked":"Heavy Blade","floor":8},{"not_picked":["Flame Barrier","Iron Wave"],"picked":"Rage","floor":11},{"not_picked":["Exhume","Rupture"],"picked":"Dual Wield","floor":13},{"not_picked":["Anger","Sentinel"],"picked":"Armaments","floor":14},{"not_picked":["Barricade","Dark Embrace"],"picked":"Feed","floor":16},{"not_picked":["Body Slam","Feel No Pain"],"picked":"Twin Strike","floor":18},{"not_picked":["Thunderclap","Clothesline","Warcry"],"picked":"SKIP","floor":22},{"not_picked":["Warcry","Clash"],"picked":"Dual Wield+1","floor":24},{"not_picked":["Shrug It Off+1","Sword Boomerang+1"],"picked":"Limit Break","floor":28},{"not_picked":["Headbutt","Warcry"],"picked":"True Grit+1","floor":28}],"player_experience":918955,"relics_obtained":[{"floor":9,"key":"Torii"},{"floor":11,"key":"Shovel"},{"floor":13,"key":"Ornamental Fan"},{"floor":23,"key":"Smiling Mask"},{"floor":25,"key":"Whetstone"},{"floor":26,"key":"Centennial Puzzle"},{"floor":27,"key":"Prayer Wheel"},{"floor":32,"key":"Blood Vial"}],"event_choices":[{"damage_healed":0,"gold_gain":175,"player_choice":"AGREE","damage_taken":0,"max_hp_gain":0,"max_hp_loss":0,"event_name":"Liars Game","floor":2,"gold_loss":0,"cards_obtained":["Doubt"]},{"damage_healed":0,"gold_gain":0,"player_choice":"Entered Light","damage_taken":16,"max_hp_gain":0,"max_hp_loss":0,"event_name":"Shining Light","floor":5,"gold_loss":0,"cards_upgraded":["Bloodletting","Strike_R"]},{"damage_healed":0,"gold_gain":0,"player_choice":"Became a vampire","damage_taken":0,"max_hp_gain":0,"max_hp_loss":24,"event_name":"Vampires","floor":19,"gold_loss":0,"cards_obtained":["Bite","Bite","Bite","Bite","Bite"]},{"damage_healed":0,"gold_gain":0,"player_choice":"Obtain J.A.X.","damage_taken":0,"max_hp_gain":0,"max_hp_loss":0,"event_name":"Drug Dealer","floor":21,"gold_loss":0,"cards_obtained":["J.A.X."]},{"damage_healed":0,"gold_gain":0,"player_choice":"Stole Relic","damage_taken":0,"relics_obtained":["Dead Branch"],"max_hp_gain":0,"max_hp_loss":0,"event_name":"Addict","floor":30,"gold_loss":0,"cards_obtained":["Shame"]},{"damage_healed":0,"gold_gain":0,"player_choice":"Ignored","damage_taken":0,"max_hp_gain":0,"max_hp_loss":0,"event_name":"Ghosts","floor":31,"gold_loss":0}],"is_beta":false,"boss_relics":[{"not_picked":["Philosopher\u0027s Stone","Black Star"],"picked":"Eternal Feather"}],"items_purged_floors":[12],"is_endless":false,"potions_floor_spawned":[1,3,8,14,16,22,24],"killed_by":"Automaton","ascension_level":5}