{"gold_per_floor":[111,111,12,24,24,55,55,68,116,116,66,81,46,71,71,71],"floor_reached":16,"playtime":541,"items_purged":["Defend_B"],"score":137,"play_id":"d426bbff-9822-412e-bbae-820cfbc16f57","local_time":"20190306224755","is_ascension_mode":true,"campfire_choices":[{"floor":7,"key":"REST"},{"floor":10,"key":"REST"},{"data":"Zap","floor":15,"key":"SMITH"}],"neow_cost":"NONE","seed_source_timestamp":1307032722431761,"circlet_count":0,"master_deck":["Strike_B","Strike_B","Defend_B","Defend_B","Zap+1","Dualcast","Coolheaded","Conserve Battery","Melter","Cold Snap","Hologram","BootSequence","Glacier"],"relics":["Cracked Core","Smiling Mask","Strawberry","Odd Mushroom"],"potions_floor_usage":[],"damage_taken":[{"damage":1,"enemies":"2 Louse","floor":1,"turns":2},{"damage":4,"enemies":"Cultist","floor":4,"turns":3},{"damage":28,"enemies":"3 Sentries","floor":6,"turns":12},{"damage":8,"enemies":"Small Slimes","floor":8,"turns":2},{"damage":14,"enemies":"2 Fungi Beasts","floor":12,"turns":3},{"damage":9,"enemies":"The Mushroom Lair","floor":14,"turns":6},{"damage":76,"enemies":"Hexaghost","floor":16,"turns":15}],"seed_played":"-4415915784071656294","potions_obtained":[{"floor":1,"key":"Strength Potion"},{"floor":14,"key":"Energy Potion"}],"is_trial":false,"path_per_floor":["M","?","$","M","?","E","R","M","T","R","$","M","?","?","R","B"],"character_chosen":"DEFECT","items_purchased":["Conserve Battery","Melter"],"campfire_rested":2,"item_purchase_floors":[3,3],"current_hp_per_floor":[67,60,60,56,56,28,50,42,49,73,73,59,79,70,70,0],"gold":71,"neow_bonus":"REMOVE_CARD","is_prod":false,"is_daily":false,"chose_seed":false,"campfire_upgraded":1,"win_rate":0,"timestamp":1551908875,"path_taken":["M","?","$","M","?","E","R","?","T","R","?","M","?","?","R","BOSS"],"build_version":"2019-01-23","purchased_purges":1,"victory":false,"max_hp_per_floor":[75,75,75,75,75,75,75,75,82,82,82,82,82,82,82,82],"card_choices":[{"not_picked":["Fusion","Beam Cell"],"picked":"Coolheaded","floor":1},{"not_picked":["Streamline","Beam Cell","Turbo"],"picked":"SKIP","floor":4},{"not_picked":["Leap","BootSequence"],"picked":"Cold Snap","floor":6},{"not_picked":["Streamline","Doom and Gloom"],"picked":"Hologram","floor":8},{"not_picked":["Melter","Go for the Eyes"],"picked":"BootSequence","floor":12},{"not_picked":["Chaos","Loop"],"picked":"Glacier","floor":14}],"player_experience":292245,"relics_obtained":[{"floor":6,"key":"Smiling Mask"},{"floor":9,"key":"Strawberry"},{"floor":14,"key":"Odd Mushroom"}],"event_choices":[{"cards_removed":["Defend_B"],"damage_healed":0,"gold_gain":0,"player_choice":"Card Removal","damage_taken":7,"max_hp_gain":0,"max_hp_loss":0,"event_name":"Golden Wing","floor":2,"gold_loss":0},{"cards_removed":["Strike_B"],"damage_healed":0,"gold_gain":0,"player_choice":"Purged","damage_taken":0,"max_hp_gain":0,"max_hp_loss":0,"event_name":"Purifier","floor":5,"gold_loss":0},{"damage_healed":20,"gold_gain":0,"player_choice":"Healed","damage_taken":0,"max_hp_gain":0,"max_hp_loss":0,"event_name":"The Cleric","floor":13,"gold_loss":35},{"damage_healed":0,"gold_gain":0,"player_choice":"Fought Mushrooms","damage_taken":0,"max_hp_gain":0,"max_hp_loss":0,"event_name":"Mushrooms","floor":14,"gold_loss":0}],"is_beta":false,"boss_relics":[],"items_purged_floors":[11],"is_endless":false,"potions_floor_spawned":[1,14],"killed_by":"Hexaghost","ascension_level":8}