{"path_per_floor":["M","?","$","?","M","R","M","E","T","M","?","?","R","?","R","B",null,"M","?","$","?","M","R","M","?","T","R","?","M","E","M","R"],"character_chosen":"DEFECT","items_purchased":["Happy Flower","FTL"],"gold_per_floor":[111,111,36,36,46,46,57,91,91,106,136,136,136,90,90,188,188,202,202,23,23,37,37,51,51,51,51,51,70,101,117,117,117],"floor_reached":33,"campfire_rested":3,"playtime":1242,"current_hp_per_floor":[75,75,75,75,75,75,72,67,67,57,47,40,65,65,65,57,85,71,71,71,71,55,80,75,75,75,75,75,66,48,30,55,0],"items_purged":["Strike_B"],"gold":117,"score":263,"play_id":"b2350e7d-825d-49c5-acc3-8aefe82bc7ab","local_time":"20180502100735","is_prod":false,"is_daily":false,"chose_seed":false,"is_ascension_mode":false,"campfire_upgraded":2,"timestamp":1525248455,"path_taken":["M","?","$","?","M","R","M","E","T","?","?","?","R","?","R","BOSS","M","?","$","?","M","R","M","?","T","R","?","M","E","?","R","BOSS"],"build_version":"2018-05-01v2","seed_source_timestamp":180168558072538,"purchased_purges":1,"victory":false,"master_deck":["Strike_B","Defend_B","Defend_B","Defend_B","Defend_B","Zap+1","Dualcast","Coolheaded","Capacitor+1","Go for the Eyes+1","Tempest","Impulse","Seek+1","Barrage+1","Ball Lightning","FTL","Writhe","Defragment+1","Ball Lightning+1","Barrage+1","Rainbow","Impulse"],"max_hp_per_floor":[75,75,75,75,75,75,75,85,85,85,85,85,85,85,85,85,85,85,85,85,85,85,85,85,85,85,85,85,85,85,85,85,85],"relics":["Cracked Core","Pear","Sundial","Sozu","Happy Flower","Blood Vial","Shovel","Bronze Scales","Shuriken"],"card_choices":[{"not_picked":["Hologram","Barrage"],"picked":"Coolheaded","floor":1},{"not_picked":["Stack","Rebound"],"picked":"Capacitor","floor":5},{"not_picked":["Coolheaded","Blaster"],"picked":"Go for the Eyes","floor":7},{"not_picked":["Coolheaded","Beam Cell"],"picked":"Tempest","floor":8},{"not_picked":["Hello World","Barrage"],"picked":"Impulse","floor":10},{"not_picked":["Meteor Strike","Multi-Cast"],"picked":"Seek","floor":16},{"not_picked":["Static Discharge","Beam Cell"],"picked":"Barrage","floor":18},{"not_picked":["Stack","Impulse"],"picked":"Defragment","floor":22},{"not_picked":["Coolheaded","Melter"],"picked":"Ball Lightning","floor":24},{"not_picked":["Skim","Steam Power"],"picked":"Barrage","floor":29},{"not_picked":["Axe Kick","Darkness"],"picked":"Rainbow","floor":30},{"not_picked":["Recycle","Melter"],"picked":"Impulse","floor":31}],"player_experience":17561,"potions_floor_usage":[11,33,33],"damage_taken":[{"damage":0,"enemies":"2 Louse","floor":1,"turns":2},{"damage":0,"enemies":"Cultist","floor":5,"turns":3},{"damage":3,"enemies":"Jaw Worm","floor":7,"turns":4},{"damage":15,"enemies":"3 Sentries","floor":8,"turns":8},{"damage":10,"enemies":"3 Louse","floor":10,"turns":4},{"damage":10,"enemies":"3 Sentries","floor":11,"turns":6},{"damage":8,"enemies":"The Guardian","floor":16,"turns":15},{"damage":14,"enemies":"Spheric Guardian","floor":18,"turns":4},{"damage":18,"enemies":"3 Byrds","floor":22,"turns":3},{"damage":7,"enemies":"Cultist and Chosen","floor":24,"turns":5},{"damage":11,"enemies":"Snecko","floor":29,"turns":4},{"damage":20,"enemies":"Book of Stabbing","floor":30,"turns":4},{"damage":20,"enemies":"Centurion and Healer","floor":31,"turns":4},{"damage":60,"enemies":"Champ","floor":33,"turns":6}],"event_choices":[{"event_name":"Purifier","player_choice":"One Purge","floor":2,"damage_taken":0},{"event_name":"Liars Game","player_choice":"disagreed","floor":4,"damage_taken":0},{"event_name":"Dead Adventurer","player_choice":"Searched \u00272\u0027 times","floor":11,"damage_taken":0},{"event_name":"Golden Wing","player_choice":"Card Removal","floor":12,"damage_taken":0},{"event_name":"World of Goop","player_choice":"Left","floor":14,"damage_taken":0},{"event_name":"The Library","player_choice":"Read","floor":19,"damage_taken":0},{"event_name":"The Mausoleum","player_choice":"Yes","floor":21,"damage_taken":0},{"event_name":"Upgrade Shrine","player_choice":"Upgraded","floor":25,"damage_taken":0},{"event_name":"Beggar","player_choice":"Ignored","floor":28,"damage_taken":0}],"boss_relics":[{"not_picked":["Philosopher\u0027s Stone","Snecko Eye"],"picked":"Sozu"}],"potions_floor_spawned":[8,10,16,24,30],"seed_played":"6608962134665198250","killed_by":"Champ","ascension_level":0,"is_trial":false}