{"gold_per_floor":[119,119,44,57,10,41,41,41,67,101,101,121,21,40,40,116,116,131,231,106,106,126,151,166,181,251,279,279,298,298,12,12,83,83,100,100,100,112,136,136,136,162,162,182,264,264,264,281,281,281],"floor_reached":50,"playtime":1997,"items_purged":["Normality","Genetic Algorithm","Genetic Algorithm"],"score":1124,"play_id":"483c9143-7f40-4735-8377-2e97c2fc83ac","local_time":"20180705020543","daily_mods":["Draft","Heirloom","Time Dilation"],"is_ascension_mode":true,"campfire_choices":[{"floor":7,"key":"REST"},{"floor":11,"key":"REST"},{"data":"Gash","floor":15,"key":"SMITH"},{"floor":28,"key":"REST"},{"floor":32,"key":"REST"},{"data":"Chill","floor":40,"key":"SMITH"},{"data":"Scrape","floor":47,"key":"SMITH"},{"data":"Machine Learning","floor":49,"key":"SMITH"}],"neow_cost":"","seed_source_timestamp":0,"circlet_count":0,"master_deck":["AscendersBane","Chill+1","Scrape+1","Ball Lightning","Reprogram","Beam Cell","Gash","Loop","Streamline","FTL","Beam Cell","Go for the Eyes","Glacier","Rebound","Auto Shields","Leap","All For One","FTL","Gash+1","Echo Form","Rebound","Gash","Glacier","Chill","Machine Learning+1","FTL","Creative AI","Leap","Gash","Bandage Up"],"relics":["Cracked Core","Gambling Chip","Dead Branch","Bird Faced Urn","Anchor","Prayer Wheel","Eternal Feather","Oddly Smooth Stone","Centennial Puzzle","Dream Catcher","Nloth\u0027s Gift","Bag of Preparation","Juzu Bracelet","Empty Cage","Art of War","Blood Vial","Cables","Bottled Flame"],"potions_floor_usage":[22,23,27,33,33,44,50],"damage_taken":[{"damage":0,"enemies":"2 Louse","floor":1,"turns":1},{"damage":0,"enemies":"Cultist","floor":4,"turns":2},{"damage":12,"enemies":"Gremlin Nob","floor":6,"turns":3},{"damage":20,"enemies":"Lagavulin","floor":10,"turns":4},{"damage":0,"enemies":"Small Slimes","floor":12,"turns":2},{"damage":0,"enemies":"Looter","floor":14,"turns":1},{"damage":27,"enemies":"The Guardian","floor":16,"turns":5},{"damage":0,"enemies":"Spheric Guardian","floor":18,"turns":2},{"damage":4,"enemies":"2 Thieves","floor":22,"turns":5},{"damage":22,"enemies":"Book of Stabbing","floor":23,"turns":4},{"damage":1,"enemies":"3 Cultists","floor":24,"turns":4},{"damage":35,"enemies":"Slaver and Parasite","floor":25,"turns":7},{"damage":3,"enemies":"Gremlin Leader","floor":27,"turns":6},{"damage":14,"enemies":"Snake Plant","floor":29,"turns":2},{"damage":48,"enemies":"Collector","floor":33,"turns":4},{"damage":0,"enemies":"Orb Walker","floor":35,"turns":2},{"damage":9,"enemies":"Flame Bruiser 1 Orb","floor":38,"turns":5},{"damage":3,"enemies":"2 Orb Walkers","floor":42,"turns":6},{"damage":20,"enemies":"Maw","floor":44,"turns":5},{"damage":21,"enemies":"Sphere and 2 Shapes","floor":48,"turns":10},{"damage":95,"enemies":"Time Eater","floor":50,"turns":8}],"seed_played":"-3225995514428582725","potions_obtained":[{"floor":6,"key":"Block Potion"},{"floor":10,"key":"SkillPotion"},{"floor":24,"key":"Dexterity Potion"},{"floor":25,"key":"EssenceOfSteel"},{"floor":27,"key":"Regen Potion"},{"floor":33,"key":"Ancient Potion"},{"floor":38,"key":"PowerPotion"},{"floor":44,"key":"Dexterity Potion"}],"is_trial":true,"path_per_floor":["M","?","$","M","$","E","R","?","T","E","R","M","$","M","R","B",null,"M","?","$","?","M","E","M","M","T","E","R","M","?","$","R","B",null,"M","$","?","M","T","R","?","E","T","M","T","?","R","M","R"],"character_chosen":"DEFECT","items_purchased":["Leap","Bag of Preparation","Juzu Bracelet"],"campfire_rested":4,"item_purchase_floors":[5,31,31],"current_hp_per_floor":[68,68,68,68,68,56,75,72,72,54,75,75,75,75,75,48,68,68,68,68,68,75,57,58,27,27,32,64,52,52,52,75,34,65,65,65,65,62,62,72,72,71,71,59,59,59,71,75,75,0],"gold":281,"neow_bonus":"","is_prod":false,"is_daily":false,"chose_seed":false,"campfire_upgraded":4,"win_rate":0,"timestamp":1530749143,"path_taken":["M","?","$","M","?","E","R","?","T","E","R","M","$","M","R","BOSS","M","?","?","?","M","E","M","M","T","E","R","M","?","?","R","BOSS","M","$","?","M","?","R","?","E","T","M","?","?","R","M","R","BOSS"],"build_version":"2018-07-03","purchased_purges":3,"victory":false,"max_hp_per_floor":[75,75,75,75,75,75,75,75,75,75,75,75,75,75,75,75,75,75,75,75,75,75,75,75,75,75,75,75,75,75,75,75,75,75,75,75,75,75,75,75,75,75,75,75,75,75,75,75,75,75],"card_choices":[{"not_picked":["Coolheaded","Rebound"],"picked":"Chill","floor":0},{"not_picked":["Undo","Beam Cell"],"picked":"Scrape","floor":0},{"not_picked":["Barrage","Stack"],"picked":"Ball Lightning","floor":0},{"not_picked":["Hello World","Tempest"],"picked":"Reprogram","floor":0},{"not_picked":["Chaos","Barrage"],"picked":"Beam Cell","floor":0},{"not_picked":["Steam Power","Scrape"],"picked":"Gash","floor":0},{"not_picked":["Turbo","Sweeping Beam"],"picked":"Loop","floor":0},{"not_picked":["Heatsinks","Tempest"],"picked":"Streamline","floor":0},{"not_picked":["Turbo","Redo"],"picked":"FTL","floor":0},{"not_picked":["Auto Shields","Sunder"],"picked":"Beam Cell","floor":0},{"not_picked":["Hologram","Double Energy"],"picked":"Coolheaded","floor":0},{"not_picked":["Conserve Battery","Leap"],"picked":"Go for the Eyes","floor":0},{"not_picked":["Cold Snap","Streamline"],"picked":"Glacier","floor":0},{"not_picked":["Steam","Compile Driver"],"picked":"Beam Cell","floor":0},{"not_picked":["Heatsinks","Turbo"],"picked":"Rebound","floor":0},{"not_picked":["Turbo","Aggregate"],"picked":"Auto Shields","floor":1},{"not_picked":["Streamline","Aggregate","Turbo"],"picked":"SKIP","floor":4},{"not_picked":["Rebound","Fusion"],"picked":"All For One","floor":6},{"not_picked":["Thunder Strike","Compile Driver","Aggregate"],"picked":"SKIP","floor":10},{"not_picked":["Stack","Beam Cell"],"picked":"Genetic Algorithm","floor":12},{"not_picked":["Barrage","Fusion"],"picked":"FTL","floor":12},{"not_picked":["Capacitor","Hello World"],"picked":"Gash","floor":14},{"not_picked":["Hologram","Reinforced Body","Ball Lightning"],"picked":"SKIP","floor":14},{"not_picked":["Meteor Strike","Electrodynamics"],"picked":"Echo Form","floor":16},{"not_picked":["Lockon","Consume"],"picked":"Rebound","floor":18},{"not_picked":["Hologram","Ball Lightning"],"picked":"Genetic Algorithm","floor":18},{"not_picked":["Chill+1","Static Discharge"],"picked":"Gash","floor":22},{"not_picked":["Barrage","Rebound+1"],"picked":"Glacier","floor":22},{"not_picked":["Conserve Battery","Static Discharge","Genetic Algorithm"],"picked":"SKIP","floor":23},{"not_picked":["Recycle","Loop","Sweeping Beam"],"picked":"SKIP","floor":24},{"not_picked":["Ball Lightning","Reinforced Body","Leap"],"picked":"SKIP","floor":24},{"not_picked":["Rebound","Reinforced Body"],"picked":"Chill","floor":25},{"not_picked":["Turbo","Hologram+1"],"picked":"Machine Learning","floor":25},{"not_picked":["Lockon","Coolheaded","Undo"],"picked":"SKIP","floor":27},{"not_picked":["White Noise","Turbo"],"picked":"FTL","floor":28},{"not_picked":["Core Surge","Rebound","Sweeping Beam"],"picked":"SKIP","floor":29},{"not_picked":["Redo","Streamline","Rebound"],"picked":"SKIP","floor":29},{"not_picked":["Multi-Cast","Reboot"],"picked":"Creative AI","floor":33},{"not_picked":["Redo","Coolheaded"],"picked":"Leap","floor":35},{"not_picked":["Cold Snap","Blizzard","Hello World"],"picked":"SKIP","floor":35},{"not_picked":["Consume+1","Leap","Turbo"],"picked":"SKIP","floor":38},{"not_picked":["Barrage","Hologram","Sweeping Beam"],"picked":"SKIP","floor":38},{"not_picked":["Electrodynamics","Leap","Thunder Strike"],"picked":"SKIP","floor":42},{"not_picked":["Go for the Eyes","Defragment"],"picked":"Gash","floor":44},{"not_picked":["Turbo","Glacier","Electrodynamics"],"picked":"SKIP","floor":44},{"not_picked":["Panacea","Purity"],"picked":"Bandage Up","floor":46},{"not_picked":["Thunder Strike","Rebound","Sunder"],"picked":"SKIP","floor":48},{"not_picked":["Scrape","Compile Driver","Streamline"],"picked":"SKIP","floor":48}],"player_experience":128062,"relics_obtained":[{"floor":6,"key":"Dead Branch"},{"floor":9,"key":"Anchor"},{"floor":10,"key":"Prayer Wheel"},{"floor":23,"key":"Oddly Smooth Stone"},{"floor":26,"key":"Centennial Puzzle"},{"floor":27,"key":"Dream Catcher"},{"floor":39,"key":"Art of War"},{"floor":42,"key":"Blood Vial"},{"floor":43,"key":"Cables"},{"floor":45,"key":"Bottled Flame"}],"event_choices":[{"event_name":"Accursed Blacksmith","player_choice":"Rummage","floor":2,"damage_taken":0},{"event_name":"Scrap Ooze","player_choice":"success","floor":8,"damage_taken":3},{"event_name":"Golden Shrine","player_choice":"Pray","floor":19,"damage_taken":0},{"event_name":"The Library","player_choice":"Read","floor":21,"damage_taken":0},{"event_name":"N\u0027loth","player_choice":"Traded a Dodecahedron","floor":30,"damage_taken":0},{"event_name":"Falling","player_choice":"Removed Power","floor":37,"damage_taken":0},{"event_name":"The Woman in Blue","player_choice":"Bought 0 Potions","floor":41,"damage_taken":0},{"event_name":"SensoryStone","player_choice":"Memory 1","floor":46,"damage_taken":0}],"boss_relics":[{"not_picked":["Pandora\u0027s Box","Orrery"],"picked":"Eternal Feather"},{"not_picked":["Coffee Dripper","Astrolabe"],"picked":"Empty Cage"}],"items_purged_floors":[3,13,20],"is_endless":true,"potions_floor_spawned":[6,10,12,24,25,27,33,38,44],"killed_by":"Time Eater","ascension_level":13}