{"gold_per_floor":[110,110,35,49,62,93,93,123,161,173,198,210,236,248,260,373,385,417,442,454,479,508,520,547,590,602,614,586,598,461,486,486,583,583,598,144,163,178,192,192,205,205,205,223,223,223,258,273,273,273],"floor_reached":51,"playtime":6459,"items_purged":["Strike_B","Strike_B","Defend_B"],"score":692,"play_id":"6f4c48e0-5d8d-416c-8f8e-2ddf2696f3c4","local_time":"20190324205314","is_ascension_mode":true,"campfire_choices":[{"floor":7.0,"key":"REST"},{"data":"Capacitor","floor":12.0,"key":"SMITH"},{"floor":15.0,"key":"REST"},{"data":"Electrodynamics","floor":23.0,"key":"SMITH"},{"data":"Defend_B","floor":27.0,"key":"SMITH"},{"data":"Redo","floor":29.0,"key":"SMITH"},{"data":"Dualcast","floor":32.0,"key":"SMITH"},{"data":"Seek","floor":40,"key":"SMITH"},{"data":"Seek","floor":42,"key":"SMITH"},{"data":"Redo","floor":46,"key":"SMITH"},{"data":"Seek","floor":49,"key":"SMITH"}],"neow_cost":"NONE","seed_source_timestamp":0,"circlet_count":0,"master_deck":["Strike_B","Strike_B","Defend_B+1","Defend_B+1","Zap+1","Dualcast+1","Leap","Capacitor+1","Leap","Compile Driver","Glacier+1","Doom and Gloom","Redo+1","Meteor Strike","Electrodynamics+1","Compile Driver","Sunder","Coolheaded+1","Seek+1","Seek+1","Consume+1","Seek+1","Redo+1","Sweeping Beam+1"],"special_seed":0,"relics":["Nuclear Battery","Bronze Scales","MawBank","Centennial Puzzle","Coffee Dripper","StoneCalendar","War Paint","Pen Nib","Eternal Feather","Frozen Egg 2","Pantograph","Sundial"],"potions_floor_usage":[33,38,50,50,50],"damage_taken":[{"damage":1.0,"enemies":"Cultist","floor":1.0,"turns":4.0},{"damage":0.0,"enemies":"Jaw Worm","floor":4.0,"turns":5.0},{"damage":5.0,"enemies":"Small Slimes","floor":5.0,"turns":5.0},{"damage":45.0,"enemies":"3 Sentries","floor":6.0,"turns":13.0},{"damage":8.0,"enemies":"Lagavulin","floor":8.0,"turns":9.0},{"damage":2.0,"enemies":"Red Slaver","floor":11.0,"turns":3.0},{"damage":6.0,"enemies":"Large Slime","floor":13.0,"turns":6.0},{"damage":16.0,"enemies":"Slime Boss","floor":16.0,"turns":7.0},{"damage":14.0,"enemies":"Spheric Guardian","floor":18.0,"turns":4.0},{"damage":2.0,"enemies":"2 Thieves","floor":19.0,"turns":4.0},{"damage":11.0,"enemies":"Centurion and Healer","floor":21.0,"turns":7.0},{"damage":10.0,"enemies":"Chosen and Byrds","floor":22.0,"turns":4.0},{"damage":1.0,"enemies":"Cultist and Chosen","floor":24.0,"turns":4.0},{"damage":17.0,"enemies":"Gremlin Leader","floor":25.0,"turns":4.0},{"damage":3,"enemies":"Champ","floor":33,"turns":10},{"damage":5,"enemies":"3 Darklings","floor":35,"turns":3},{"damage":2,"enemies":"3 Shapes","floor":37,"turns":4},{"damage":3,"enemies":"Transient","floor":38,"turns":5},{"damage":7,"enemies":"Spire Growth","floor":39,"turns":3},{"damage":0,"enemies":"Jaw Worm Horde","floor":41,"turns":2},{"damage":0,"enemies":"Transient","floor":44,"turns":5},{"damage":3,"enemies":"Giant Head","floor":47,"turns":8},{"damage":8,"enemies":"Spire Growth","floor":48,"turns":2},{"damage":53,"enemies":"Awakened One","floor":50,"turns":12}],"seed_played":"235375520090284700","potions_obtained":[{"floor":1.0,"key":"SmokeBomb"},{"floor":6.0,"key":"Swift Potion"},{"floor":11.0,"key":"Poison Potion"},{"floor":18.0,"key":"Dexterity Potion"},{"floor":22.0,"key":"EssenceOfSteel"},{"floor":28.0,"key":"Swift Potion"},{"floor":28.0,"key":"Swift Potion"},{"floor":28.0,"key":"AttackPotion"},{"floor":33,"key":"Fire Potion"},{"floor":38,"key":"AttackPotion"}],"is_trial":false,"path_per_floor":["M","?","$","M","M","E","R","E","T","$","M","R","M","$","R","B",null,"M","M","$","M","M","R","M","E","T","R","?","R","$","T","R","B",null,"M","$","M","M","M","R","M","R","T","M","?","R","E","M","R","B",null],"character_chosen":"DEFECT","items_purchased":["Poison Potion","Seek","Frozen Egg 2"],"campfire_rested":2,"item_purchase_floors":[30,36,36],"current_hp_per_floor":[74,74,74,74,69,24,46,38,38,38,36,36,30,30,52,36,75,61,59,59,48,38,38,37,20,20,20,20,20,20,20,20,17,75,70,70,68,65,58,70,70,75,75,75,75,75,72,64,75,22],"gold":273,"neow_bonus":"BOSS_RELIC","is_prod":false,"is_daily":false,"chose_seed":false,"campfire_upgraded":9,"win_rate":1,"timestamp":1553478794,"path_taken":["M","?","$","M","M","E","R","E","T","$","?","R","M","?","R","BOSS","M","M","$","M","M","R","M","E","T","R","?","R","$","?","R","BOSS","M","$","M","M","M","R","M","R","T","M","?","R","E","M","R","BOSS"],"build_version":"2019-01-23","purchased_purges":3,"victory":true,"max_hp_per_floor":[75,75,75,75,75,75,75,75,75,75,75,75,75,75,75,75,75,75,75,75,75,75,75,75,75,75,75,75,75,75,75,75,75,75,75,75,75,75,75,75,75,75,75,75,75,75,75,75,75,75],"card_choices":[{"not_picked":["Sweeping Beam","Self Repair"],"picked":"Leap","floor":1.0},{"not_picked":["Rebound","Redo"],"picked":"Capacitor","floor":4.0},{"not_picked":["Undo","Blizzard"],"picked":"Leap","floor":5.0},{"not_picked":["Cold Snap","White Noise"],"picked":"Compile Driver","floor":6.0},{"not_picked":["Scrape","Go for the Eyes"],"picked":"Glacier","floor":8.0},{"not_picked":["Conserve Battery","Ball Lightning"],"picked":"Doom and Gloom","floor":11.0},{"not_picked":["Darkness","Sweeping Beam"],"picked":"Redo","floor":13.0},{"not_picked":["Echo Form","Buffer"],"picked":"Meteor Strike","floor":16.0},{"not_picked":["Scrape","Barrage","Turbo"],"picked":"SKIP","floor":18.0},{"not_picked":["Beam Cell","Leap","FTL"],"picked":"SKIP","floor":19.0},{"not_picked":["Rebound","Turbo"],"picked":"Electrodynamics","floor":21.0},{"not_picked":["White Noise","Melter"],"picked":"Compile Driver","floor":22.0},{"not_picked":["Cold Snap+1","Stack+1"],"picked":"Sunder","floor":24.0},{"not_picked":["Hologram","Turbo+1"],"picked":"Coolheaded+1","floor":25.0},{"not_picked":["Meteor Strike","Reboot"],"picked":"Seek","floor":33},{"not_picked":["Ball Lightning","Cold Snap+1","Streamline"],"picked":"SKIP","floor":35},{"not_picked":["Go for the Eyes","Rip and Tear+1","Beam Cell"],"picked":"SKIP","floor":37},{"not_picked":["Stack+1","Tempest+1"],"picked":"Consume+1","floor":38},{"not_picked":["Doom and Gloom","Streamline","Scrape+1"],"picked":"SKIP","floor":39},{"not_picked":["Go for the Eyes","Double Energy"],"picked":"Seek","floor":41},{"not_picked":["Sweeping Beam","Melter+1"],"picked":"Redo","floor":44},{"not_picked":["BootSequence","Hello World+1"],"picked":"Sweeping Beam+1","floor":47},{"not_picked":["Force Field","Steam","Darkness+1"],"picked":"SKIP","floor":48}],"player_experience":58735,"relics_obtained":[{"floor":6.0,"key":"Bronze Scales"},{"floor":8.0,"key":"MawBank"},{"floor":9.0,"key":"Centennial Puzzle"},{"floor":25.0,"key":"StoneCalendar"},{"floor":26.0,"key":"War Paint"},{"floor":31.0,"key":"Pen Nib"},{"floor":43,"key":"Pantograph"},{"floor":47,"key":"Sundial"}],"event_choices":[{"damage_healed":0.0,"max_hp_gain":0.0,"max_hp_loss":0.0,"gold_gain":0.0,"event_name":"Upgrade Shrine","player_choice":"Upgraded","floor":2.0,"gold_loss":0.0,"damage_taken":0.0,"cards_upgraded":["Zap"]},{"damage_healed":0.0,"max_hp_gain":0.0,"max_hp_loss":0.0,"gold_gain":0.0,"event_name":"The Woman in Blue","player_choice":"Bought 3 Potions","floor":28.0,"gold_loss":0.0,"damage_taken":0.0},{"cards_removed":["Defend_B"],"damage_healed":0,"gold_gain":0,"player_choice":"Purged","damage_taken":0,"max_hp_gain":0,"max_hp_loss":0,"event_name":"Purifier","floor":45,"gold_loss":0}],"is_beta":false,"boss_relics":[{"not_picked":["Black Star","Runic Dome"],"picked":"Coffee Dripper"},{"not_picked":["Empty Cage","Orrery"],"picked":"Eternal Feather"}],"items_purged_floors":[3,30,36],"is_endless":false,"potions_floor_spawned":[1,6,11,18,22,24,33,37,38,41],"ascension_level":1}