{"path_per_floor":["M","$","?","M","?","E","?","T","T","E","R","M","M","$","R","B",null,"M","?","M","?","?","R"],"character_chosen":"DEFECT","items_purchased":["EssenceOfSteel"],"gold_per_floor":[114,39,39,50,50,81,81,81,81,111,111,126,96,24,24,120,120,132,132,142,142,0,0,0],"floor_reached":24,"campfire_rested":2,"playtime":686,"current_hp_per_floor":[71,71,71,71,71,65,58,58,58,45,45,45,41,41,66,37,85,53,37,8,8,8,35,0],"items_purged":["Defend_B"],"gold":0,"score":245,"play_id":"82150f67-992f-4fd0-8250-82ca97415498","local_time":"20180515030705","is_prod":false,"is_daily":false,"chose_seed":false,"is_ascension_mode":true,"campfire_upgraded":0,"timestamp":1526346425,"path_taken":["M","$","?","M","?","E","?","?","T","E","R","?","M","$","R","BOSS","M","?","?","?","?","R","E"],"build_version":"2018-05-12v2","seed_source_timestamp":837610141204799,"purchased_purges":1,"victory":false,"master_deck":["Strike_B","Defend_B","Defend_B","Defend_B","Zap+1","Dualcast","Fusion+1","Leap","Axe Kick","Darkness","Leap","Loop","Beam Cell","Leap","Barrage+1"],"max_hp_per_floor":[75,75,75,75,75,85,85,85,85,85,85,85,85,85,85,85,85,85,90,90,90,90,90,90],"relics":["Cracked Core","Pear","Bottled Flame","Bird Faced Urn","Peace Pipe","Inserter"],"card_choices":[{"not_picked":["Axe Kick","Barrage"],"picked":"Leap","floor":1},{"not_picked":["Turbo","Sunder"],"picked":"Axe Kick","floor":4},{"not_picked":["Skim","Beam Cell"],"picked":"Darkness","floor":6},{"not_picked":["Scrape","Steam"],"picked":"Leap","floor":10},{"not_picked":["Beam Cell","Recycle"],"picked":"Loop","floor":12},{"not_picked":["Leap","Stack"],"picked":"Beam Cell","floor":13},{"not_picked":["Streamline","Capacitor"],"picked":"Leap","floor":18},{"not_picked":["Steam+1","Go for the Eyes"],"picked":"Barrage+1","floor":20}],"player_experience":62658,"potions_floor_usage":[6,10,16,16],"damage_taken":[{"damage":4,"enemies":"Small Slimes","floor":1,"turns":3},{"damage":0,"enemies":"Cultist","floor":4,"turns":4},{"damage":16,"enemies":"Lagavulin","floor":6,"turns":7},{"damage":13,"enemies":"Gremlin Nob","floor":10,"turns":4},{"damage":0,"enemies":"Jaw Worm","floor":12,"turns":4},{"damage":6,"enemies":"Looter","floor":13,"turns":4},{"damage":46,"enemies":"Hexaghost","floor":16,"turns":10},{"damage":32,"enemies":"Spheric Guardian","floor":18,"turns":6},{"damage":31,"enemies":"Shell Parasite","floor":20,"turns":12},{"damage":41,"enemies":"Gremlin Leader","floor":24,"turns":3}],"event_choices":[{"event_name":"Upgrade Shrine","player_choice":"Upgraded","floor":3,"damage_taken":0},{"event_name":"Living Wall","player_choice":"Grow","floor":5,"damage_taken":0},{"event_name":"Golden Wing","player_choice":"Card Removal","floor":7,"damage_taken":0},{"event_name":"Forgotten Altar","player_choice":"Shed Blood","floor":19,"damage_taken":0},{"event_name":"Drug Dealer","player_choice":"Ignored","floor":21,"damage_taken":0},{"event_name":"Masked Bandits","player_choice":"Paid Bandits 142 gold","floor":22,"damage_taken":0}],"boss_relics":[{"not_picked":["Philosopher\u0027s Stone","Lizard Tail"],"picked":"Inserter"}],"potions_floor_spawned":[4,6,12],"seed_played":"72102258537929764","killed_by":"Gremlin Leader","ascension_level":2,"is_trial":false}