{"path_per_floor":["M","?","?","?","M","R","E","?","T","M","M","?","$","?","R","B",null,"M","$","?","M","?","E","R","M","T","R","M","R","M","M","R"],"character_chosen":"DEFECT","items_purchased":["War Paint","DataDisk"],"gold_per_floor":[119,119,119,219,232,232,258,258,258,273,288,288,67,67,67,163,163,174,19,19,34,34,60,60,80,80,80,92,92,111,127,127,127],"floor_reached":33,"campfire_rested":6,"playtime":1208,"current_hp_per_floor":[68,68,61,61,51,73,55,55,55,55,54,54,54,47,69,25,75,67,67,67,58,58,10,32,10,10,32,32,54,20,4,26,0],"items_purged":["Strike_B"],"gold":127,"score":305,"play_id":"3caaf71c-1afe-454c-8a3f-c2fd22b89e43","local_time":"20180518051519","is_prod":false,"is_daily":false,"chose_seed":false,"is_ascension_mode":true,"campfire_upgraded":0,"timestamp":1526613319,"campfire_choices":[{"floor":6,"key":"REST"},{"floor":15,"key":"REST"},{"floor":24,"key":"REST"},{"floor":27,"key":"REST"},{"floor":29,"key":"REST"},{"floor":32,"key":"REST"}],"path_taken":["M","?","?","?","?","R","E","?","T","M","M","?","$","?","R","BOSS","M","$","?","?","?","E","R","M","T","R","M","R","M","M","R","BOSS"],"build_version":"2018-05-17","seed_source_timestamp":1103978294020998,"purchased_purges":1,"victory":false,"master_deck":["Strike_B","Strike_B","Defend_B+1","Defend_B","Defend_B+1","Defend_B","Zap+1","Dualcast","Beam Cell","Cold Snap","Reinforced Body","Zap+1","Defragment","Melter","Fission","Tempest+1","Cold Snap","Cold Snap","Skim+1","Go for the Eyes+1","Coolheaded+1"],"max_hp_per_floor":[75,75,75,75,75,75,75,75,75,75,75,75,75,75,75,75,75,75,75,75,75,75,75,75,75,75,75,75,75,75,75,75,75],"relics":["Cracked Core","Potion Belt","Torii","Boot","Bottled Lightning","War Paint","Inserter","DataDisk","Toolbox","Lantern"],"card_choices":[{"not_picked":["Fusion","Coolheaded"],"picked":"Beam Cell","floor":1},{"not_picked":["Chaos","Heatsinks"],"picked":"Cold Snap","floor":5},{"not_picked":["Rebound","Hologram"],"picked":"Reinforced Body","floor":7},{"not_picked":["Sweeping Beam","Streamline"],"picked":"Defragment","floor":10},{"not_picked":["Beam Cell","Axe Kick"],"picked":"Melter","floor":11},{"not_picked":["Rainbow","Nova"],"picked":"Fission","floor":16},{"not_picked":["Redo","Ball Lightning"],"picked":"Tempest+1","floor":18},{"not_picked":["Barrage","Beam Cell"],"picked":"Cold Snap","floor":21},{"not_picked":["Force Field","Aggregate"],"picked":"Cold Snap","floor":23},{"not_picked":["Genetic Algorithm","Recycle","Streamline"],"picked":"SKIP","floor":25},{"not_picked":["Rebound+1","Axe Kick"],"picked":"Skim+1","floor":28},{"not_picked":["Lockon","Undo"],"picked":"Go for the Eyes+1","floor":30},{"not_picked":["Lockon+1","Rainbow"],"picked":"Coolheaded+1","floor":31}],"player_experience":73147,"potions_floor_usage":[11,25,30,33,33,33],"damage_taken":[{"damage":7,"enemies":"Jaw Worm","floor":1,"turns":2},{"damage":10,"enemies":"Small Slimes","floor":5,"turns":3},{"damage":18,"enemies":"Gremlin Nob","floor":7,"turns":4},{"damage":0,"enemies":"2 Louse","floor":10,"turns":2},{"damage":1,"enemies":"Large Slime","floor":11,"turns":5},{"damage":44,"enemies":"Hexaghost","floor":16,"turns":12},{"damage":8,"enemies":"Shell Parasite","floor":18,"turns":6},{"damage":9,"enemies":"3 Byrds","floor":21,"turns":5},{"damage":48,"enemies":"Gremlin Leader","floor":23,"turns":7},{"damage":37,"enemies":"Snecko","floor":25,"turns":6},{"damage":0,"enemies":"Chosen and Byrds","floor":28,"turns":5},{"damage":34,"enemies":"Slaver and Parasite","floor":30,"turns":6},{"damage":16,"enemies":"Snake Plant","floor":31,"turns":5},{"damage":49,"enemies":"Automaton","floor":33,"turns":6}],"relics_obtained":[{"floor":7,"key":"Boot"},{"floor":9,"key":"Bottled Lightning"},{"floor":23,"key":"Toolbox"},{"floor":26,"key":"Lantern"}],"event_choices":[{"event_name":"Big Fish","player_choice":"Box","floor":2,"damage_taken":0},{"event_name":"Scrap Ooze","player_choice":"success","floor":3,"damage_taken":7},{"event_name":"Wheel of Change","player_choice":"Gold","floor":4,"damage_taken":0},{"event_name":"Match and Keep!","player_choice":"1 cards matched","floor":8,"damage_taken":0},{"event_name":"Living Wall","player_choice":"Forget","floor":12,"damage_taken":0},{"event_name":"Golden Wing","player_choice":"Card Removal","floor":14,"damage_taken":0},{"event_name":"Upgrade Shrine","player_choice":"Upgraded","floor":20,"damage_taken":0},{"event_name":"Addict","player_choice":"Ignored","floor":22,"damage_taken":0}],"boss_relics":[{"not_picked":["Cursed Key","Snecko Eye"],"picked":"Inserter"}],"potions_floor_spawned":[7,11,23,28,30,31],"seed_played":"1049819216948823724","killed_by":"Automaton","ascension_level":3,"potions_obtained":[{"floor":7,"key":"FocusPotion"},{"floor":11,"key":"SteroidPotion"},{"floor":23,"key":"Regen Potion"},{"floor":28,"key":"Energy Potion"},{"floor":30,"key":"Explosive Potion"},{"floor":31,"key":"LiquidBronze"}],"is_trial":false}