{"gold_per_floor":[117,117,142,142,162,162,86,86,86,86,100,100,19,34,34,158,158,182,196,196],"floor_reached":20,"playtime":4251,"items_purged":[],"score":246,"play_id":"53c3f225-dcb6-47f0-9182-0eef7d32af4d","local_time":"20190301135720","is_ascension_mode":true,"campfire_choices":[{"data":"Hello World","floor":6.0,"key":"SMITH"},{"data":"Lockon","floor":8.0,"key":"SMITH"},{"floor":12,"key":"REST"},{"floor":15,"key":"REST"}],"neow_cost":"NONE","seed_source_timestamp":994183307721353,"circlet_count":0,"master_deck":["AscendersBane","Strike_B","Strike_B","Strike_B","Strike_B","Defend_B","Defend_B","Defend_B","Defend_B","Zap","Dualcast","Tempest","Lockon+1","Hello World+1","Glacier","Zap","Skim","Core Surge","Ball Lightning","Rebound","Genetic Algorithm","Leap","Seek","Hologram+1","Cold Snap"],"special_seed":0,"relics":["FrozenCore","Lantern","Golden Idol","Matryoshka"],"potions_floor_usage":[11,16,19],"damage_taken":[{"damage":0.0,"enemies":"Small Slimes","floor":1.0,"turns":2.0},{"damage":7.0,"enemies":"Jaw Worm","floor":3.0,"turns":2.0},{"damage":0.0,"enemies":"2 Louse","floor":5.0,"turns":2.0},{"damage":35,"enemies":"Gremlin Gang","floor":11,"turns":3},{"damage":0,"enemies":"2 Fungi Beasts","floor":14,"turns":3},{"damage":48,"enemies":"The Guardian","floor":16,"turns":13},{"damage":18,"enemies":"Spheric Guardian","floor":18,"turns":7},{"damage":34,"enemies":"3 Byrds","floor":19,"turns":5},{"damage":18,"enemies":"Cultist and Chosen","floor":20,"turns":4}],"seed_played":"2556668641041091671","potions_obtained":[{"floor":3.0,"key":"Strength Potion"},{"floor":11,"key":"Regen Potion"},{"floor":14,"key":"Swift Potion"},{"floor":19,"key":"Ancient Potion"}],"is_trial":false,"path_per_floor":["M","?","M","?","M","R","$","R","T","?","M","R","$","M","R","B",null,"M","M","M"],"character_chosen":"DEFECT","items_purchased":["Glacier","Genetic Algorithm"],"campfire_rested":2,"item_purchase_floors":[7,13],"current_hp_per_floor":[68,68,61,54,54,54,54,54,54,54,19,41,41,41,63,30,64,46,12,0],"gold":196,"neow_bonus":"RANDOM_COMMON_RELIC","is_prod":false,"is_daily":false,"chose_seed":false,"campfire_upgraded":2,"win_rate":0,"timestamp":1551470240,"path_taken":["M","?","M","?","M","R","?","R","T","?","M","R","$","M","R","BOSS","M","?","M"],"build_version":"2019-01-23","purchased_purges":0,"victory":false,"max_hp_per_floor":[75,75,75,75,75,75,75,75,75,75,75,75,75,75,75,75,75,75,75,75],"card_choices":[{"not_picked":["Streamline","Go for the Eyes"],"picked":"Tempest","floor":1.0},{"not_picked":["Compile Driver","Consume"],"picked":"Lockon","floor":3.0},{"not_picked":["Consume","Beam Cell"],"picked":"Hello World","floor":5.0},{"not_picked":["Storm","Streamline"],"picked":"Rebound","floor":11},{"not_picked":["Go for the Eyes","Streamline"],"picked":"Leap","floor":14},{"not_picked":["Fission","Hyperbeam"],"picked":"Seek","floor":16},{"not_picked":["Melter","Steam"],"picked":"Hologram+1","floor":18},{"not_picked":["Redo","Storm+1"],"picked":"Cold Snap","floor":19}],"player_experience":585149,"relics_obtained":[{"floor":9.0,"key":"Matryoshka"}],"event_choices":[{"damage_healed":0.0,"max_hp_gain":0.0,"max_hp_loss":0.0,"gold_gain":0.0,"event_name":"Golden Idol","player_choice":"Take Wound","floor":2.0,"gold_loss":0.0,"damage_taken":0.0,"relics_obtained":["Golden Idol"],"cards_obtained":["Injury"]},{"cards_removed":["Injury"],"damage_healed":0.0,"max_hp_gain":0.0,"max_hp_loss":0.0,"gold_gain":0.0,"event_name":"Golden Wing","player_choice":"Card Removal","floor":4.0,"gold_loss":0.0,"damage_taken":7.0},{"damage_healed":0,"gold_gain":0,"player_choice":"4 cards matched","damage_taken":0,"max_hp_gain":0,"max_hp_loss":0,"event_name":"Match and Keep!","floor":10,"gold_loss":0,"cards_obtained":["Zap","Skim","Core Surge","Ball Lightning"]}],"is_beta":false,"boss_relics":[{"not_picked":["White Beast Statue","Empty Cage"],"picked":"FrozenCore"}],"items_purged_floors":[],"is_endless":false,"potions_floor_spawned":[3,11,14,19],"killed_by":"Cultist and Chosen","ascension_level":10}