{"gold_per_floor":[114,114,114,27,46,77,77,93,93,93,168,168,118,128,128,229,229,239,269,283,283,11,11,46,46,46,63,63,43,57,86,86,184,184,201,225,243,243,243,243,261,289,358,358,13,13,113,123,123,123],"floor_reached":50,"playtime":2251,"items_purged":["Writhe"],"score":706,"play_id":"641505e1-fae5-49d1-9089-c6850cb43cd0","local_time":"20190305231922","is_ascension_mode":true,"campfire_choices":[{"data":"Discovery","floor":7,"key":"SMITH"},{"data":"White Noise","floor":10,"key":"SMITH"},{"data":"Defragment","floor":12,"key":"SMITH"},{"floor":15,"key":"REST"},{"data":"Hologram","floor":23,"key":"SMITH"},{"data":"Dualcast","floor":28,"key":"SMITH"},{"data":"Loop","floor":32,"key":"SMITH"},{"data":"Enlightenment","floor":40,"key":"SMITH"},{"data":"Echo Form","floor":46,"key":"SMITH"},{"floor":49,"key":"REST"}],"neow_cost":"NONE","seed_source_timestamp":1220809179981289,"circlet_count":0,"master_deck":["Strike_B","Strike_B","Defend_B","Defend_B","Defend_B","Zap+1","Dualcast+1","Electrodynamics","Cold Snap","Discovery+1","Defragment+1","Hologram+1","White Noise+1","Core Surge","Echo Form+1","Self Repair","Loop+1","Reboot","Heatsinks+1","Double Energy+1","White Noise+1","FTL+1","Enlightenment+1","Metamorphosis","Storm+1","Impatience+1","Defragment","Hologram+1"],"relics":["FrozenCore","Sundial","Strawberry","Ornamental Fan","Juzu Bracelet","Tiny Chest","Molten Egg 2","Lee\u0027s Waffle","Meat on the Bone","Happy Flower","FossilizedHelix","Astrolabe","Boot","Toxic Egg 2","Mercury Hourglass","Bottled Lightning","Emotion Chip"],"potions_floor_usage":[16,31,31,31,31,37,47,50,50],"damage_taken":[{"damage":2,"enemies":"Jaw Worm","floor":1,"turns":3},{"damage":0,"enemies":"Small Slimes","floor":5,"turns":2},{"damage":15,"enemies":"3 Sentries","floor":6,"turns":3},{"damage":0,"enemies":"Cultist","floor":8,"turns":4},{"damage":14,"enemies":"Exordium Wildlife","floor":14,"turns":3},{"damage":20,"enemies":"The Guardian","floor":16,"turns":8},{"damage":13,"enemies":"Spheric Guardian","floor":18,"turns":5},{"damage":39,"enemies":"2 Thieves","floor":20,"turns":4},{"damage":42,"enemies":"Gremlin Leader","floor":24,"turns":7},{"damage":7,"enemies":"Snake Plant","floor":27,"turns":6},{"damage":3,"enemies":"Sentry and Sphere","floor":30,"turns":4},{"damage":18,"enemies":"Slavers","floor":31,"turns":4},{"damage":40,"enemies":"Automaton","floor":33,"turns":10},{"damage":10,"enemies":"Orb Walker","floor":35,"turns":5},{"damage":0,"enemies":"3 Shapes","floor":37,"turns":2},{"damage":20,"enemies":"Maw","floor":41,"turns":7},{"damage":18,"enemies":"Nemesis","floor":42,"turns":7},{"damage":0,"enemies":"Mind Bloom Boss Battle","floor":47,"turns":6},{"damage":25,"enemies":"Sphere and 2 Shapes","floor":48,"turns":3},{"damage":74,"enemies":"Awakened One","floor":50,"turns":5}],"seed_played":"-8604965358321706430","potions_obtained":[{"floor":14,"key":"Block Potion"},{"floor":16,"key":"EssenceOfSteel"},{"floor":18,"key":"Strength Potion"},{"floor":29,"key":"EntropicBrew"},{"floor":33,"key":"Regen Potion"},{"floor":35,"key":"Swift Potion"},{"floor":47,"key":"Poison Potion"}],"is_trial":false,"path_per_floor":["M","?","?","$","M","E","R","M","T","R","?","R","?","M","R","B",null,"M","?","M","T","$","R","E","?","T","M","R","?","M","E","R","B",null,"M","T","M","?","?","R","M","E","T","?","$","R","?","M","R","B"],"character_chosen":"DEFECT","items_purchased":["Discovery","Lee\u0027s Waffle","Bottled Lightning","Impatience+1"],"campfire_rested":2,"item_purchase_floors":[4,22,45,45],"current_hp_per_floor":[66,66,63,63,63,55,55,55,55,55,44,44,44,30,54,34,70,57,57,18,18,89,89,54,54,54,54,54,54,58,59,59,38,76,80,80,87,87,82,82,69,65,65,65,65,65,74,49,74,0],"gold":123,"neow_bonus":"ONE_RANDOM_RARE_CARD","is_prod":false,"is_daily":false,"chose_seed":false,"campfire_upgraded":8,"win_rate":0,"timestamp":1551824362,"path_taken":["M","?","?","$","M","E","R","M","T","R","?","R","?","M","R","BOSS","M","?","M","?","?","R","E","?","T","M","R","?","M","E","R","BOSS","M","?","M","?","?","R","M","E","T","?","$","R","?","M","R","BOSS"],"build_version":"2019-01-23","purchased_purges":1,"victory":false,"max_hp_per_floor":[75,75,75,75,75,82,82,82,82,82,82,82,82,82,82,82,82,82,82,82,82,89,89,89,89,89,89,89,89,89,89,89,89,89,89,89,89,89,89,89,89,89,89,85,85,85,85,85,85,85],"card_choices":[{"not_picked":["Stack","Redo"],"picked":"Cold Snap","floor":1},{"not_picked":["Hologram","Stack"],"picked":"Defragment","floor":5},{"not_picked":["Storm","Turbo"],"picked":"Hologram","floor":6},{"not_picked":["Steam","Sweeping Beam"],"picked":"White Noise","floor":8},{"not_picked":["Sweeping Beam","Lockon"],"picked":"Core Surge","floor":14},{"not_picked":["Multi-Cast","Machine Learning"],"picked":"Echo Form","floor":16},{"not_picked":["Stack","Streamline+1","Compile Driver"],"picked":"SKIP","floor":18},{"not_picked":["Ball Lightning","Hologram"],"picked":"Self Repair","floor":20},{"not_picked":["Multi-Cast","Hologram","Lockon+1"],"picked":"SKIP","floor":24},{"not_picked":["Self Repair","Leap","Reinforced Body"],"picked":"SKIP","floor":27},{"not_picked":["Consume","Scrape+1","Gash+1"],"picked":"SKIP","floor":30},{"not_picked":["Rebound+1","Creative AI"],"picked":"Loop","floor":31},{"not_picked":["Creative AI","Fission"],"picked":"Reboot","floor":33},{"not_picked":["Leap+1","Genetic Algorithm+1"],"picked":"FTL+1","floor":35},{"not_picked":["Stack+1","Genetic Algorithm","Double Energy+1"],"picked":"SKIP","floor":37},{"not_picked":["Purity","PanicButton"],"picked":"Enlightenment","floor":39},{"not_picked":["Jack Of All Trades","Enlightenment"],"picked":"Metamorphosis","floor":39},{"not_picked":["Turbo+1","FTL+1","Leap"],"picked":"SKIP","floor":41},{"not_picked":["Compile Driver+1","Ball Lightning+1"],"picked":"Storm+1","floor":42},{"not_picked":["Conserve Battery+1","Stack+1"],"picked":"Defragment","floor":47},{"not_picked":["Barrage+1","Steam+1"],"picked":"Hologram+1","floor":48}],"player_experience":289178,"relics_obtained":[{"floor":6,"key":"Strawberry"},{"floor":9,"key":"Ornamental Fan"},{"floor":21,"key":"Molten Egg 2"},{"floor":24,"key":"Meat on the Bone"},{"floor":26,"key":"Happy Flower"},{"floor":31,"key":"FossilizedHelix"},{"floor":36,"key":"Boot"},{"floor":42,"key":"Toxic Egg 2"},{"floor":43,"key":"Mercury Hourglass"},{"floor":47,"key":"Emotion Chip"}],"event_choices":[{"damage_healed":0,"gold_gain":0,"player_choice":"Grow","damage_taken":0,"max_hp_gain":0,"max_hp_loss":0,"event_name":"Living Wall","floor":2,"gold_loss":0,"cards_upgraded":["Zap"]},{"damage_healed":0,"gold_gain":0,"player_choice":"Success","damage_taken":3,"relics_obtained":["Sundial"],"max_hp_gain":0,"max_hp_loss":0,"event_name":"Scrap Ooze","floor":3,"gold_loss":0},{"damage_healed":0,"gold_gain":75,"player_choice":"Gather Gold","damage_taken":11,"max_hp_gain":0,"max_hp_loss":0,"event_name":"World of Goop","floor":11,"gold_loss":0},{"damage_healed":0,"gold_gain":0,"player_choice":"Paid Gold","damage_taken":0,"relics_obtained":["Juzu Bracelet"],"max_hp_gain":0,"max_hp_loss":0,"event_name":"WeMeetAgain","floor":13,"gold_loss":50},{"damage_healed":0,"gold_gain":0,"player_choice":"Opened","damage_taken":0,"relics_obtained":["Tiny Chest"],"max_hp_gain":0,"max_hp_loss":0,"event_name":"The Mausoleum","floor":19,"gold_loss":0,"cards_obtained":["Writhe"]},{"damage_healed":0,"gold_gain":0,"player_choice":"Ignored","damage_taken":0,"max_hp_gain":0,"max_hp_loss":0,"event_name":"Beggar","floor":25,"gold_loss":0},{"damage_healed":0,"gold_gain":0,"player_choice":"Bought 1 Potion","damage_taken":0,"max_hp_gain":0,"max_hp_loss":0,"event_name":"The Woman in Blue","floor":29,"gold_loss":0},{"damage_healed":0,"gold_gain":0,"player_choice":"Ignored","damage_taken":0,"max_hp_gain":0,"max_hp_loss":0,"event_name":"Tomb of Lord Red Mask","floor":38,"gold_loss":0},{"damage_healed":0,"gold_gain":0,"player_choice":"Memory 2","damage_taken":5,"max_hp_gain":0,"max_hp_loss":0,"event_name":"SensoryStone","floor":39,"gold_loss":0},{"damage_healed":0,"gold_gain":0,"player_choice":"Max HP","damage_taken":0,"max_hp_gain":0,"max_hp_loss":4,"event_name":"Winding Halls","floor":44,"gold_loss":0},{"damage_healed":0,"gold_gain":0,"player_choice":"Fight","damage_taken":0,"max_hp_gain":0,"max_hp_loss":0,"event_name":"MindBloom","floor":47,"gold_loss":0}],"is_beta":false,"boss_relics":[{"not_picked":["Snecko Eye","Velvet Choker"],"picked":"FrozenCore"},{"not_picked":["Eternal Feather","Philosopher\u0027s Stone"],"picked":"Astrolabe"}],"items_purged_floors":[22],"is_endless":false,"potions_floor_spawned":[14,16,18,30,33,35,47],"killed_by":"Awakened One","ascension_level":8}