{"gold_per_floor":[116,78,92,19,31,58,58,121,121,137,137,151,151],"floor_reached":13,"playtime":438,"items_purged":[],"score":111,"play_id":"5d50b051-ab01-4dd5-9954-409edb57fcb2","local_time":"20190129011451","is_ascension_mode":true,"campfire_choices":[{"floor":7,"key":"REST"}],"neow_cost":"NONE","seed_source_timestamp":204778656571840,"circlet_count":0,"master_deck":["Strike_B","Strike_B","Strike_B","Strike_B","Defend_B","Defend_B","Defend_B","Defend_B","Zap","Dualcast","Biased Cognition","Cold Snap","Static Discharge","Ball Lightning","Self Repair","Self Repair","Darkness","Hello World","Capacitor+1","Rip and Tear"],"relics":["Cracked Core","Blood Vial","Regal Pillow","Frozen Egg 2"],"potions_floor_usage":[6,12,13],"damage_taken":[{"damage":2,"enemies":"Jaw Worm","floor":1,"turns":3},{"damage":18,"enemies":"Small Slimes","floor":3,"turns":2},{"damage":0,"enemies":"2 Louse","floor":5,"turns":3},{"damage":23,"enemies":"Lagavulin","floor":6,"turns":5},{"damage":51,"enemies":"3 Sentries","floor":8,"turns":6},{"damage":10,"enemies":"2 Fungi Beasts","floor":10,"turns":2},{"damage":26,"enemies":"Large Slime","floor":12,"turns":4},{"damage":33,"enemies":"Gremlin Nob","floor":13,"turns":3}],"seed_played":"-237475196077049609","potions_obtained":[{"floor":5,"key":"Weak Potion"},{"floor":8,"key":"Swift Potion"},{"floor":12,"key":"Fire Potion"}],"is_trial":false,"path_per_floor":["M","$","M","$","M","E","R","?","T","M","?","M","E"],"character_chosen":"DEFECT","items_purchased":["Static Discharge","Self Repair"],"campfire_rested":1,"item_purchase_floors":[2,4],"current_hp_per_floor":[66,66,48,48,48,39,61,26,26,25,25,15,0],"gold":151,"neow_bonus":"ONE_RANDOM_RARE_CARD","is_prod":false,"is_daily":false,"chose_seed":false,"campfire_upgraded":0,"win_rate":0,"timestamp":1548746091,"path_taken":["M","$","M","$","M","E","R","?","T","M","?","M","E"],"build_version":"2019-01-23","purchased_purges":0,"victory":false,"max_hp_per_floor":[75,75,75,75,75,75,75,75,75,75,75,75,75],"card_choices":[{"not_picked":["Reinforced Body","Stack"],"picked":"Cold Snap","floor":1},{"not_picked":["Streamline","Barrage"],"picked":"Ball Lightning","floor":3},{"not_picked":["Recycle","Steam"],"picked":"Self Repair","floor":5},{"not_picked":["Tempest","Chill"],"picked":"Darkness","floor":6},{"not_picked":["Glacier","Go for the Eyes"],"picked":"Hello World","floor":8},{"not_picked":["Barrage","Conserve Battery"],"picked":"Capacitor+1","floor":10},{"not_picked":["Hologram","Steam Power"],"picked":"Rip and Tear","floor":12}],"player_experience":365517,"relics_obtained":[{"floor":6,"key":"Blood Vial"},{"floor":8,"key":"Regal Pillow"},{"floor":9,"key":"Frozen Egg 2"}],"event_choices":[{"damage_healed":0,"gold_gain":0,"player_choice":"Searched \u00271\u0027 times","damage_taken":0,"max_hp_gain":0,"max_hp_loss":0,"event_name":"Dead Adventurer","floor":8,"gold_loss":0},{"damage_healed":0,"gold_gain":0,"player_choice":"Ignored","damage_taken":0,"max_hp_gain":0,"max_hp_loss":0,"event_name":"Liars Game","floor":11,"gold_loss":0}],"is_beta":false,"boss_relics":[],"items_purged_floors":[],"is_endless":false,"potions_floor_spawned":[5,8,12],"killed_by":"Gremlin Nob","ascension_level":6}