{"path_per_floor":["M","?","$","M","?","E","M","?","T","$","R","E","R","M","R","B",null,"M","?","$","?","M","E","R","E","T","R","M","E","?","T","R","B",null,"M","M","$","M","M"],"character_chosen":"THE_SILENT","items_purchased":["Finesse","Juzu Bracelet","Tiny Chest","Bronze Scales"],"gold_per_floor":[109,109,5,20,20,54,71,171,226,5,5,30,30,43,43,145,145,163,163,40,40,55,81,81,109,109,109,126,152,152,152,152,247,247,267,284,38,51,64,64],"floor_reached":40,"campfire_rested":4,"playtime":1988,"current_hp_per_floor":[66,66,66,62,62,37,37,37,37,37,58,38,59,59,59,54,70,68,68,68,68,59,41,62,29,29,50,49,32,32,32,32,16,56,56,56,56,24,30,0],"items_purged":["Strike_G","Doubt"],"gold":64,"score":525,"play_id":"f0fc140d-7079-4331-b712-03f790b847b2","local_time":"20180416013222","is_prod":false,"is_daily":false,"chose_seed":false,"is_ascension_mode":true,"campfire_upgraded":2,"timestamp":1523835142,"path_taken":["M","?","$","M","?","E","M","?","T","?","R","E","R","M","R","BOSS","M","?","?","?","M","E","R","E","T","R","M","E","?","?","R","BOSS","M","M","$","M","M","E"],"build_version":"2018-04-12","seed_source_timestamp":1521871869135614,"purchased_purges":2,"victory":false,"master_deck":["Defend_G","Defend_G","Defend_G","Defend_G","Survivor+1","Neutralize+1","Slice","Finesse","Noxious Fumes+1","Reflex+1","Acrobatics","Prepared","Distraction+1","Finesse","Dramatic Entrance","Bane","Underhanded Strike","Dash+1","Injury","PiercingWail","Calculated Gamble+1","Bite","Bite","Bite","Bite","Bite","Writhe","Setup+1","Tactician+1","Injury","Decay","Backstab+1","Prepared+1","Backflip+1","Bane+1"],"max_hp_per_floor":[70,70,70,70,70,70,70,70,70,70,70,70,70,70,70,70,70,70,70,70,70,70,70,70,70,70,70,70,70,49,49,49,49,56,56,56,56,56,56,56],"relics":["Ring of the Snake","Bottled Tornado","War Paint","Juzu Bracelet","Snake Skull","Cursed Key","Tiny Chest","Anchor","Prayer Wheel","Kunai","Dead Branch","Toxic Egg 2","Calling Bell","Strawberry","Regal Pillow","Pen Nib","Bronze Scales"],"card_choices":[{"not_picked":["Cloak And Dagger","Bane"],"picked":"Noxious Fumes","floor":4},{"not_picked":["Accuracy","Infinite Blades"],"picked":"Reflex","floor":6},{"not_picked":["Blade Dance","Poisoned Stab"],"picked":"Acrobatics","floor":7},{"not_picked":["A Thousand Cuts","Sucker Punch"],"picked":"Prepared","floor":14},{"not_picked":["Flechettes","Infinite Blades"],"picked":"Distraction","floor":18},{"not_picked":["Infinite Blades","Dash"],"picked":"Underhanded Strike","floor":23},{"not_picked":["Deflect","Infinite Blades"],"picked":"Dash","floor":25},{"not_picked":["Riddle With Holes","Dagger Spray"],"picked":"PiercingWail","floor":26},{"not_picked":["Dagger Spray","Cloak And Dagger"],"picked":"Calculated Gamble","floor":29},{"not_picked":["Dodge and Roll","Deadly Poison"],"picked":"Setup","floor":31},{"not_picked":["Unload","Burst"],"picked":"Tactician","floor":33},{"not_picked":["Backflip","Skewer"],"picked":"Backstab","floor":35},{"not_picked":["Dagger Throw","Dagger Spray"],"picked":"Prepared","floor":36},{"not_picked":["Riddle With Holes","Envenom"],"picked":"Backflip","floor":38},{"not_picked":["PiercingWail","Backflip"],"picked":"Bane","floor":39}],"player_experience":93895,"potions_floor_usage":[12,16,22,25,29,33,40,40,40],"damage_taken":[{"damage":4,"enemies":"Jaw Worm","floor":1,"turns":7},{"damage":4,"enemies":"Cultist","floor":4,"turns":4},{"damage":25,"enemies":"Lagavulin","floor":6,"turns":8},{"damage":0,"enemies":"Small Slimes","floor":7,"turns":4},{"damage":20,"enemies":"Gremlin Nob","floor":12,"turns":5},{"damage":0,"enemies":"2 Fungi Beasts","floor":14,"turns":3},{"damage":5,"enemies":"The Guardian","floor":16,"turns":10},{"damage":2,"enemies":"Shell Parasite","floor":18,"turns":7},{"damage":9,"enemies":"Chosen","floor":22,"turns":5},{"damage":18,"enemies":"Book of Stabbing","floor":23,"turns":7},{"damage":45,"enemies":"Gremlin Leader","floor":25,"turns":7},{"damage":1,"enemies":"Snake Plant","floor":28,"turns":5},{"damage":17,"enemies":"Book of Stabbing","floor":29,"turns":6},{"damage":42,"enemies":"Automaton","floor":33,"turns":13},{"damage":0,"enemies":"3 Shapes","floor":35,"turns":3},{"damage":0,"enemies":"Orb Walker","floor":36,"turns":3},{"damage":40,"enemies":"Sphere and 2 Shapes","floor":38,"turns":7},{"damage":4,"enemies":"4 Shapes","floor":39,"turns":5},{"damage":54,"enemies":"Giant Head","floor":40,"turns":8}],"event_choices":[{"event_name":"Transmorgrifier","player_choice":"Transform","floor":2,"damage_taken":0},{"event_name":"Liars Game","player_choice":"disagreed","floor":5,"damage_taken":0},{"event_name":"Golden Shrine","player_choice":"Pray","floor":8,"damage_taken":0},{"event_name":"Duplicator","player_choice":"One dupe","floor":19,"damage_taken":0},{"event_name":"Match and Keep!","player_choice":"2 cards matched","floor":21,"damage_taken":0},{"event_name":"Vampires","player_choice":"Became a vampire","floor":30,"damage_taken":0}],"boss_relics":[{"not_picked":["Runic Pyramid","Sozu"],"picked":"Cursed Key"},{"not_picked":["Snecko Eye","Pandora\u0027s Box"],"picked":"Calling Bell"}],"potions_floor_spawned":[7,12,16,23,25,33,35,36],"seed_played":"-8544063757250816619","killed_by":"Giant Head","ascension_level":1,"is_trial":false}