{"gold_per_floor":[109,109,123,141,109,109,16,16,16,32,51,82,100,115,115,115],"floor_reached":16,"playtime":785,"items_purged":[],"score":104,"play_id":"8b4a39de-34bf-43a5-bbf8-db8f043f0e8c","local_time":"20181014121446","is_ascension_mode":false,"campfire_choices":[{"data":"Zap","floor":8,"key":"SMITH"},{"floor":15,"key":"REST"}],"neow_cost":"NONE","seed_source_timestamp":159741807840320,"circlet_count":0,"master_deck":["Strike_B","Strike_B","Strike_B","Defend_B","Defend_B","Defend_B","Zap+1","Skim","Rebound","Flash of Steel","Hologram","Lockon","Streamline","FTL","Steam Power"],"relics":["Cracked Core","Prayer Wheel","Girya"],"potions_floor_usage":[12,12,14],"damage_taken":[{"damage":0,"enemies":"Small Slimes","floor":1,"turns":3},{"damage":4,"enemies":"Cultist","floor":3,"turns":4},{"damage":2,"enemies":"2 Louse","floor":4,"turns":3},{"damage":8,"enemies":"Gremlin Gang","floor":10,"turns":3},{"damage":11,"enemies":"3 Louse","floor":11,"turns":2},{"damage":22,"enemies":"3 Sentries","floor":12,"turns":4},{"damage":13,"enemies":"Exordium Wildlife","floor":13,"turns":3},{"damage":3,"enemies":"Blue Slaver","floor":14,"turns":2},{"damage":32,"enemies":"Hexaghost","floor":16,"turns":7}],"seed_played":"4017092036136244139","potions_obtained":[{"floor":4,"key":"SneckoOil"},{"floor":11,"key":"GamblersBrew"},{"floor":13,"key":"EssenceOfSteel"}],"is_trial":false,"path_per_floor":["M","?","M","M","?","?","$","R","T","M","M","E","M","M","R"],"character_chosen":"DEFECT","items_purchased":["Flash of Steel"],"campfire_rested":1,"item_purchase_floors":[7],"current_hp_per_floor":[75,75,71,69,69,62,62,62,62,54,43,21,8,5,27,0],"gold":115,"neow_bonus":"REMOVE_CARD","is_prod":false,"is_daily":false,"chose_seed":false,"campfire_upgraded":1,"win_rate":0,"timestamp":1539537286,"path_taken":["M","?","?","M","?","?","$","R","T","M","M","E","M","M","R","BOSS"],"build_version":"2018-10-11","purchased_purges":0,"victory":false,"max_hp_per_floor":[75,75,75,75,75,75,75,75,75,75,75,75,75,75,75,75],"card_choices":[{"not_picked":["Steam","White Noise","Stack"],"picked":"SKIP","floor":1},{"not_picked":["Sweeping Beam","Cold Snap"],"picked":"Skim","floor":3},{"not_picked":["Leap","Hologram"],"picked":"Rebound","floor":4},{"not_picked":["Compile Driver","Cold Snap"],"picked":"Hologram","floor":10},{"not_picked":["Heatsinks","Redo"],"picked":"Lockon","floor":10},{"not_picked":["FTL","Fusion"],"picked":"Streamline","floor":11},{"not_picked":["Rebound","Steam","Loop"],"picked":"SKIP","floor":11},{"not_picked":["Electrodynamics","Redo"],"picked":"FTL","floor":12},{"not_picked":["Chaos","Leap"],"picked":"Steam Power","floor":13},{"not_picked":["Fusion","Compile Driver","Coolheaded"],"picked":"SKIP","floor":13},{"not_picked":["Turbo","Cold Snap","BootSequence"],"picked":"SKIP","floor":14},{"not_picked":["Redo","Doom and Gloom","Conserve Battery"],"picked":"SKIP","floor":14}],"player_experience":50570,"relics_obtained":[{"floor":9,"key":"Prayer Wheel"},{"floor":12,"key":"Girya"}],"event_choices":[{"event_name":"Bonfire Elementals","player_choice":"BASIC","floor":2,"damage_taken":0},{"event_name":"World of Goop","player_choice":"Left","floor":5,"damage_taken":0},{"event_name":"Golden Wing","player_choice":"Card Removal","floor":6,"damage_taken":0}],"is_beta":false,"boss_relics":[],"items_purged_floors":[],"is_endless":false,"potions_floor_spawned":[4,11,13],"killed_by":"Hexaghost","ascension_level":0}