{"gold_per_floor":[112,112,187,57,68,103,103,123,147,147,179,189,204,223,223,321,321,333,333,333,353,353,353,381,394,394,410,40,40,40,40,40,40],"floor_reached":33,"playtime":2684,"items_purged":["Defend_B"],"score":420,"play_id":"b7503b4d-a46a-410a-bd93-8bf12d8e3f96","local_time":"20190314005125","is_ascension_mode":true,"campfire_choices":[{"floor":10,"key":"REST"},{"floor":15,"key":"REST"},{"floor":23,"key":"REST"},{"floor":29,"key":"REST"},{"floor":32,"key":"REST"}],"neow_cost":"NONE","seed_source_timestamp":1917098734115497,"circlet_count":0,"master_deck":["Strike_B","Strike_B","Strike_B","Defend_B","Defend_B+1","Defend_B+1","Zap","Dualcast","Conserve Battery","White Noise","Go for the Eyes","Conserve Battery","Hologram","Reinforced Body","Conserve Battery","Glacier","Chill","Loop","Echo Form","Double Energy+1","RitualDagger","Coolheaded","Coolheaded+1","Self Repair","Cold Snap+1"],"relics":["Cracked Core","Boot","Bag of Preparation","Vajra","Inserter","Question Card","MutagenicStrength","Gremlin Horn","Cables","Incense Burner"],"potions_floor_usage":[11,14,14,16,24,24],"damage_taken":[{"damage":2,"enemies":"2 Louse","floor":1,"turns":3},{"damage":2,"enemies":"Small Slimes","floor":5,"turns":3},{"damage":35,"enemies":"3 Sentries","floor":6,"turns":10},{"damage":0,"enemies":"Cultist","floor":8,"turns":4},{"damage":0,"enemies":"Gremlin Nob","floor":11,"turns":4},{"damage":0,"enemies":"3 Louse","floor":12,"turns":5},{"damage":6,"enemies":"2 Fungi Beasts","floor":13,"turns":4},{"damage":4,"enemies":"Exordium Wildlife","floor":14,"turns":6},{"damage":14,"enemies":"Slime Boss","floor":16,"turns":13},{"damage":0,"enemies":"Chosen","floor":18,"turns":8},{"damage":6,"enemies":"Spheric Guardian","floor":21,"turns":5},{"damage":32,"enemies":"Gremlin Leader","floor":24,"turns":12},{"damage":18,"enemies":"Snake Plant","floor":25,"turns":6},{"damage":0,"enemies":"Sentry and Sphere","floor":27,"turns":10},{"damage":71,"enemies":"Collector","floor":33,"turns":13}],"seed_played":"3987652557390307848","potions_obtained":[{"floor":5,"key":"Block Potion"},{"floor":7,"key":"SkillPotion"},{"floor":7,"key":"Fire Potion"},{"floor":8,"key":"LiquidBronze"},{"floor":11,"key":"SpeedPotion"},{"floor":14,"key":"Block Potion"},{"floor":16,"key":"SteroidPotion"},{"floor":18,"key":"FocusPotion"},{"floor":21,"key":"SkillPotion"}],"is_trial":false,"path_per_floor":["M","?","?","$","M","E","?","M","T","R","E","M","M","M","R","B",null,"M","?","?","M","?","R","E","M","T","M","$","R","$","?","R","B"],"character_chosen":"DEFECT","items_purchased":["White Noise","Go for the Eyes","Incense Burner"],"campfire_rested":5,"item_purchase_floors":[4,4,28],"current_hp_per_floor":[66,51,40,40,38,3,3,3,3,25,25,25,19,15,37,23,62,62,56,56,50,50,72,40,22,22,29,29,51,51,37,61,0],"gold":40,"neow_bonus":"REMOVE_CARD","is_prod":false,"is_daily":false,"chose_seed":false,"campfire_upgraded":0,"win_rate":0,"timestamp":1552521085,"path_taken":["M","?","?","$","M","E","?","M","T","R","E","M","?","M","R","BOSS","M","?","?","?","?","R","E","M","T","M","$","R","$","?","R","BOSS"],"build_version":"2019-01-23","purchased_purges":1,"victory":false,"max_hp_per_floor":[75,75,75,75,75,75,75,75,75,75,75,75,75,75,75,75,75,75,75,75,75,75,75,75,75,75,75,75,75,75,80,80,80],"card_choices":[{"not_picked":["Turbo","Doom and Gloom"],"picked":"Conserve Battery","floor":1},{"not_picked":["Stack","Blizzard"],"picked":"Conserve Battery","floor":5},{"not_picked":["Turbo","Reprogram"],"picked":"Hologram","floor":6},{"not_picked":["Hello World","Rip and Tear"],"picked":"Reinforced Body","floor":8},{"not_picked":["Rebound","Undo"],"picked":"Conserve Battery","floor":11},{"not_picked":["Leap","Barrage"],"picked":"Glacier","floor":12},{"not_picked":["Rebound","Steam Power"],"picked":"Chill","floor":13},{"not_picked":["Buffer","Chill"],"picked":"Loop","floor":14},{"not_picked":["Fission","Multi-Cast"],"picked":"Echo Form","floor":16},{"not_picked":["Tempest","Compile Driver+1"],"picked":"Double Energy+1","floor":18},{"not_picked":["Static Discharge","Conserve Battery+1","Chill"],"picked":"Coolheaded","floor":21},{"not_picked":["Recycle","Fission","Auto Shields+1"],"picked":"Coolheaded+1","floor":24},{"not_picked":["Gash+1","Sweeping Beam+1","Turbo"],"picked":"Self Repair","floor":25},{"not_picked":["Chill","Streamline","Beam Cell+1"],"picked":"Cold Snap+1","floor":27}],"player_experience":293906,"relics_obtained":[{"floor":6,"key":"Boot"},{"floor":9,"key":"Bag of Preparation"},{"floor":11,"key":"Vajra"},{"floor":24,"key":"Gremlin Horn"},{"floor":26,"key":"Cables"}],"event_choices":[{"damage_healed":0,"gold_gain":0,"player_choice":"Entered Light","damage_taken":15,"max_hp_gain":0,"max_hp_loss":0,"event_name":"Shining Light","floor":2,"gold_loss":0,"cards_upgraded":["Defend_B","Defend_B"]},{"damage_healed":0,"gold_gain":75,"player_choice":"Gather Gold","damage_taken":11,"max_hp_gain":0,"max_hp_loss":0,"event_name":"World of Goop","floor":3,"gold_loss":0},{"damage_healed":0,"gold_gain":0,"player_choice":"Got Potions","damage_taken":0,"max_hp_gain":0,"max_hp_loss":0,"event_name":"Lab","floor":7,"gold_loss":0},{"damage_healed":0,"gold_gain":0,"player_choice":"Joined the Cult","damage_taken":6,"max_hp_gain":0,"max_hp_loss":0,"event_name":"Nest","floor":19,"gold_loss":0,"cards_obtained":["RitualDagger"]},{"damage_healed":0,"gold_gain":0,"player_choice":"Opened","damage_taken":0,"relics_obtained":["Question Card"],"max_hp_gain":0,"max_hp_loss":0,"event_name":"The Mausoleum","floor":20,"gold_loss":0},{"damage_healed":0,"gold_gain":0,"player_choice":"Inject Mutagens","damage_taken":0,"relics_obtained":["MutagenicStrength"],"max_hp_gain":0,"max_hp_loss":0,"event_name":"Drug Dealer","floor":22,"gold_loss":0},{"damage_healed":0,"gold_gain":0,"player_choice":"Shed Blood","damage_taken":19,"max_hp_gain":5,"max_hp_loss":0,"event_name":"Forgotten Altar","floor":31,"gold_loss":0}],"is_beta":false,"boss_relics":[{"not_picked":["Coffee Dripper","Fusion Hammer"],"picked":"Inserter"}],"items_purged_floors":[28],"is_endless":false,"potions_floor_spawned":[5,8,11,12,14,16,18,21],"killed_by":"Collector","ascension_level":8}