{"path_per_floor":["M","?","?","$","M","R","M","E","T","?","R","M","R","M","R","B",null,"M","M","T"],"character_chosen":"DEFECT","items_purchased":[],"gold_per_floor":[113,63,63,63,82,82,98,141,141,141,141,166,166,179,179,299,299,322,337,362,362],"floor_reached":21,"campfire_rested":2,"playtime":509,"item_purchase_floors":[],"current_hp_per_floor":[63,63,45,45,43,65,64,27,27,75,75,59,75,75,75,46,68,60,17,17,0],"items_purged":[],"gold":362,"score":251,"play_id":"8ca53d14-1ba9-432d-8f46-7d956eb2d257","local_time":"20180529051531","is_prod":false,"is_daily":false,"chose_seed":false,"is_ascension_mode":true,"campfire_upgraded":2,"win_rate":0,"timestamp":1527563731,"campfire_choices":[{"floor":6,"key":"REST"},{"data":"Zap","floor":11,"key":"SMITH"},{"floor":13,"key":"REST"},{"data":"Dualcast","floor":15,"key":"SMITH"}],"path_taken":["M","?","?","$","M","R","?","E","T","?","R","M","R","M","R","BOSS","M","M","?","?"],"build_version":"2018-05-27","seed_source_timestamp":92574059599145,"purchased_purges":0,"victory":false,"master_deck":["Strike_B","Strike_B","Strike_B","Defend_B","Defend_B","Defend_B","Defend_B","Zap+1","Dualcast+1","Ball Lightning","Gash","Go for the Eyes","Chaos","White Noise","Rainbow","Loop","Beam Cell"],"max_hp_per_floor":[75,75,75,75,75,75,75,75,75,75,75,75,75,75,75,75,75,75,75,75,75],"relics":["Cracked Core","Bronze Scales","Golden Idol","Gambling Chip","Calipers","Nuclear Battery","Vajra"],"card_choices":[{"not_picked":["Rebound","Go for the Eyes"],"picked":"Ball Lightning","floor":1},{"not_picked":["Ball Lightning","Coolheaded"],"picked":"Gash","floor":5},{"not_picked":["Thunder Strike","Static Discharge"],"picked":"BootSequence","floor":7},{"not_picked":["Rip and Tear","Cold Snap"],"picked":"Go for the Eyes","floor":8},{"not_picked":["Reprogram","Redo"],"picked":"Chaos","floor":12},{"not_picked":["Beam Cell","Compile Driver"],"picked":"White Noise","floor":14},{"not_picked":["Multi-Cast","Amplify"],"picked":"Rainbow","floor":16},{"not_picked":["Rebound","Stack+1"],"picked":"Loop","floor":18},{"not_picked":["Reprogram","Go for the Eyes"],"picked":"Beam Cell","floor":19}],"player_experience":111928,"potions_floor_usage":[8,12,19,19],"damage_taken":[{"damage":5,"enemies":"Small Slimes","floor":1,"turns":3},{"damage":2,"enemies":"Jaw Worm","floor":5,"turns":2},{"damage":1,"enemies":"Cultist","floor":7,"turns":3},{"damage":37,"enemies":"Lagavulin","floor":8,"turns":6},{"damage":16,"enemies":"Exordium Thugs","floor":12,"turns":3},{"damage":0,"enemies":"Large Slime","floor":14,"turns":3},{"damage":29,"enemies":"Slime Boss","floor":16,"turns":8},{"damage":8,"enemies":"3 Byrds","floor":18,"turns":3},{"damage":43,"enemies":"Chosen","floor":19,"turns":6},{"damage":23,"enemies":"Snecko","floor":21,"turns":3}],"relics_obtained":[{"floor":8,"key":"Gambling Chip"},{"floor":9,"key":"Calipers"},{"floor":20,"key":"Vajra"}],"event_choices":[{"event_name":"The Cleric","player_choice":"Card Removal","floor":2,"damage_taken":0},{"event_name":"Golden Idol","player_choice":"Take Damage","floor":3,"damage_taken":0},{"event_name":"Bonfire Elementals","player_choice":"UNCOMMON","floor":10,"damage_taken":0}],"boss_relics":[{"not_picked":["Black Star","Calling Bell"],"picked":"Nuclear Battery"}],"items_purged_floors":[],"potions_floor_spawned":[7,8,16,18],"seed_played":"-1151915923585769458","killed_by":"Snecko","ascension_level":8,"potions_obtained":[{"floor":7,"key":"SpeedPotion"},{"floor":8,"key":"FocusPotion"},{"floor":16,"key":"SkillPotion"},{"floor":18,"key":"Weak Potion"}],"is_trial":false}