{"gold_per_floor":[118,118,10,24,24,49,49,74,74,74,92,92,108,123,123,199,199,119,119],"floor_reached":19,"playtime":687,"items_purged":[],"score":341,"play_id":"702d988b-9291-4e74-bf8f-68dde168a947","local_time":"20190404182228","is_ascension_mode":true,"campfire_choices":[{"floor":7.0,"key":"REST"},{"floor":10.0,"key":"REST"},{"floor":12.0,"key":"REST"},{"floor":15.0,"key":"REST"}],"neow_cost":"NONE","seed_source_timestamp":1285645696989731,"circlet_count":0,"master_deck":["AscendersBane","Strike_B","Strike_B","Strike_B","Strike_B","Defend_B+1","Defend_B","Defend_B","Defend_B","Zap","Dualcast","Static Discharge","Loop","Stack","Stack","Cold Snap","Buffer","Zap+1","Reinforced Body","Leap","Rebound","Cold Snap","Ball Lightning","Buffer","Coolheaded","Loop","Capacitor","Hello World","Steam","Redo+1"],"special_seed":0,"relics":["Black Star","War Paint","Darkstone Periapt","The Courier","Vajra","Shuriken","Orrery"],"potions_floor_usage":[],"damage_taken":[{"damage":6.0,"enemies":"Jaw Worm","floor":1.0,"turns":4.0},{"damage":18.0,"enemies":"2 Louse","floor":4.0,"turns":3.0},{"damage":21.0,"enemies":"Lagavulin","floor":6.0,"turns":9.0},{"damage":50.0,"enemies":"Gremlin Nob","floor":8.0,"turns":6.0},{"damage":0.0,"enemies":"Cultist","floor":11.0,"turns":5.0},{"damage":12.0,"enemies":"Looter","floor":13.0,"turns":4.0},{"damage":6.0,"enemies":"Blue Slaver","floor":14.0,"turns":5.0},{"damage":28.0,"enemies":"Hexaghost","floor":16.0,"turns":9.0},{"damage":19,"enemies":"2 Thieves","floor":18,"turns":4},{"damage":24,"enemies":"3 Byrds","floor":19,"turns":3}],"seed_played":"-2995335049032865066","potions_obtained":[{"floor":1.0,"key":"Energy Potion"},{"floor":13.0,"key":"Explosive Potion"},{"floor":14.0,"key":"Explosive Potion"}],"is_trial":false,"path_per_floor":["M","?","$","M","?","E","R","E","T","R","M","R","M","M","R","B",null,"M","M"],"character_chosen":"DEFECT","items_purchased":["Loop","Stack"],"campfire_rested":4,"item_purchase_floors":[3,3],"current_hp_per_floor":[58,71,71,53,53,32,53,3,3,24,24,45,33,27,48,20,58,39,15],"gold":119,"neow_bonus":"BOSS_RELIC","is_prod":false,"is_daily":false,"chose_seed":false,"campfire_upgraded":0,"win_rate":0,"timestamp":1554420148,"path_taken":["M","?","$","M","?","E","R","E","T","R","M","R","?","M","R","BOSS","M","M"],"build_version":"2019-01-23","purchased_purges":0,"victory":false,"max_hp_per_floor":[71,71,71,71,71,71,71,71,71,71,71,71,71,71,71,71,71,71,71],"card_choices":[{"not_picked":["Stack","Streamline"],"picked":"Static Discharge","floor":1.0},{"not_picked":["Aggregate","Gash"],"picked":"Stack","floor":4.0},{"not_picked":["Barrage","Sweeping Beam"],"picked":"Reinforced Body","floor":6.0},{"not_picked":["Undo","Darkness"],"picked":"Leap","floor":8.0},{"not_picked":["Compile Driver","Go for the Eyes"],"picked":"Rebound","floor":11.0},{"not_picked":["Redo","Turbo"],"picked":"Cold Snap","floor":13.0},{"not_picked":["Multi-Cast","Self Repair"],"picked":"Ball Lightning","floor":14.0},{"not_picked":["Multi-Cast","Seek"],"picked":"Buffer","floor":16.0},{"not_picked":["Sunder","Go for the Eyes"],"picked":"Coolheaded","floor":17.0},{"not_picked":["Streamline","Leap"],"picked":"Loop","floor":17.0},{"not_picked":["Beam Cell","Steam Power"],"picked":"Capacitor","floor":17.0},{"not_picked":["Beam Cell","Ball Lightning"],"picked":"Hello World","floor":17.0},{"not_picked":["Turbo","Doom and Gloom"],"picked":"Steam","floor":17.0},{"not_picked":["Aggregate","Rip and Tear+1"],"picked":"Redo+1","floor":18}],"player_experience":886276,"relics_obtained":[{"floor":6.0,"key":"War Paint"},{"floor":6.0,"key":"Darkstone Periapt"},{"floor":8.0,"key":"The Courier"},{"floor":8.0,"key":"Vajra"},{"floor":9.0,"key":"Shuriken"}],"event_choices":[{"damage_healed":23.0,"max_hp_gain":0.0,"max_hp_loss":0.0,"gold_gain":0.0,"event_name":"Big Fish","player_choice":"Banana","floor":2.0,"gold_loss":0.0,"damage_taken":0.0},{"damage_healed":0.0,"max_hp_gain":0.0,"max_hp_loss":0.0,"gold_gain":0.0,"event_name":"Match and Keep!","player_choice":"3 cards matched","floor":5.0,"gold_loss":0.0,"damage_taken":0.0,"cards_obtained":["Cold Snap","Buffer","Zap"]}],"is_beta":false,"boss_relics":[{"not_picked":["Calling Bell","Fusion Hammer"],"picked":"Orrery"}],"items_purged_floors":[],"is_endless":false,"potions_floor_spawned":[1,13,14],"killed_by":"3 Byrds","ascension_level":19}