{"gold_per_floor":[116,132,132,97,97,97,116,143,194,11,72,72,15,50,50,121,121,141,141,141,141,66,66,115,115],"floor_reached":25,"playtime":1054,"items_purged":[],"score":387,"play_id":"3147bec5-d0bb-4316-97d4-a986fccf4477","local_time":"20190316111447","is_ascension_mode":true,"campfire_choices":[{"floor":6.0,"key":"REST"},{"floor":12.0,"key":"REST"},{"floor":15.0,"key":"REST"},{"floor":23,"key":"REST"}],"neow_cost":"NONE","seed_source_timestamp":0,"circlet_count":0,"master_deck":["AscendersBane","Strike_B","Defend_B","Defend_B","Defend_B","Defend_B","Zap","Dualcast","Darkness","Leap","Stack","Leap","Coolheaded","HandOfGreed","Capacitor","Self Repair","Genetic Algorithm","Machine Learning","Cold Snap+1","Writhe","Doom and Gloom","Streamline","Hologram+1","Stack","Redo"],"special_seed":0,"relics":["FrozenCore","Centennial Puzzle","WingedGreaves","Dream Catcher","Odd Mushroom","Emotion Chip","Lantern"],"potions_floor_usage":[18,18,25],"damage_taken":[{"damage":4.0,"enemies":"Jaw Worm","floor":1.0,"turns":3.0},{"damage":2.0,"enemies":"2 Louse","floor":2.0,"turns":3.0},{"damage":9.0,"enemies":"Small Slimes","floor":7.0,"turns":4.0},{"damage":16.0,"enemies":"Lagavulin","floor":8.0,"turns":7.0},{"damage":11.0,"enemies":"The Mushroom Lair","floor":11.0,"turns":6.0},{"damage":1.0,"enemies":"Blue Slaver","floor":14.0,"turns":8.0},{"damage":37.0,"enemies":"Slime Boss","floor":16.0,"turns":12.0},{"damage":48,"enemies":"3 Byrds","floor":18,"turns":10},{"damage":13,"enemies":"2 Thieves","floor":22,"turns":5},{"damage":37,"enemies":"Slavers","floor":24,"turns":18},{"damage":15,"enemies":"Centurion and Healer","floor":25,"turns":1}],"seed_played":"-2784751377711995246","potions_obtained":[{"floor":8.0,"key":"PowerPotion"},{"floor":11.0,"key":"SpeedPotion"},{"floor":14.0,"key":"SkillPotion"},{"floor":16.0,"key":"Regen Potion"},{"floor":24,"key":"Weak Potion"}],"is_trial":false,"path_per_floor":["M","M","?","?","$","R","M","E","T","$","?","R","$","M","R","B",null,"M","?","?","?","M","R","E","M"],"character_chosen":"DEFECT","items_purchased":["HandOfGreed","SkillPotion"],"campfire_rested":4,"item_purchase_floors":[10,13],"current_hp_per_floor":[60,58,40,57,57,71,62,46,46,46,35,56,56,55,71,34,62,29,29,29,29,23,44,14,0],"gold":115,"neow_bonus":"TRANSFORM_CARD","is_prod":false,"is_daily":false,"chose_seed":false,"campfire_upgraded":0,"win_rate":0,"timestamp":1552752887,"path_taken":["M","M","?","?","$","R","M","E","T","$","?","R","?","?","R","BOSS","M","?","?","?","M","R","E","?"],"build_version":"2019-01-23","purchased_purges":0,"victory":false,"max_hp_per_floor":[71,71,71,71,71,71,71,71,71,71,71,71,71,71,71,71,71,71,71,71,71,71,71,71,71],"card_choices":[{"not_picked":["Gash","Sweeping Beam"],"picked":"Leap","floor":1.0},{"not_picked":["Compile Driver","Gash"],"picked":"Stack","floor":2.0},{"not_picked":["Rebound","Streamline"],"picked":"Leap","floor":7.0},{"not_picked":["Gash","Tempest"],"picked":"Coolheaded","floor":8.0},{"not_picked":["Sunder","Go for the Eyes"],"picked":"Capacitor","floor":11.0},{"not_picked":["Heatsinks","Redo"],"picked":"Self Repair","floor":14.0},{"not_picked":["Consume","Gash"],"picked":"Genetic Algorithm","floor":15.0},{"not_picked":["Creative AI","Core Surge"],"picked":"Machine Learning","floor":16.0},{"not_picked":["Ball Lightning","Blizzard"],"picked":"Cold Snap+1","floor":18},{"not_picked":["Beam Cell","Coolheaded"],"picked":"Hologram+1","floor":22},{"not_picked":["Barrage","Skim"],"picked":"Stack","floor":23},{"not_picked":["Biased Cognition","Streamline"],"picked":"Redo","floor":24}],"player_experience":729774,"relics_obtained":[{"floor":8.0,"key":"WingedGreaves"},{"floor":9.0,"key":"Dream Catcher"},{"floor":11.0,"key":"Odd Mushroom"},{"floor":24,"key":"Lantern"}],"event_choices":[{"damage_healed":0.0,"max_hp_gain":0.0,"max_hp_loss":0.0,"gold_gain":0.0,"event_name":"Scrap Ooze","player_choice":"Success","floor":3.0,"gold_loss":0.0,"damage_taken":18.0,"relics_obtained":["Centennial Puzzle"]},{"damage_healed":17.0,"max_hp_gain":0.0,"max_hp_loss":0.0,"gold_gain":0.0,"event_name":"The Cleric","player_choice":"Healed","floor":4.0,"gold_loss":35.0,"damage_taken":0.0},{"damage_healed":0.0,"max_hp_gain":0.0,"max_hp_loss":0.0,"gold_gain":0.0,"event_name":"Mushrooms","player_choice":"Fought Mushrooms","floor":11.0,"gold_loss":0.0,"damage_taken":0.0},{"damage_healed":0,"gold_gain":0,"player_choice":"Opened","damage_taken":0,"relics_obtained":["Emotion Chip"],"max_hp_gain":0,"max_hp_loss":0,"event_name":"The Mausoleum","floor":19,"gold_loss":0,"cards_obtained":["Writhe"]},{"damage_healed":0,"gold_gain":0,"cards_transformed":["Strike_B","Strike_B"],"player_choice":"Became Test Subject","damage_taken":0,"max_hp_gain":0,"max_hp_loss":0,"event_name":"Drug Dealer","floor":20,"gold_loss":0,"cards_obtained":["Doom and Gloom","Streamline"]},{"damage_healed":0,"gold_gain":0,"player_choice":"Ignored","damage_taken":0,"max_hp_gain":0,"max_hp_loss":0,"event_name":"Cursed Tome","floor":21,"gold_loss":0}],"is_beta":false,"boss_relics":[{"not_picked":["Busted Crown","Ectoplasm"],"picked":"FrozenCore"}],"items_purged_floors":[],"is_endless":false,"potions_floor_spawned":[8,11,14,16,24],"killed_by":"Centurion and Healer","ascension_level":16}