{"gold_per_floor":[118,43,62,62,78,78,104,121,121,137,137,137,48,125,125,221,221,241,241,241,73,145,177,196,53,53,69,69,88,88,88,88,185,185,205,205,216,267,3,29,29,58,58,58,72,22,22,39,39,39],"floor_reached":51,"playtime":2260,"items_purged":["Strike_R","Parasite"],"score":821,"play_id":"48f26fbc-f643-48ef-8cf2-ff5da947a1a8","local_time":"20181122113337","is_ascension_mode":false,"campfire_choices":[{"data":"Body Slam","floor":6,"key":"SMITH"},{"data":"Ghostly Armor","floor":11,"key":"SMITH"},{"data":"Good Instincts","floor":15,"key":"SMITH"},{"floor":28,"key":"REST"},{"floor":30,"key":"REST"},{"data":"Body Slam","floor":32,"key":"SMITH"},{"data":"Chrysalis","floor":41,"key":"SMITH"},{"floor":47,"key":"REST"},{"floor":49,"key":"REST"}],"neow_cost":"NONE","seed_source_timestamp":183971441663137,"circlet_count":0,"master_deck":["Defend_R+1","Defend_R","Defend_R","Defend_R","Bash","Headbutt","Body Slam+1","Ghostly Armor","Warcry","Ghostly Armor+1","Good Instincts+1","Impervious","Ghostly Armor","Armaments","Ghostly Armor","Shrug It Off","Iron Wave","Chrysalis+1","Body Slam+1","Feel No Pain+1","Impervious+1","Offering+1","Iron Wave","Shrug It Off+1","Shrug It Off+1","Dual Wield+1","Metallicize"],"relics":["Burning Blood","Ice Cream","Kunai","Letter Opener","Orrery","Enchiridion","Ornamental Fan","Toxic Egg 2","Blood Vial","Blue Candle","Runic Cube","Nunchaku","ClockworkSouvenir","Matryoshka","Incense Burner","Smiling Mask","Mummified Hand","GremlinMask"],"potions_floor_usage":[7,16,18,38,40,50,50],"damage_taken":[{"damage":1,"enemies":"Cultist","floor":1,"turns":4},{"damage":3,"enemies":"2 Louse","floor":3,"turns":3},{"damage":11,"enemies":"Jaw Worm","floor":5,"turns":3},{"damage":24,"enemies":"Lagavulin","floor":7,"turns":7},{"damage":0,"enemies":"Exordium Wildlife","floor":8,"turns":4},{"damage":4,"enemies":"Blue Slaver","floor":10,"turns":3},{"damage":58,"enemies":"Slime Boss","floor":16,"turns":18},{"damage":7,"enemies":"Spheric Guardian","floor":18,"turns":8},{"damage":29,"enemies":"Slavers","floor":23,"turns":9},{"damage":1,"enemies":"3 Byrds","floor":24,"turns":7},{"damage":23,"enemies":"Sentry and Sphere","floor":27,"turns":14},{"damage":0,"enemies":"Centurion and Healer","floor":29,"turns":5},{"damage":13,"enemies":"Automaton","floor":33,"turns":12},{"damage":6,"enemies":"Orb Walker","floor":35,"turns":2},{"damage":25,"enemies":"3 Darklings","floor":37,"turns":6},{"damage":16,"enemies":"2 Orb Walkers","floor":38,"turns":7},{"damage":11,"enemies":"Reptomancer","floor":40,"turns":6},{"damage":6,"enemies":"Nemesis","floor":42,"turns":5},{"damage":26,"enemies":"Writhing Mass","floor":45,"turns":5},{"damage":17,"enemies":"Jaw Worm Horde","floor":48,"turns":4},{"damage":4,"enemies":"Awakened One","floor":50,"turns":11}],"seed_played":"6733445639751920610","potions_obtained":[{"floor":3,"key":"AttackPotion"},{"floor":5,"key":"LiquidBronze"},{"floor":16,"key":"Poison Potion"},{"floor":23,"key":"Ancient Potion"},{"floor":27,"key":"Energy Potion"},{"floor":35,"key":"EssenceOfSteel"},{"floor":40,"key":"Strength Potion"},{"floor":48,"key":"Energy Potion"}],"is_trial":false,"path_per_floor":["M","$","M","?","M","R","E","M","T","M","R","?","$","T","R","B",null,"M","?","?","$","T","E","M","$","T","M","R","M","R","?","R","B",null,"M","?","M","?","$","E","R","E","T","?","M","$","R","M","R","B",null],"character_chosen":"IRONCLAD","items_purchased":["Good Instincts","Chrysalis","Blood Vial","Dual Wield+1","ClockworkSouvenir"],"campfire_rested":4,"item_purchase_floors":[13,21,25,39,39],"current_hp_per_floor":[80,80,80,80,75,75,57,63,63,65,65,65,65,65,65,13,80,79,64,48,48,48,25,30,30,30,15,40,48,73,73,73,68,85,85,85,66,58,58,55,55,57,57,57,39,39,63,54,78,82],"gold":39,"neow_bonus":"UPGRADE_CARD","is_prod":false,"is_daily":false,"chose_seed":false,"campfire_upgraded":5,"win_rate":0.0,"timestamp":1542882817,"path_taken":["M","$","M","?","?","R","E","M","T","M","R","?","?","?","R","BOSS","M","?","?","?","?","E","M","$","T","M","R","?","R","?","R","BOSS","M","?","?","?","?","E","R","E","T","?","M","$","R","M","R","BOSS"],"build_version":"2018-11-15","purchased_purges":2,"victory":true,"max_hp_per_floor":[80,80,80,80,80,80,80,80,80,80,80,80,80,80,80,80,80,80,85,85,85,85,85,85,85,85,85,85,85,85,85,85,85,85,85,85,85,85,85,85,85,85,85,85,85,82,82,82,82,82],"card_choices":[{"not_picked":["Dual Wield","Pommel Strike"],"picked":"Headbutt","floor":1},{"not_picked":["Armaments","Shrug It Off"],"picked":"Body Slam","floor":3},{"not_picked":["Rupture","Blood for Blood"],"picked":"Ghostly Armor","floor":5},{"not_picked":["Carnage","Second Wind","Flex"],"picked":"SKIP","floor":7},{"not_picked":["Thunderclap","Havoc"],"picked":"Warcry","floor":8},{"not_picked":["Clash","Headbutt"],"picked":"Ghostly Armor","floor":10},{"not_picked":["Bludgeon","Double Tap"],"picked":"Impervious","floor":16},{"not_picked":["Infernal Blade","Clash"],"picked":"Ghostly Armor","floor":17},{"not_picked":["Clothesline","Flex"],"picked":"Armaments","floor":17},{"not_picked":["Iron Wave","Twin Strike"],"picked":"Ghostly Armor","floor":17},{"not_picked":["Dual Wield","True Grit"],"picked":"Shrug It Off","floor":17},{"not_picked":["Pummel","Clash"],"picked":"Iron Wave","floor":17},{"not_picked":["Wild Strike+1","Shrug It Off","Clash"],"picked":"SKIP","floor":18},{"not_picked":["Havoc+1","True Grit","Reckless Charge"],"picked":"SKIP","floor":23},{"not_picked":["Brutality","Hemokinesis+1"],"picked":"Body Slam","floor":24},{"not_picked":["Battle Trance+1","Carnage","Rage+1"],"picked":"SKIP","floor":27},{"not_picked":["Burning Pact+1","Clash+1"],"picked":"Feel No Pain+1","floor":29},{"not_picked":["Berserk","Dark Embrace"],"picked":"Offering+1","floor":33},{"not_picked":["Havoc+1","Twin Strike"],"picked":"Iron Wave","floor":35},{"not_picked":["Headbutt+1","Thunderclap+1"],"picked":"Shrug It Off+1","floor":37},{"not_picked":["Evolve","True Grit+1"],"picked":"Shrug It Off+1","floor":38},{"not_picked":["Clash+1","Rage+1","Second Wind+1"],"picked":"SKIP","floor":40},{"not_picked":["Pommel Strike+1","Intimidate+1","True Grit+1"],"picked":"SKIP","floor":42},{"not_picked":["Headbutt","Rage+1","Spot Weakness+1"],"picked":"SKIP","floor":45},{"not_picked":["Wild Strike+1","Twin Strike+1"],"picked":"Metallicize","floor":48}],"player_experience":167329,"relics_obtained":[{"floor":7,"key":"Ice Cream"},{"floor":9,"key":"Kunai"},{"floor":14,"key":"Letter Opener"},{"floor":20,"key":"Enchiridion"},{"floor":22,"key":"Ornamental Fan"},{"floor":23,"key":"Toxic Egg 2"},{"floor":26,"key":"Blue Candle"},{"floor":38,"key":"Nunchaku"},{"floor":40,"key":"Matryoshka"},{"floor":42,"key":"Incense Burner"},{"floor":43,"key":"Smiling Mask"},{"floor":43,"key":"Mummified Hand"}],"event_choices":[{"cards_removed":["Strike_R"],"damage_healed":0,"gold_gain":0,"player_choice":"Offered Basic","damage_taken":0,"max_hp_gain":0,"max_hp_loss":0,"event_name":"Bonfire Elementals","floor":4,"gold_loss":0},{"cards_removed":["Strike_R"],"damage_healed":0,"gold_gain":0,"player_choice":"Forget","damage_taken":0,"max_hp_gain":0,"max_hp_loss":0,"event_name":"Living Wall","floor":12,"gold_loss":0},{"damage_healed":0,"gold_gain":0,"player_choice":"Shed Blood","damage_taken":20,"max_hp_gain":5,"max_hp_loss":0,"event_name":"Forgotten Altar","floor":19,"gold_loss":0},{"damage_healed":0,"gold_gain":0,"player_choice":"Obtained Book","damage_taken":16,"max_hp_gain":0,"max_hp_loss":0,"event_name":"Cursed Tome","floor":20,"gold_loss":0},{"damage_healed":0,"gold_gain":0,"cards_transformed":["Strike_R","Strike_R"],"player_choice":"Became Test Subject","damage_taken":0,"max_hp_gain":0,"max_hp_loss":0,"event_name":"Drug Dealer","floor":31,"gold_loss":0,"cards_obtained":["Impervious","Perfected Strike"]},{"cards_removed":["Perfected Strike"],"damage_healed":0,"gold_gain":0,"player_choice":"Purged","damage_taken":0,"max_hp_gain":0,"max_hp_loss":0,"event_name":"Purifier","floor":36,"gold_loss":0},{"damage_healed":0,"gold_gain":0,"player_choice":"Fight","damage_taken":0,"max_hp_gain":0,"max_hp_loss":0,"event_name":"Mysterious Sphere","floor":38,"gold_loss":0},{"damage_healed":0,"gold_gain":0,"player_choice":"Trade","damage_taken":0,"relics_obtained":["GremlinMask"],"max_hp_gain":0,"max_hp_loss":0,"event_name":"FaceTrader","floor":44,"gold_loss":0}],"is_beta":false,"boss_relics":[{"not_picked":["Coffee Dripper","Busted Crown"],"picked":"Orrery"},{"not_picked":["Snecko Eye","Runic Dome"],"picked":"Runic Cube"}],"items_purged_floors":[2,46],"is_endless":false,"potions_floor_spawned":[3,5,16,23,27,35,40,48],"ascension_level":0}