{"path_per_floor":["M","$","M","?","?","R","E","M","T","?","$","R","M","M","R","B",null,"M","M","?","M","M","R"],"character_chosen":"THE_SILENT","items_purchased":["Leg Sweep"],"gold_per_floor":[109,29,39,39,39,39,72,84,84,84,9,9,28,40,40,138,138,154,139,64,77,97,97,97],"floor_reached":24,"campfire_rested":3,"playtime":847,"current_hp_per_floor":[70,70,70,56,49,70,52,52,52,52,52,52,48,50,71,9,72,61,57,57,47,28,51,0],"items_purged":["Regret"],"gold":97,"score":228,"play_id":"15df8857-39c6-4973-b740-ecc65f1b5271","local_time":"20180424000830","is_prod":false,"is_daily":false,"chose_seed":false,"is_ascension_mode":true,"campfire_upgraded":0,"timestamp":1524521310,"path_taken":["M","$","M","?","?","R","E","M","T","?","$","R","?","M","R","BOSS","M","?","?","?","M","R","E"],"build_version":"2018-04-19","seed_source_timestamp":2209183601637449,"purchased_purges":1,"victory":false,"master_deck":["Defend_G+1","Defend_G","Defend_G","Defend_G","Strike_G","Strike_G","Strike_G","Strike_G","Survivor","Neutralize","Deadly Poison+1","Leg Sweep","Cloak And Dagger","Sucker Punch","Adrenaline","Crippling Poison+1"],"max_hp_per_floor":[70,70,70,70,70,70,70,70,70,70,70,70,70,72,72,72,72,74,74,74,76,78,78,78],"relics":["Ring of the Snake","Anchor","Girya","Shuriken","Singing Bowl","Black Star"],"card_choices":[{"not_picked":["Concentrate","Flechettes"],"picked":"Deadly Poison","floor":1},{"not_picked":["Setup","Flying Knee"],"picked":"Cloak And Dagger","floor":7},{"not_picked":["Deadly Poison","Outmaneuver"],"picked":"Sucker Punch","floor":13},{"not_picked":["Grand Finale","Die Die Die"],"picked":"Adrenaline","floor":16},{"not_picked":["Deadly Poison","Caltrops"],"picked":"Crippling Poison","floor":19}],"player_experience":119384,"potions_floor_usage":[18,21,22,22],"damage_taken":[{"damage":0,"enemies":"2 Louse","floor":1,"turns":3},{"damage":0,"enemies":"Small Slimes","floor":3,"turns":3},{"damage":18,"enemies":"3 Sentries","floor":7,"turns":14},{"damage":0,"enemies":"Cultist","floor":8,"turns":3},{"damage":4,"enemies":"3 Louse","floor":13,"turns":4},{"damage":0,"enemies":"Looter","floor":14,"turns":3},{"damage":62,"enemies":"Slime Boss","floor":16,"turns":14},{"damage":13,"enemies":"3 Byrds","floor":18,"turns":6},{"damage":4,"enemies":"2 Thieves","floor":19,"turns":4},{"damage":12,"enemies":"Snake Plant","floor":21,"turns":4},{"damage":21,"enemies":"Chosen and Byrds","floor":22,"turns":7},{"damage":59,"enemies":"Gremlin Leader","floor":24,"turns":7}],"event_choices":[{"event_name":"Shining Light","player_choice":"Entered Light","floor":4,"damage_taken":0},{"event_name":"Golden Wing","player_choice":"Card Removal","floor":5,"damage_taken":0},{"event_name":"Big Fish","player_choice":"Box","floor":10,"damage_taken":0},{"event_name":"Beggar","player_choice":"Gave Gold","floor":20,"damage_taken":0}],"boss_relics":[{"not_picked":["Sozu","Snecko Eye"],"picked":"Black Star"}],"potions_floor_spawned":[1,7,19,21],"seed_played":"-4576652393331755642","killed_by":"Gremlin Leader","ascension_level":3,"is_trial":false}