{"gold_per_floor":[216,235,42,42,54,54,64,91,91,110,120,135,155,155,155,155],"floor_reached":16,"playtime":721,"items_purged":[],"score":106,"play_id":"0f2b55e9-9122-4d30-807a-6224761b9759","local_time":"20180630014815","is_ascension_mode":false,"campfire_choices":[{"data":"Defragment","floor":6,"key":"SMITH"},{"floor":15,"key":"REST"}],"neow_cost":"NONE","seed_source_timestamp":800596346378189,"circlet_count":0,"master_deck":["Strike_B","Strike_B","Strike_B","Strike_B","Defend_B","Defend_B","Defend_B+1","Defend_B","Zap","Dualcast","Compile Driver","Redo","Sweeping Beam","Defragment+1","Coolheaded","Cold Snap","Conserve Battery+1","Buffer","Conserve Battery","Fusion","Conserve Battery","Reprogram","Streamline"],"relics":["Cracked Core","Regal Pillow","War Paint"],"potions_floor_usage":[8,8],"damage_taken":[{"damage":1,"enemies":"Cultist","floor":1,"turns":4},{"damage":7,"enemies":"Small Slimes","floor":2,"turns":4},{"damage":11,"enemies":"Jaw Worm","floor":5,"turns":2},{"damage":0,"enemies":"Large Slime","floor":7,"turns":5},{"damage":20,"enemies":"Gremlin Nob","floor":8,"turns":4},{"damage":3,"enemies":"Exordium Thugs","floor":10,"turns":4},{"damage":7,"enemies":"Blue Slaver","floor":11,"turns":4},{"damage":9,"enemies":"2 Fungi Beasts","floor":12,"turns":3},{"damage":3,"enemies":"Looter","floor":13,"turns":3},{"damage":52,"enemies":"Hexaghost","floor":16,"turns":14}],"seed_played":"5689804279142578849","potions_obtained":[{"floor":2,"key":"FocusPotion"},{"floor":5,"key":"PowerPotion"},{"floor":13,"key":"Block Potion"}],"is_trial":false,"path_per_floor":["M","M","$","$","M","R","M","E","T","M","M","M","M","?","R"],"character_chosen":"DEFECT","items_purchased":["Sweeping Beam","Defragment","Coolheaded","Cold Snap"],"campfire_rested":1,"item_purchase_floors":[3,3,3,3],"current_hp_per_floor":[74,67,67,67,56,56,56,36,36,33,26,17,14,14,51,0],"gold":155,"neow_bonus":"HUNDRED_GOLD","is_prod":false,"is_daily":false,"chose_seed":false,"campfire_upgraded":1,"win_rate":0.0,"timestamp":1530344895,"path_taken":["M","M","?","$","?","R","M","E","T","M","?","M","M","?","R","BOSS"],"build_version":"2018-06-28","purchased_purges":0,"victory":false,"max_hp_per_floor":[75,75,75,75,75,75,75,75,75,75,75,75,75,75,75,75],"card_choices":[{"not_picked":["Go for the Eyes","Capacitor"],"picked":"Compile Driver","floor":1},{"not_picked":["Gash","Go for the Eyes"],"picked":"Redo","floor":2},{"not_picked":["Ball Lightning","Compile Driver"],"picked":"Conserve Battery","floor":5},{"not_picked":["Beam Cell","Sweeping Beam"],"picked":"Buffer","floor":7},{"not_picked":["Tempest","Chill"],"picked":"Conserve Battery","floor":8},{"not_picked":["Capacitor","Cold Snap"],"picked":"Fusion","floor":10},{"not_picked":["Gash","Undo"],"picked":"Conserve Battery","floor":11},{"not_picked":["Streamline","Compile Driver"],"picked":"Reprogram","floor":12},{"not_picked":["Double Energy","Fusion"],"picked":"Streamline","floor":13}],"player_experience":39851,"relics_obtained":[{"floor":8,"key":"Regal Pillow"},{"floor":9,"key":"War Paint"}],"event_choices":[{"event_name":"Shining Light","player_choice":"Ignored","floor":14,"damage_taken":0}],"boss_relics":[],"items_purged_floors":[],"is_endless":false,"potions_floor_spawned":[2,5,13],"killed_by":"Hexaghost","ascension_level":0}