{"path_per_floor":["M","M","?","M","?","R","$","R","T","R","$","M","M","E","R","B",null,"M","M","?","$","?","E","R","?","T","?","$","M","R","M","R"],"character_chosen":"THE_SILENT","items_purchased":["Madness","Dagger Throw","Poisoned Stab","Jack Of All Trades"],"gold_per_floor":[119,129,129,148,148,148,28,28,28,28,3,16,29,56,56,161,161,180,193,108,6,6,40,40,40,40,40,40,56,56,71,71],"floor_reached":33,"campfire_rested":3,"playtime":2143,"current_hp_per_floor":[65,63,63,63,49,49,49,70,84,84,84,84,84,73,73,38,84,76,58,58,58,58,40,65,65,65,49,49,56,56,45,70],"items_purged":[],"gold":71,"play_id":"f98618eb-bf8b-424a-a03a-0361d814a6e4","is_prod":false,"is_daily":false,"is_ascension_mode":false,"campfire_upgraded":3,"path_taken":["M","M","?","M","?","R","?","R","T","R","$","M","M","E","R","BOSS","M","M","?","$","?","E","R","?","T","?","?","M","R","?","R","BOSS"],"build_version":"2018-01-25-PROD3","purchased_purges":0,"victory":false,"master_deck":["Defend_G+1","Defend_G","Defend_G","Defend_G","Strike_G","Strike_G","Strike_G","Neutralize+1","Dodge and Roll","Sucker Punch","Distraction+1","Madness+1","Dagger Throw","Poisoned Stab","Flying Knee","Slice","Envenom+1","After Image","Masterful Stab+1","Dagger Spray+1","Riddle With Holes+1","Flechettes","Slice","Jack Of All Trades","Infinite Blades","Choke+1","Flying Knee"],"max_hp_per_floor":[70,70,70,70,70,70,70,70,84,84,84,84,84,84,84,84,84,84,84,84,84,84,84,84,84,84,84,84,84,84,84,84],"relics":["Ring of the Snake","Oddly Smooth Stone","Mango","Bird Faced Urn","Astrolabe","Dodecahedron","Tough Bandages","Girya","Nilry\u0027s Codex"],"card_choices":[{"not_picked":["Caltrops","Blur"],"picked":"Dodge and Roll"},{"not_picked":["Malaise","Wraith Form"],"picked":"Sucker Punch"},{"not_picked":["Acrobatics","Deadly Poison"],"picked":"Distraction"},{"not_picked":["Deadly Poison","Prepared"],"picked":"Flying Knee"},{"not_picked":["PiercingWail","Caltrops"],"picked":"Slice"},{"not_picked":["Poisoned Stab","Caltrops"],"picked":"Envenom"},{"not_picked":["Venomology","Glass Knife"],"picked":"After Image"},{"not_picked":["Poisoned Stab","Dagger Throw"],"picked":"Flechettes"},{"not_picked":["Flechettes","Deadly Poison"],"picked":"Slice"},{"not_picked":["Deadly Poison","Calculated Gamble"],"picked":"Infinite Blades"},{"not_picked":["Slice","Acrobatics"],"picked":"Choke"},{"not_picked":["Dagger Throw","Unload"],"picked":"Flying Knee"}],"player_experience":8649,"potions_floor_usage":[14,16,23,23,31,31,33],"damage_taken":[{"damage":5,"enemies":"Jaw Worm","floor":1,"turns":7},{"damage":2,"enemies":"Blue Slaver","floor":2,"turns":5},{"damage":0,"enemies":"Cultist","floor":4,"turns":4},{"damage":0,"enemies":"Large Slime","floor":12,"turns":6},{"damage":0,"enemies":"Looter","floor":13,"turns":3},{"damage":20,"enemies":"Lagavulin","floor":14,"turns":5},{"damage":37,"enemies":"Hexaghost","floor":16,"turns":9},{"damage":10,"enemies":"Spheric Guardian","floor":18,"turns":4},{"damage":22,"enemies":"2 Thieves","floor":19,"turns":3},{"damage":24,"enemies":"Book of Stabbing","floor":23,"turns":5},{"damage":1,"enemies":"Slaver and Parasite","floor":29,"turns":9},{"damage":17,"enemies":"Sentry and Sphere","floor":31,"turns":7},{"damage":87,"enemies":"Automaton","floor":33,"turns":10}],"event_choices":[{"event_name":"Purifier","player_choice":"One Purge","floor":3,"damage_taken":0},{"event_name":"Shining Light","player_choice":"Entered Light","floor":5,"damage_taken":0},{"event_name":"Addict","player_choice":"Obtained Relic","floor":20,"damage_taken":0},{"event_name":"Drug Dealer","player_choice":"Ignored","floor":22,"damage_taken":0},{"event_name":"Beggar","player_choice":"Ignored","floor":25,"damage_taken":0},{"event_name":"Cursed Tome","player_choice":"Obtained Book","floor":27,"damage_taken":0}],"boss_relics":[{"not_picked":["Runic Pyramid","Black Star"],"picked":"Astrolabe"}],"potions_floor_spawned":[1,13,14,19,29,31],"seed_played":"-4642505605495865125","killed_by":"Automaton","ascension_level":0,"is_trial":false}