{"gold_per_floor":[113,129,129,148,166,166,200,189,246,47,47,47,75,95,95,196,196,214,234,234,250,270,270,270],"floor_reached":24,"playtime":1048,"items_purged":[],"score":252,"play_id":"94decf90-0833-47ea-8e8a-1304658f6d12","local_time":"20190227144432","is_ascension_mode":true,"campfire_choices":[{"data":"Clothesline","floor":6.0,"key":"SMITH"},{"data":"Enlightenment","floor":12.0,"key":"SMITH"},{"data":"Evolve","floor":15.0,"key":"SMITH"},{"data":"Demon Form","floor":23,"key":"SMITH"}],"neow_cost":"NONE","seed_source_timestamp":827322289226610,"circlet_count":0,"master_deck":["Strike_R","Strike_R","Strike_R","Strike_R","Strike_R","Defend_R","Defend_R","Defend_R","Defend_R","Bash","Wild Strike","Cleave","Clothesline+1","Reaper","Perfected Strike","Enlightenment+1","Evolve+1","Pommel Strike","Offering","Rampage","Flex","Demon Form+1","Bash","Headbutt","Rage","Perfected Strike","Double Tap"],"special_seed":0,"relics":["Burning Blood","NeowsBlessing","Lantern","Dream Catcher","Tiny Chest","Omamori","Torii","Runic Pyramid"],"potions_floor_usage":[],"damage_taken":[{"damage":0.0,"enemies":"Jaw Worm","floor":1.0,"turns":1.0},{"damage":0.0,"enemies":"Cultist","floor":2.0,"turns":1.0},{"damage":0.0,"enemies":"Small Slimes","floor":4.0,"turns":1.0},{"damage":10.0,"enemies":"Gremlin Gang","floor":5.0,"turns":6.0},{"damage":6.0,"enemies":"Gremlin Nob","floor":7.0,"turns":3.0},{"damage":19.0,"enemies":"Exordium Thugs","floor":8.0,"turns":4.0},{"damage":20.0,"enemies":"Lagavulin","floor":13.0,"turns":5.0},{"damage":0.0,"enemies":"Large Slime","floor":14.0,"turns":4.0},{"damage":54.0,"enemies":"Hexaghost","floor":16.0,"turns":10.0},{"damage":25.0,"enemies":"2 Thieves","floor":18.0,"turns":2.0},{"damage":8.0,"enemies":"Chosen","floor":19.0,"turns":3.0},{"damage":51,"enemies":"Centurion and Healer","floor":21,"turns":7},{"damage":38,"enemies":"3 Cultists","floor":22,"turns":4},{"damage":33,"enemies":"Sentry and Sphere","floor":24,"turns":4}],"seed_played":"-1354585718978641069","potions_obtained":[{"floor":1.0,"key":"FearPotion"},{"floor":5.0,"key":"Energy Potion"},{"floor":13.0,"key":"Fire Potion"},{"floor":16.0,"key":"LiquidBronze"},{"floor":18.0,"key":"SkillPotion"},{"floor":22,"key":"Poison Potion"}],"is_trial":false,"path_per_floor":["M","M","?","M","M","R","E","M","T","$","?","R","E","M","R","B",null,"M","M","?","M","M","R","M"],"character_chosen":"IRONCLAD","items_purchased":["Enlightenment","Evolve","Pommel Strike"],"campfire_rested":0,"item_purchase_floors":[10,10,10],"current_hp_per_floor":[80,80,80,80,76,76,76,63,63,63,60,60,52,66,66,18,80,61,63,63,42,40,40,7],"gold":270,"neow_bonus":"THREE_ENEMY_KILL","is_prod":false,"is_daily":false,"chose_seed":false,"campfire_upgraded":4,"win_rate":0,"timestamp":1551300272,"path_taken":["M","M","?","M","M","R","E","?","T","$","?","R","E","M","R","BOSS","M","M","?","?","M","R","M"],"build_version":"2019-01-23","purchased_purges":0,"victory":false,"max_hp_per_floor":[80,80,80,80,80,80,80,80,80,80,80,80,80,80,80,80,80,80,80,80,80,80,80,80],"card_choices":[{"not_picked":["Evolve","Burning Pact"],"picked":"Wild Strike","floor":1.0},{"not_picked":["Armaments","Seeing Red"],"picked":"True Grit","floor":2.0},{"not_picked":["Rupture","True Grit"],"picked":"Cleave","floor":4.0},{"not_picked":["Havoc","Battle Trance"],"picked":"Clothesline","floor":5.0},{"not_picked":["Dual Wield","Perfected Strike"],"picked":"Reaper","floor":7.0},{"not_picked":["Infernal Blade","Entrench"],"picked":"Perfected Strike","floor":8.0},{"not_picked":["Thunderclap","Burning Pact","Fire Breathing"],"picked":"SKIP","floor":13.0},{"not_picked":["Cleave","Sword Boomerang","Combust"],"picked":"SKIP","floor":14.0},{"not_picked":["Limit Break","Impervious"],"picked":"Offering","floor":16.0},{"not_picked":["Shrug It Off","Disarm+1"],"picked":"Rampage","floor":18.0},{"not_picked":["True Grit","Intimidate+1"],"picked":"Flex","floor":19.0},{"not_picked":["Armaments","Rupture+1"],"picked":"Perfected Strike","floor":21},{"not_picked":["Hemokinesis","Headbutt"],"picked":"Double Tap","floor":22}],"player_experience":570498,"relics_obtained":[{"floor":7.0,"key":"Dream Catcher"},{"floor":9.0,"key":"Tiny Chest"},{"floor":13.0,"key":"Torii"}],"event_choices":[{"cards_removed":["True Grit"],"damage_healed":0.0,"max_hp_gain":0.0,"max_hp_loss":0.0,"gold_gain":0.0,"event_name":"WeMeetAgain","player_choice":"Gave Card","floor":3.0,"gold_loss":0.0,"damage_taken":0.0,"relics_obtained":["Lantern"]},{"damage_healed":0.0,"max_hp_gain":0.0,"max_hp_loss":0.0,"gold_gain":0.0,"event_name":"Scrap Ooze","player_choice":"Success","floor":11.0,"gold_loss":0.0,"damage_taken":3.0,"relics_obtained":["Omamori"]},{"damage_healed":0,"gold_gain":0,"player_choice":"4 cards matched","damage_taken":0,"max_hp_gain":0,"max_hp_loss":0,"event_name":"Match and Keep!","floor":20,"gold_loss":0,"cards_obtained":["Demon Form","Bash","Headbutt","Rage"]}],"is_beta":false,"boss_relics":[{"not_picked":["Pandora\u0027s Box","Snecko Eye"],"picked":"Runic Pyramid"}],"items_purged_floors":[],"is_endless":false,"potions_floor_spawned":[1,5,13,16,18,22],"killed_by":"Sentry and Sphere","ascension_level":4}