{"gold_per_floor":[118,118,131,148,164,194,194,226,226,27,27,60,129,143,143,242,242,261,311,331,398,373,404,404,423,449,551,577,72,104,114,114,114],"floor_reached":33,"playtime":3402,"items_purged":[],"score":343,"play_id":"0aaf4ff6-f831-4a55-9f6e-7812e2bf261b","local_time":"20190314200819","is_ascension_mode":true,"campfire_choices":[{"floor":7,"key":"RECALL"},{"floor":15,"key":"REST"},{"floor":24,"key":"REST"},{"data":"Fire Breathing","floor":32,"key":"SMITH"}],"neow_cost":"NONE","seed_source_timestamp":838843070687,"circlet_count":0,"master_deck":["Strike_R","Strike_R+1","Strike_R","Strike_R","Strike_R+1","Defend_R","Defend_R","Defend_R","Defend_R","Bash","Burning Pact","Immolate","Perfected Strike","Flame Barrier","Intimidate","Fire Breathing+1","Panacea","Pommel Strike","Power Through","Feel No Pain","Brutality+1","Warcry+1","Rampage+1","Demon Form","Burning Pact+1","Seeing Red","Pain","Normality","Uppercut+1","Seeing Red","Burning Pact","Inflame+1","Reckless Charge"],"relics":["Burning Blood","Bag of Marbles","Art of War","Whetstone","Bottled Flame","SsserpentHead","Ornamental Fan","Cursed Key","Sundial","Bag of Preparation","Paper Frog","Orichalcum","Lee\u0027s Waffle","Frozen Egg 2"],"potions_floor_usage":[6,6,16,28,33,33,33],"damage_taken":[{"damage":0,"enemies":"2 Louse","floor":1,"turns":2},{"damage":1,"enemies":"Cultist","floor":3,"turns":3},{"damage":1,"enemies":"Jaw Worm","floor":4,"turns":3},{"damage":12,"enemies":"Gremlin Gang","floor":5,"turns":2},{"damage":12,"enemies":"3 Sentries","floor":6,"turns":4},{"damage":24,"enemies":"Lagavulin","floor":8,"turns":6},{"damage":44,"enemies":"Gremlin Nob","floor":12,"turns":5},{"damage":0,"enemies":"3 Louse","floor":13,"turns":1},{"damage":7,"enemies":"Blue Slaver","floor":14,"turns":4},{"damage":12,"enemies":"Slime Boss","floor":16,"turns":11},{"damage":14,"enemies":"Shell Parasite","floor":18,"turns":8},{"damage":7,"enemies":"2 Thieves","floor":20,"turns":2},{"damage":18,"enemies":"Chosen and Byrds","floor":21,"turns":8},{"damage":22,"enemies":"Gremlin Leader","floor":23,"turns":6},{"damage":12,"enemies":"Snake Plant","floor":25,"turns":4},{"damage":36,"enemies":"Slavers","floor":28,"turns":4},{"damage":11,"enemies":"Gremlin Leader","floor":30,"turns":4},{"damage":18,"enemies":"Cultist and Chosen","floor":31,"turns":4},{"damage":71,"enemies":"Collector","floor":33,"turns":7}],"seed_played":"3946150626009628371","potions_obtained":[{"floor":1,"key":"Energy Potion"},{"floor":2,"key":"SteroidPotion"},{"floor":2,"key":"AttackPotion"},{"floor":12,"key":"Ancient Potion"},{"floor":13,"key":"Poison Potion"},{"floor":16,"key":"FearPotion"},{"floor":20,"key":"Strength Potion"},{"floor":25,"key":"AttackPotion"},{"floor":28,"key":"Swift Potion"}],"is_trial":false,"path_per_floor":["?","M","?","M","?","M","?","T"],"character_chosen":"IRONCLAD","items_purchased":["Fire Breathing","Searing Blow","Panacea","Orichalcum","Lee\u0027s Waffle","Seeing Red","Burning Pact"],"campfire_rested":2,"item_purchase_floors":[10,10,10,29,29,29,29],"current_hp_per_floor":[80,80,80,80,74,68,68,50,50,50,50,12,18,17,41,35,80,72,72,71,59,59,43,67,61,61,61,31,87,82,70,70,0],"gold":114,"neow_bonus":"RANDOM_COMMON_RELIC","is_prod":false,"is_daily":false,"chose_seed":false,"campfire_upgraded":1,"win_rate":0,"timestamp":1552590499,"path_taken":["M","?","M","?","M","E","R","E","T","$","?","E","?","M","R","BOSS","M","?","M","?","?","E","R","M","T","?","E","$","E","M","R","BOSS"],"build_version":"2019-01-23","purchased_purges":0,"victory":false,"max_hp_per_floor":[80,80,80,80,80,80,80,80,80,80,80,80,80,80,80,80,80,80,80,80,80,80,80,80,80,80,80,80,87,87,87,87,87],"card_choices":[{"not_picked":["Shrug It Off","Thunderclap"],"picked":"Burning Pact","floor":1},{"not_picked":["Heavy Blade","Headbutt"],"picked":"Immolate","floor":3},{"not_picked":["Pommel Strike","Headbutt"],"picked":"Perfected Strike","floor":4},{"not_picked":["Clothesline","Pommel Strike"],"picked":"Flame Barrier","floor":5},{"not_picked":["Iron Wave","Juggernaut"],"picked":"Intimidate","floor":6},{"not_picked":["Dual Wield","Headbutt","Feel No Pain"],"picked":"SKIP","floor":8},{"not_picked":["True Grit","Shrug It Off"],"picked":"Pommel Strike","floor":12},{"not_picked":["Shrug It Off","True Grit"],"picked":"Power Through","floor":13},{"not_picked":["True Grit","Entrench"],"picked":"Feel No Pain","floor":14},{"not_picked":["Reaper","Limit Break"],"picked":"Brutality","floor":16},{"not_picked":["Twin Strike+1","Heavy Blade"],"picked":"Warcry+1","floor":18},{"not_picked":["Shockwave","Flex+1"],"picked":"Rampage+1","floor":20},{"not_picked":["True Grit","Warcry"],"picked":"Demon Form","floor":21},{"not_picked":["Wild Strike","Power Through"],"picked":"Burning Pact+1","floor":23},{"not_picked":["Warcry","Twin Strike"],"picked":"Seeing Red","floor":25},{"not_picked":["Feel No Pain","True Grit"],"picked":"Uppercut+1","floor":28},{"not_picked":["Whirlwind+1","Sever Soul"],"picked":"Inflame","floor":30},{"not_picked":["Body Slam","Headbutt"],"picked":"Reckless Charge","floor":31}],"player_experience":84136,"relics_obtained":[{"floor":6,"key":"Art of War"},{"floor":8,"key":"Whetstone"},{"floor":9,"key":"Bottled Flame"},{"floor":12,"key":"Ornamental Fan"},{"floor":23,"key":"Sundial"},{"floor":27,"key":"Bag of Preparation"},{"floor":28,"key":"Paper Frog"},{"floor":30,"key":"Frozen Egg 2"}],"event_choices":[{"damage_healed":0,"gold_gain":0,"player_choice":"Got Potions","damage_taken":0,"max_hp_gain":0,"max_hp_loss":0,"event_name":"Lab","floor":2,"gold_loss":0},{"damage_healed":0,"gold_gain":0,"player_choice":"Trade","damage_taken":0,"relics_obtained":["SsserpentHead"],"max_hp_gain":0,"max_hp_loss":0,"event_name":"FaceTrader","floor":11,"gold_loss":0},{"damage_healed":0,"gold_gain":0,"player_choice":"Upgraded","damage_taken":0,"max_hp_gain":0,"max_hp_loss":0,"event_name":"Upgrade Shrine","floor":19,"gold_loss":0,"cards_upgraded":["Brutality"]},{"cards_removed":["Searing Blow"],"damage_healed":0,"gold_gain":0,"player_choice":"Gave Gold","damage_taken":0,"max_hp_gain":0,"max_hp_loss":0,"event_name":"Beggar","floor":22,"gold_loss":75}],"is_beta":false,"boss_relics":[{"not_picked":["Eternal Feather","Ectoplasm"],"picked":"Cursed Key"}],"items_purged_floors":[],"is_endless":false,"potions_floor_spawned":[1,12,13,16,20,25,28,30],"killed_by":"Collector","ascension_level":1}