{"gold_per_floor":[112,112,287,301,317,345,345,356,356,385,395,28,28,41,41,142,192,207,207,207,225,236,236],"floor_reached":23,"playtime":951,"items_purged":["Doubt"],"score":223,"play_id":"6b943bd1-4d0d-406d-b9a3-970b4324eba9","local_time":"20181025011942","is_ascension_mode":true,"campfire_choices":[{"data":"1","floor":7,"key":"LIFT"},{"data":"2","floor":13,"key":"LIFT"},{"floor":15,"key":"REST"}],"neow_cost":"NONE","seed_source_timestamp":93176879810841,"circlet_count":0,"master_deck":["Strike_R","Strike_R","Strike_R","Strike_R","Strike_R","Defend_R","Defend_R","Defend_R+1","Defend_R","Bash","Carnage+1","Pummel","Inflame","Inflame","Cleave","Headbutt","Infernal Blade","Cleave","Whirlwind","Immolate","Inflame","Carnage","Flame Barrier"],"relics":["Burning Blood","NeowsBlessing","Girya","Matryoshka","Pantograph","Toy Ornithopter","Tiny House"],"potions_floor_usage":[8,11,14,16,22,22],"damage_taken":[{"damage":0,"enemies":"Cultist","floor":1,"turns":1},{"damage":0,"enemies":"Small Slimes","floor":4,"turns":1},{"damage":0,"enemies":"Jaw Worm","floor":5,"turns":1},{"damage":36,"enemies":"Lagavulin","floor":6,"turns":5},{"damage":16,"enemies":"Exordium Wildlife","floor":8,"turns":4},{"damage":22,"enemies":"3 Sentries","floor":10,"turns":5},{"damage":21,"enemies":"Exordium Thugs","floor":11,"turns":4},{"damage":3,"enemies":"Blue Slaver","floor":14,"turns":2},{"damage":61,"enemies":"The Guardian","floor":16,"turns":7},{"damage":33,"enemies":"2 Thieves","floor":18,"turns":3},{"damage":11,"enemies":"Spheric Guardian","floor":21,"turns":3},{"damage":21,"enemies":"Chosen and Byrds","floor":22,"turns":6},{"damage":37,"enemies":"Slavers","floor":23,"turns":2}],"seed_played":"5357808930960002348","potions_obtained":[{"floor":5,"key":"SkillPotion"},{"floor":10,"key":"GamblersBrew"},{"floor":11,"key":"Energy Potion"},{"floor":14,"key":"Weak Potion"},{"floor":17,"key":"Fire Potion"},{"floor":18,"key":"SpeedPotion"}],"is_trial":false,"path_per_floor":["M","?","?","M","M","E","R","M","T","E","M","$","R","M","R","B",null,"M","?","?","M","M"],"character_chosen":"IRONCLAD","items_purchased":["Toy Ornithopter","Infernal Blade","Cleave"],"campfire_rested":1,"item_purchase_floors":[12,12,12],"current_hp_per_floor":[80,80,80,80,80,50,50,40,40,24,9,9,9,17,41,16,85,58,58,42,37,32,0],"gold":236,"neow_bonus":"THREE_ENEMY_KILL","is_prod":false,"is_daily":false,"chose_seed":false,"campfire_upgraded":0,"win_rate":0,"timestamp":1540448382,"path_taken":["M","?","?","M","M","E","R","M","T","E","M","$","R","M","R","BOSS","M","?","?","M","M","E"],"build_version":"2018-10-18","purchased_purges":1,"victory":false,"max_hp_per_floor":[80,80,80,80,80,80,80,80,80,80,80,80,80,80,80,80,85,85,85,90,90,90,90],"card_choices":[{"not_picked":["Wild Strike","Body Slam"],"picked":"Carnage","floor":1},{"not_picked":["Body Slam","Reckless Charge"],"picked":"Pummel","floor":4},{"not_picked":["Dropkick","Warcry"],"picked":"Inflame","floor":5},{"not_picked":["Brutality","Heavy Blade"],"picked":"Inflame","floor":6},{"not_picked":["Armaments","Uppercut"],"picked":"Cleave","floor":8},{"not_picked":["Entrench","Warcry"],"picked":"Headbutt","floor":10},{"not_picked":["Anger","Berserk","Warcry"],"picked":"SKIP","floor":11},{"not_picked":["Clash","Body Slam"],"picked":"Whirlwind","floor":14},{"not_picked":["Demon Form","Double Tap"],"picked":"Immolate","floor":16},{"not_picked":["Rage","Thunderclap"],"picked":"Inflame","floor":17},{"not_picked":["Rupture+1","Rage+1"],"picked":"Carnage","floor":18},{"not_picked":["Clothesline+1","Havoc","Thunderclap+1"],"picked":"SKIP","floor":21},{"not_picked":["Disarm","Infernal Blade","Iron Wave"],"picked":"SKIP","floor":22}],"player_experience":190157,"relics_obtained":[{"floor":6,"key":"Girya"},{"floor":9,"key":"Matryoshka"},{"floor":10,"key":"Pantograph"}],"event_choices":[{"damage_healed":0,"gold_gain":0,"player_choice":"Grow","damage_taken":0,"max_hp_gain":0,"max_hp_loss":0,"event_name":"Living Wall","floor":2,"gold_loss":0,"cards_upgraded":["Carnage"]},{"damage_healed":0,"gold_gain":175,"player_choice":"AGREE","damage_taken":0,"max_hp_gain":0,"max_hp_loss":0,"event_name":"Liars Game","floor":3,"gold_loss":0,"cards_obtained":["Doubt"]},{"damage_healed":0,"gold_gain":0,"player_choice":"Read","damage_taken":0,"max_hp_gain":0,"max_hp_loss":0,"event_name":"The Library","floor":19,"gold_loss":0,"cards_obtained":["Flame Barrier"]},{"damage_healed":0,"gold_gain":0,"player_choice":"Shed Blood","damage_taken":21,"max_hp_gain":5,"max_hp_loss":0,"event_name":"Forgotten Altar","floor":20,"gold_loss":0}],"is_beta":false,"boss_relics":[{"not_picked":["Empty Cage","Velvet Choker"],"picked":"Tiny House"}],"items_purged_floors":[12],"is_endless":false,"potions_floor_spawned":[5,10,11,14,18],"killed_by":"Slavers","ascension_level":2}