{"gold_per_floor":[118,118,134,154,329,329,364,377,377,377,393,393,418,75,75,178,178,193,193,193,213,223,223,138,154,229,229,190,190,224,29,29,133,133,147,161,177,177],"floor_reached":38,"playtime":3101,"items_purged":[],"score":404,"play_id":"b18d1e31-748c-4845-8e93-407eae3fd775","local_time":"20190409211355","is_ascension_mode":false,"campfire_choices":[{"data":"Neutralize","floor":6,"key":"SMITH"},{"data":"Bouncing Flask","floor":10,"key":"SMITH"},{"data":"Bane","floor":12,"key":"SMITH"},{"floor":15,"key":"REST"},{"floor":23,"key":"REST"},{"floor":27,"key":"REST"},{"data":"Caltrops","floor":29,"key":"SMITH"},{"floor":32,"key":"REST"}],"neow_cost":"NONE","seed_source_timestamp":431454095213268,"circlet_count":0,"master_deck":["Defend_G","Defend_G","Defend_G","Defend_G","Defend_G","Strike_G","Strike_G+1","Strike_G","Strike_G","Survivor","Neutralize+1","Bouncing Flask+1","Quick Slash","Flying Knee+1","Doubt","Bullet Time","Poisoned Stab","Bane+1","Venomology","Envenom","Phantasmal Killer","Crippling Poison+1","Caltrops+1","Acrobatics+1","The Bomb+1","Escape Plan+1"],"relics":["Ring of the Snake","Whetstone","Oddly Smooth Stone","Pantograph","MealTicket","Philosopher\u0027s Stone","Mummified Hand","Toxic Egg 2","Juzu Bracelet","Eternal Feather"],"potions_floor_usage":[7,16,16,18,18,22,25,25,30,30,30,33,33,33,35,35,35,37,38],"damage_taken":[{"damage":5,"enemies":"Small Slimes","floor":1,"turns":7},{"damage":4,"enemies":"Cultist","floor":3,"turns":4},{"damage":0,"enemies":"Jaw Worm","floor":4,"turns":4},{"damage":4,"enemies":"Gremlin Nob","floor":7,"turns":4},{"damage":8,"enemies":"Exordium Thugs","floor":8,"turns":6},{"damage":1,"enemies":"Blue Slaver","floor":11,"turns":3},{"damage":22,"enemies":"Lagavulin","floor":13,"turns":5},{"damage":39,"enemies":"Slime Boss","floor":16,"turns":9},{"damage":36,"enemies":"3 Byrds","floor":18,"turns":6},{"damage":0,"enemies":"Chosen","floor":21,"turns":4},{"damage":23,"enemies":"Shelled Parasite and Fungi","floor":22,"turns":6},{"damage":8,"enemies":"Snake Plant","floor":25,"turns":3},{"damage":44,"enemies":"Gremlin Leader","floor":30,"turns":6},{"damage":30,"enemies":"Automaton","floor":33,"turns":9},{"damage":26,"enemies":"3 Darklings","floor":35,"turns":6},{"damage":0,"enemies":"3 Shapes","floor":36,"turns":4},{"damage":36,"enemies":"3 Darklings","floor":37,"turns":6},{"damage":37,"enemies":"Writhing Mass","floor":38,"turns":2}],"seed_played":"6335613356032790969","potions_obtained":[{"floor":3,"key":"SteroidPotion"},{"floor":7,"key":"Strength Potion"},{"floor":16,"key":"Fire Potion"},{"floor":21,"key":"Regen Potion"},{"floor":22,"key":"PowerPotion"},{"floor":25,"key":"Explosive Potion"},{"floor":36,"key":"Strength Potion"}],"is_trial":false,"path_per_floor":["M","?","M","M","?","R","E","M","T","R","M","R","E","$","R","B",null,"M","?","?","M","M","R","?","M","T","R","$","R","E","$","R","B",null,"M","M","M","M"],"character_chosen":"THE_SILENT","items_purchased":["MealTicket","Envenom","Caltrops","The Bomb+1"],"campfire_rested":4,"item_purchase_floors":[14,14,28,31],"current_hp_per_floor":[72,72,68,68,68,68,64,56,56,56,55,55,33,33,56,38,77,41,27,27,27,19,43,43,35,35,59,74,74,30,45,69,52,82,56,56,20,0],"gold":177,"neow_bonus":"TEN_PERCENT_HP_BONUS","is_prod":false,"is_daily":false,"chose_seed":false,"campfire_upgraded":4,"win_rate":0.0,"timestamp":1554869635,"path_taken":["M","?","M","?","?","R","E","M","T","R","M","R","E","?","R","BOSS","M","?","?","M","M","R","?","M","T","R","$","R","E","$","R","BOSS","M","M","M","M"],"build_version":"2019-01-23","purchased_purges":0,"victory":false,"max_hp_per_floor":[77,77,77,77,77,77,77,77,77,77,77,77,77,77,77,77,77,77,82,82,82,82,82,82,82,82,82,82,82,82,82,82,82,82,82,82,82,82],"card_choices":[{"not_picked":["Acrobatics","Flying Knee"],"picked":"Bouncing Flask","floor":1},{"not_picked":["PiercingWail","Acrobatics"],"picked":"Quick Slash","floor":3},{"not_picked":["PiercingWail","Riddle With Holes"],"picked":"Flying Knee","floor":4},{"not_picked":["Deflect","Acrobatics"],"picked":"Bullet Time","floor":7},{"not_picked":["Bane","Acrobatics"],"picked":"Poisoned Stab","floor":8},{"not_picked":["Leg Sweep","Flying Knee"],"picked":"Bane","floor":11},{"not_picked":["All Out Attack","Sucker Punch"],"picked":"Venomology","floor":13},{"not_picked":["Doppelganger","Malaise"],"picked":"Phantasmal Killer","floor":16},{"not_picked":["Dagger Throw","All Out Attack"],"picked":"Crippling Poison+1","floor":18},{"not_picked":["Sucker Punch","Dagger Throw+1","Cloak And Dagger"],"picked":"SKIP","floor":21},{"not_picked":["Underhanded Strike","Backflip","Quick Slash"],"picked":"SKIP","floor":22},{"not_picked":["Backflip","Dagger Spray+1","Accuracy"],"picked":"SKIP","floor":25},{"not_picked":["Cloak And Dagger+1","Deadly Poison+1"],"picked":"Acrobatics+1","floor":30},{"not_picked":["Outmaneuver+1","Deadly Poison+1","Endless Agony"],"picked":"SKIP","floor":35},{"not_picked":["Backflip+1","PiercingWail+1","Outmaneuver+1"],"picked":"SKIP","floor":36},{"not_picked":["Poisoned Stab+1","PiercingWail+1"],"picked":"Escape Plan+1","floor":37}],"player_experience":14409,"relics_obtained":[{"floor":7,"key":"Whetstone"},{"floor":9,"key":"Oddly Smooth Stone"},{"floor":13,"key":"Pantograph"},{"floor":26,"key":"Toxic Egg 2"},{"floor":30,"key":"Juzu Bracelet"}],"event_choices":[{"cards_removed":["Strike_G"],"damage_healed":0,"gold_gain":0,"player_choice":"Purged","damage_taken":0,"max_hp_gain":0,"max_hp_loss":0,"event_name":"Purifier","floor":2,"gold_loss":0},{"damage_healed":0,"gold_gain":175,"player_choice":"AGREE","damage_taken":0,"max_hp_gain":0,"max_hp_loss":0,"event_name":"Liars Game","floor":5,"gold_loss":0,"cards_obtained":["Doubt"]},{"damage_healed":0,"gold_gain":0,"player_choice":"Shed Blood","damage_taken":19,"max_hp_gain":5,"max_hp_loss":0,"event_name":"Forgotten Altar","floor":19,"gold_loss":0},{"damage_healed":0,"gold_gain":0,"player_choice":"Ignored","damage_taken":0,"max_hp_gain":0,"max_hp_loss":0,"event_name":"Ghosts","floor":20,"gold_loss":0},{"damage_healed":0,"gold_gain":0,"player_choice":"Obtained Relic","damage_taken":0,"relics_obtained":["Mummified Hand"],"max_hp_gain":0,"max_hp_loss":0,"event_name":"Addict","floor":24,"gold_loss":85}],"is_beta":false,"boss_relics":[{"not_picked":["Tiny House","Busted Crown"],"picked":"Philosopher\u0027s Stone"},{"not_picked":["Astrolabe","Snecko Eye"],"picked":"Eternal Feather"}],"items_purged_floors":[],"is_endless":false,"potions_floor_spawned":[3,7,16,21,22,25,36],"killed_by":"Writhing Mass","ascension_level":0}