{"gold_per_floor":[110,126,76,76,86,101,101,276,303,303,303,316,316,351,351,446,446,459,46,43,43,43,43,43],"floor_reached":24,"playtime":1001,"items_purged":["Doubt"],"score":243,"play_id":"df915078-29e3-457f-b7db-ea88a09144f1","local_time":"20190317235601","is_ascension_mode":true,"campfire_choices":[{"data":"Accuracy","floor":7,"key":"SMITH"},{"data":"Blade Dance","floor":10,"key":"SMITH"},{"floor":15,"key":"REST"},{"floor":23,"key":"REST"}],"neow_cost":"NONE","seed_source_timestamp":12782539654469,"circlet_count":0,"master_deck":["Defend_G","Defend_G","Defend_G","Defend_G","Strike_G","Strike_G","Strike_G","Strike_G","Survivor+1","Neutralize","Accuracy+1","Calculated Gamble","Flying Knee+1","Blade Dance+1","Quick Slash","Storm of Steel","Footwork","Expertise","Dagger Throw","Cloak And Dagger","Well Laid Plans+1","Accuracy","Cloak And Dagger","Backflip+1","Decay"],"relics":["Ring of the Snake","NeowsBlessing","Boot","Bag of Marbles","Orrery","Gremlin Horn"],"potions_floor_usage":[14,16,16,20],"damage_taken":[{"damage":0,"enemies":"2 Louse","floor":1,"turns":1},{"damage":0,"enemies":"Small Slimes","floor":2,"turns":1},{"damage":0,"enemies":"Cultist","floor":5,"turns":1},{"damage":0,"enemies":"2 Fungi Beasts","floor":6,"turns":5},{"damage":13,"enemies":"Gremlin Gang","floor":12,"turns":3},{"damage":15,"enemies":"Lagavulin","floor":14,"turns":9},{"damage":21,"enemies":"Slime Boss","floor":16,"turns":14},{"damage":29,"enemies":"Shell Parasite","floor":18,"turns":6},{"damage":21,"enemies":"2 Thieves","floor":20,"turns":5},{"damage":29,"enemies":"Slavers","floor":24,"turns":1}],"seed_played":"-5692150748679183368","potions_obtained":[{"floor":1,"key":"Dexterity Potion"},{"floor":6,"key":"Fire Potion"},{"floor":13,"key":"Block Potion"},{"floor":13,"key":"EssenceOfSteel"},{"floor":16,"key":"SkillPotion"}],"is_trial":false,"path_per_floor":["M","M","?","?","M","M","R","?","T","R","?","M","?","E","R","B",null,"M","$","M","$","?","R","E"],"character_chosen":"THE_SILENT","items_purchased":["Accuracy","Cloak And Dagger","Gremlin Horn"],"campfire_rested":2,"item_purchase_floors":[19,19,19],"current_hp_per_floor":[70,70,70,63,63,63,63,63,63,63,49,36,36,21,42,21,58,29,29,8,8,8,29,0],"gold":43,"neow_bonus":"THREE_ENEMY_KILL","is_prod":false,"is_daily":false,"chose_seed":false,"campfire_upgraded":2,"win_rate":0,"timestamp":1552888561,"path_taken":["M","M","?","?","M","M","R","?","T","R","?","M","?","E","R","BOSS","M","$","?","$","?","R","E"],"build_version":"2019-01-23","purchased_purges":1,"victory":false,"max_hp_per_floor":[70,70,70,70,70,70,70,70,70,70,70,70,70,70,70,70,70,70,70,70,70,70,70,70],"card_choices":[{"not_picked":["Sucker Punch","Underhanded Strike"],"picked":"Accuracy","floor":1},{"not_picked":["Underhanded Strike","Quick Slash"],"picked":"Calculated Gamble","floor":2},{"not_picked":["Poisoned Stab","Outmaneuver"],"picked":"Flying Knee","floor":5},{"not_picked":["Eviscerate","Bouncing Flask"],"picked":"Blade Dance","floor":6},{"not_picked":["Deadly Poison","Crippling Poison","Flying Knee"],"picked":"SKIP","floor":12},{"not_picked":["Deadly Poison","Flechettes"],"picked":"Quick Slash","floor":14},{"not_picked":["Unload","Venomology"],"picked":"Storm of Steel","floor":16},{"not_picked":["Bouncing Flask","Reflex"],"picked":"Footwork","floor":17},{"not_picked":["Escape Plan","Sucker Punch"],"picked":"Expertise","floor":17},{"not_picked":["Backstab","Outmaneuver"],"picked":"Dagger Throw","floor":17},{"not_picked":["Sucker Punch","Quick Slash"],"picked":"Cloak And Dagger","floor":17},{"not_picked":["Flying Knee","Concentrate+1"],"picked":"Well Laid Plans+1","floor":18},{"not_picked":["Eviscerate+1","Terror"],"picked":"Backflip+1","floor":20}],"player_experience":119914,"relics_obtained":[{"floor":9,"key":"Boot"},{"floor":14,"key":"Bag of Marbles"}],"event_choices":[{"cards_removed":["Defend_G"],"damage_healed":0,"gold_gain":0,"player_choice":"Card Removal","damage_taken":0,"max_hp_gain":0,"max_hp_loss":0,"event_name":"The Cleric","floor":3,"gold_loss":50},{"cards_removed":["Strike_G"],"damage_healed":0,"gold_gain":0,"player_choice":"Card Removal","damage_taken":7,"max_hp_gain":0,"max_hp_loss":0,"event_name":"Golden Wing","floor":4,"gold_loss":0},{"damage_healed":0,"gold_gain":175,"player_choice":"AGREE","damage_taken":0,"max_hp_gain":0,"max_hp_loss":0,"event_name":"Liars Game","floor":8,"gold_loss":0,"cards_obtained":["Doubt"]},{"damage_healed":0,"gold_gain":0,"player_choice":"Entered Light","damage_taken":14,"max_hp_gain":0,"max_hp_loss":0,"event_name":"Shining Light","floor":11,"gold_loss":0,"cards_upgraded":["Flying Knee","Survivor"]},{"damage_healed":0,"gold_gain":0,"player_choice":"Got Potions","damage_taken":0,"max_hp_gain":0,"max_hp_loss":0,"event_name":"Lab","floor":13,"gold_loss":0},{"damage_healed":0,"gold_gain":0,"player_choice":"Smashed Altar","damage_taken":0,"max_hp_gain":0,"max_hp_loss":0,"event_name":"Forgotten Altar","floor":22,"gold_loss":0,"cards_obtained":["Decay"]}],"is_beta":false,"boss_relics":[{"not_picked":["Runic Dome","Coffee Dripper"],"picked":"Orrery"}],"items_purged_floors":[19],"is_endless":false,"potions_floor_spawned":[1,6,16],"killed_by":"Slavers","ascension_level":5}