{"gold_per_floor":[113,113,131,206,206,234,234,249,298,330,344,377,396,35,35,35],"floor_reached":16,"playtime":1112,"items_purged":["Bash"],"score":152,"play_id":"682ee694-7fb5-4dc0-9c2e-30a565fb58e1","local_time":"20190221192450","is_ascension_mode":true,"campfire_choices":[{"data":"Entrench","floor":7,"key":"SMITH"},{"floor":15,"key":"REST"}],"neow_cost":"NONE","seed_source_timestamp":608840816949533,"circlet_count":0,"master_deck":["Strike_R","Strike_R","Strike_R","Strike_R","Defend_R","Defend_R","Defend_R","Defend_R","Warcry+1","Entrench+1","Armaments","Flex","Flame Barrier","Discovery","Dark Shackles"],"relics":["Burning Blood","NeowsBlessing","Lantern","Happy Flower","The Courier","Regal Pillow","PreservedInsect"],"potions_floor_usage":[11,13,16,16],"damage_taken":[{"damage":0,"enemies":"Cultist","floor":1,"turns":1},{"damage":0,"enemies":"2 Louse","floor":3,"turns":1},{"damage":0,"enemies":"3 Sentries","floor":6,"turns":1},{"damage":5,"enemies":"Jaw Worm","floor":8,"turns":7},{"damage":41,"enemies":"Lagavulin","floor":10,"turns":7},{"damage":4,"enemies":"Blue Slaver","floor":11,"turns":3},{"damage":39,"enemies":"Gremlin Nob","floor":12,"turns":5},{"damage":3,"enemies":"Lots of Slimes","floor":13,"turns":7},{"damage":62,"enemies":"Slime Boss","floor":16,"turns":18}],"seed_played":"7627258239850280224","potions_obtained":[{"floor":10,"key":"Energy Potion"},{"floor":11,"key":"Energy Potion"},{"floor":12,"key":"Swift Potion"},{"floor":13,"key":"EssenceOfSteel"}],"is_trial":false,"path_per_floor":["M","?","M","?","?","E","R","M","T","E","M","E","M","$","R","B"],"character_chosen":"IRONCLAD","items_purchased":["SpeedPotion","PreservedInsect","Discovery","Dark Shackles"],"campfire_rested":1,"item_purchase_floors":[14,14,14,14],"current_hp_per_floor":[80,80,80,69,69,75,75,76,76,41,43,10,13,13,52,0],"gold":35,"neow_bonus":"THREE_ENEMY_KILL","is_prod":false,"is_daily":false,"chose_seed":false,"campfire_upgraded":1,"win_rate":0,"timestamp":1550805890,"path_taken":["M","?","M","?","?","E","R","?","T","E","M","E","M","$","R","BOSS"],"build_version":"2019-01-23","purchased_purges":1,"victory":false,"max_hp_per_floor":[80,80,80,80,80,80,80,80,80,80,80,80,80,80,80,80],"card_choices":[{"not_picked":["Headbutt","Clash"],"picked":"Warcry","floor":1},{"not_picked":["Dropkick","Hemokinesis","Cleave"],"picked":"SKIP","floor":3},{"not_picked":["Intimidate","Uppercut"],"picked":"Entrench","floor":6},{"not_picked":["True Grit","Thunderclap"],"picked":"Armaments","floor":8},{"not_picked":["Pummel","Headbutt","Iron Wave"],"picked":"SKIP","floor":10},{"not_picked":["Body Slam","Iron Wave"],"picked":"Flex","floor":11},{"not_picked":["Iron Wave","Heavy Blade","Fire Breathing"],"picked":"SKIP","floor":12},{"not_picked":["Entrench","Wild Strike"],"picked":"Flame Barrier","floor":13}],"player_experience":145766,"relics_obtained":[{"floor":6,"key":"Lantern"},{"floor":9,"key":"Happy Flower"},{"floor":10,"key":"The Courier"},{"floor":12,"key":"Regal Pillow"}],"event_choices":[{"cards_removed":["Strike_R"],"damage_healed":0,"gold_gain":0,"player_choice":"Forget","damage_taken":0,"max_hp_gain":0,"max_hp_loss":0,"event_name":"Living Wall","floor":2,"gold_loss":0},{"damage_healed":0,"gold_gain":75,"player_choice":"Gather Gold","damage_taken":11,"max_hp_gain":0,"max_hp_loss":0,"event_name":"World of Goop","floor":4,"gold_loss":0},{"damage_healed":0,"gold_gain":0,"player_choice":"Upgraded","damage_taken":0,"max_hp_gain":0,"max_hp_loss":0,"event_name":"Upgrade Shrine","floor":5,"gold_loss":0,"cards_upgraded":["Warcry"]}],"is_beta":false,"boss_relics":[],"items_purged_floors":[14],"is_endless":false,"potions_floor_spawned":[10,11,12,13],"killed_by":"Slime Boss","ascension_level":1}