{"path_per_floor":["M","M","M","?","M","E","R","E","T","R","M","R","M","?","R","B",null,"M","$","T","M","M","R","E","R","T","?","?","M","M","$","R","B",null,"M","M","M","?","$"],"character_chosen":"DEFECT","items_purchased":["Omamori","Deep Breath"],"gold_per_floor":[110,130,146,146,164,193,193,223,223,223,242,242,259,209,209,308,308,319,8,34,49,68,68,99,99,99,99,99,117,136,36,36,135,135,150,169,180,180,55,55],"floor_reached":40,"campfire_rested":5,"playtime":1487,"item_purchase_floors":[19,19],"current_hp_per_floor":[75,75,75,75,66,49,71,25,25,47,46,68,68,68,68,50,75,75,75,75,75,68,68,32,54,54,54,54,29,35,35,57,59,75,66,49,56,56,56,0],"items_purged":["Strike_B","Writhe","Strike_B"],"gold":55,"score":532,"play_id":"9f5a97be-6d0b-4b5c-9536-a2db33085695","local_time":"20180524204558","is_prod":false,"is_daily":false,"chose_seed":false,"is_ascension_mode":true,"campfire_upgraded":2,"win_rate":0,"timestamp":1527187558,"campfire_choices":[{"floor":7,"key":"REST"},{"floor":10,"key":"REST"},{"floor":12,"key":"REST"},{"data":"Zap","floor":15,"key":"SMITH"},{"data":"Deep Breath","floor":23,"key":"SMITH"},{"floor":25,"key":"REST"},{"floor":32,"key":"REST"}],"path_taken":["M","?","?","?","M","E","R","E","T","R","?","R","M","?","R","BOSS","M","?","?","M","?","R","E","R","T","?","?","M","?","$","R","BOSS","M","M","M","?","$","E"],"build_version":"2018-05-23v2","seed_source_timestamp":163421762330906,"purchased_purges":3,"victory":false,"master_deck":["Strike_B+1","Defend_B","Defend_B","Defend_B","Defend_B","Zap+1","Dualcast","Streamline+1","Coolheaded","Streamline","Skim","BootSequence","Self Repair","Echo Form","Defragment","Deep Breath+1","Fusion+1","BootSequence+1","FTL","Reboot","Redo+1","BootSequence+1","Rebound+1","Flash of Steel"],"max_hp_per_floor":[75,75,75,75,75,75,75,75,75,75,75,75,75,75,75,75,75,75,75,75,75,75,75,75,75,75,75,75,75,75,75,75,75,75,75,75,75,75,75,75],"relics":["Cracked Core","Happy Flower","Ice Cream","Gambling Chip","Cursed Key","Omamori","Whetstone","Unceasing Top","Bottled Tornado","Ornamental Fan","Runic Pyramid"],"card_choices":[{"not_picked":["Recycle","Genetic Algorithm"],"picked":"Streamline","floor":0},{"not_picked":["Sweeping Beam","Redo","Blizzard"],"picked":"SKIP","floor":1},{"not_picked":["Genetic Algorithm","Ball Lightning"],"picked":"Coolheaded","floor":2},{"not_picked":["Turbo","Leap","Consume"],"picked":"SKIP","floor":3},{"not_picked":["Sweeping Beam","Compile Driver"],"picked":"Streamline","floor":5},{"not_picked":["Sweeping Beam","Beam Cell"],"picked":"Skim","floor":6},{"not_picked":["Cold Snap","Capacitor"],"picked":"BootSequence","floor":8},{"not_picked":["Streamline","Chaos","Amplify"],"picked":"SKIP","floor":11},{"not_picked":["Barrage","Genetic Algorithm"],"picked":"Self Repair","floor":13},{"not_picked":["Biased Cognition","Creative AI"],"picked":"Echo Form","floor":16},{"not_picked":["Hello World+1","Rip and Tear"],"picked":"Defragment","floor":18},{"not_picked":["Leap","Stack"],"picked":"Fusion+1","floor":21},{"not_picked":["Steam","Turbo+1","Beam Cell"],"picked":"SKIP","floor":22},{"not_picked":["Cold Snap","Aggregate"],"picked":"BootSequence+1","floor":24},{"not_picked":["Rip and Tear","Heatsinks+1","Cold Snap"],"picked":"SKIP","floor":29},{"not_picked":["Streamline","Tempest"],"picked":"FTL","floor":30},{"not_picked":["Hyperbeam","Thunder Strike"],"picked":"Reboot","floor":33},{"not_picked":["Lockon","Streamline"],"picked":"Redo+1","floor":35},{"not_picked":["Cold Snap","Gash"],"picked":"BootSequence+1","floor":36},{"not_picked":["Steam","Stack"],"picked":"Rebound+1","floor":37},{"not_picked":["Dark Shackles","Panache"],"picked":"Flash of Steel","floor":38}],"player_experience":89596,"potions_floor_usage":[8,16,24,29,37],"damage_taken":[{"damage":0,"enemies":"Cultist","floor":1,"turns":3},{"damage":0,"enemies":"Small Slimes","floor":2,"turns":3},{"damage":0,"enemies":"2 Louse","floor":3,"turns":3},{"damage":9,"enemies":"Red Slaver","floor":5,"turns":3},{"damage":17,"enemies":"3 Sentries","floor":6,"turns":9},{"damage":46,"enemies":"Gremlin Nob","floor":8,"turns":5},{"damage":1,"enemies":"3 Louse","floor":11,"turns":2},{"damage":0,"enemies":"Large Slime","floor":13,"turns":5},{"damage":18,"enemies":"Slime Boss","floor":16,"turns":7},{"damage":6,"enemies":"Spheric Guardian","floor":18,"turns":3},{"damage":0,"enemies":"Chosen","floor":21,"turns":4},{"damage":14,"enemies":"Snake Plant","floor":22,"turns":3},{"damage":43,"enemies":"Slavers","floor":24,"turns":5},{"damage":32,"enemies":"Chosen and Byrds","floor":29,"turns":5},{"damage":8,"enemies":"Snecko","floor":30,"turns":5},{"damage":5,"enemies":"Automaton","floor":33,"turns":8},{"damage":16,"enemies":"Orb Walker","floor":35,"turns":4},{"damage":17,"enemies":"3 Shapes","floor":36,"turns":3},{"damage":0,"enemies":"Spire Growth","floor":37,"turns":4},{"damage":63,"enemies":"2 Orb Walkers","floor":40,"turns":4}],"relics_obtained":[{"floor":6,"key":"Happy Flower"},{"floor":8,"key":"Ice Cream"},{"floor":9,"key":"Gambling Chip"},{"floor":20,"key":"Whetstone"},{"floor":24,"key":"Unceasing Top"},{"floor":26,"key":"Bottled Tornado"}],"event_choices":[{"event_name":"Liars Game","player_choice":"disagreed","floor":4,"damage_taken":0},{"event_name":"The Cleric","player_choice":"Card Removal","floor":14,"damage_taken":0},{"event_name":"The Mausoleum","player_choice":"Yes","floor":27,"damage_taken":0},{"event_name":"Drug Dealer","player_choice":"Ignored","floor":28,"damage_taken":0},{"event_name":"SensoryStone","player_choice":"Memory 1","floor":38,"damage_taken":0}],"boss_relics":[{"not_picked":["Eternal Feather","Ectoplasm"],"picked":"Cursed Key"},{"not_picked":["Black Star","Velvet Choker"],"picked":"Runic Pyramid"}],"items_purged_floors":[19,31,39],"potions_floor_spawned":[2,11,16,24,30,36],"seed_played":"-7013777090637858136","killed_by":"2 Orb Walkers","ascension_level":4,"potions_obtained":[{"floor":2,"key":"GamblersBrew"},{"floor":11,"key":"AttackPotion"},{"floor":16,"key":"Weak Potion"},{"floor":24,"key":"AttackPotion"},{"floor":30,"key":"Ancient Potion"},{"floor":36,"key":"SpeedPotion"}],"is_trial":false}