{"path_per_floor":["M","M","M","?","?","R","M","?","T","E","?","R","?","?","R","B",null,"M","$","?","M","M","R","E","R","T","M","?","M","E","M","R"],"character_chosen":"IRONCLAD","items_purchased":["Clash","Warcry","Shuriken","Vajra"],"gold_per_floor":[117,132,149,149,149,149,164,229,229,259,259,259,434,434,434,535,535,547,48,48,59,69,69,101,101,101,117,117,134,163,179,179],"floor_reached":33,"campfire_rested":4,"playtime":1671,"current_hp_per_floor":[80,73,75,75,75,75,79,49,49,23,49,73,73,61,80,56,80,76,76,83,85,78,78,61,87,87,75,75,50,12,8,34],"items_purged":[],"gold":179,"score":311,"play_id":"b6b535cf-6764-4e5c-8f00-ced6ea7e6759","is_prod":false,"is_daily":false,"is_ascension_mode":false,"campfire_upgraded":2,"path_taken":["M","M","?","?","?","R","M","?","T","E","?","R","?","?","R","BOSS","M","$","?","M","M","R","E","R","T","M","?","M","E","M","R","BOSS"],"build_version":"2018-02-15-PROD1","purchased_purges":0,"victory":false,"master_deck":["Strike_R","Strike_R","Strike_R","Strike_R","Strike_R","Defend_R","Defend_R","Defend_R","Defend_R","Bash","Clash","Seeing Red+1","Second Wind","Dark Embrace","Clash","Pommel Strike","Twin Strike","Twin Strike","Headbutt","Fire Breathing+1","Heavy Blade","Clash","Rampage","Clash","Warcry","Perfected Strike+1","Bludgeon","Rampage","Anger","Flex"],"max_hp_per_floor":[80,80,80,80,80,80,80,80,80,80,80,80,80,80,80,80,80,80,80,87,87,87,87,87,87,87,87,87,87,87,87,87],"relics":["Burning Blood","Omamori","Juzu Bracelet","Orichalcum","Self Forming Clay","Orrery","Shuriken","Vajra","Strawberry","Ginger","Lantern","Oddly Smooth Stone"],"card_choices":[{"not_picked":["Flex","Rupture"],"picked":"Clash"},{"not_picked":["Infernal Blade","Flex"],"picked":"Seeing Red"},{"not_picked":["Body Slam","Heavy Blade"],"picked":"Pommel Strike"},{"not_picked":["Pommel Strike","Metallicize"],"picked":"Twin Strike"},{"not_picked":["True Grit","Rupture"],"picked":"Twin Strike"},{"not_picked":["Disarm","True Grit"],"picked":"Headbutt"},{"not_picked":["Pommel Strike","Feel No Pain"],"picked":"Fire Breathing"},{"not_picked":["True Grit","Clothesline"],"picked":"Heavy Blade"},{"not_picked":["Blood for Blood","Brutality"],"picked":"Clash"},{"not_picked":["Warcry","Inflame"],"picked":"Rampage"},{"not_picked":["Thunderclap","Flex"],"picked":"Perfected Strike"},{"not_picked":["Whirlwind","Brutality"],"picked":"Bludgeon"},{"not_picked":["Disarm","Headbutt"],"picked":"Rampage"},{"not_picked":["True Grit","Second Wind"],"picked":"Anger"},{"not_picked":["True Grit","Armaments"],"picked":"Flex"}],"player_experience":17634,"potions_floor_usage":[8,16,22,24,30,30,30,31],"damage_taken":[{"damage":6,"enemies":"Cultist","floor":1,"turns":3},{"damage":13,"enemies":"Jaw Worm","floor":2,"turns":3},{"damage":4,"enemies":"2 Louse","floor":3,"turns":4},{"damage":2,"enemies":"Large Slime","floor":7,"turns":5},{"damage":36,"enemies":"Lagavulin Event","floor":8,"turns":4},{"damage":32,"enemies":"Gremlin Nob","floor":10,"turns":4},{"damage":45,"enemies":"Slime Boss","floor":16,"turns":10},{"damage":10,"enemies":"3 Byrds","floor":18,"turns":6},{"damage":4,"enemies":"Spheric Guardian","floor":21,"turns":3},{"damage":13,"enemies":"Cultist and Chosen","floor":22,"turns":6},{"damage":23,"enemies":"Slavers","floor":24,"turns":5},{"damage":18,"enemies":"3 Cultists","floor":27,"turns":5},{"damage":31,"enemies":"Centurion and Healer","floor":29,"turns":4},{"damage":44,"enemies":"Gremlin Leader","floor":30,"turns":4},{"damage":10,"enemies":"Cultist and Chosen","floor":31,"turns":3},{"damage":43,"enemies":"Collector","floor":33,"turns":3}],"event_choices":[{"event_name":"Living Wall","player_choice":"Change","floor":4,"damage_taken":0},{"event_name":"Match and Keep!","player_choice":"2 cards matched","floor":5,"damage_taken":0},{"event_name":"Dead Adventurer","player_choice":"Searched \u00273\u0027 times","floor":8,"damage_taken":0},{"event_name":"Big Fish","player_choice":"Banana","floor":11,"damage_taken":0},{"event_name":"Liars Game","player_choice":"agreed","floor":13,"damage_taken":0},{"event_name":"Scrap Ooze","player_choice":"success","floor":14,"damage_taken":12},{"event_name":"The Mausoleum","player_choice":"Yes","floor":20,"damage_taken":0},{"event_name":"Forgotten Altar","player_choice":"Smashed Altar","floor":28,"damage_taken":0}],"boss_relics":[{"not_picked":["Cursed Key","Runic Cube"],"picked":"Orrery"}],"potions_floor_spawned":[3,8,10,16,22,24,29,30],"seed_played":"1370497156113888910","killed_by":"Collector","ascension_level":0,"is_trial":false}