{"gold_per_floor":[114,124,134,134,152,152,166,166,242,242,517,537,554,573,573,573],"floor_reached":16,"playtime":441,"items_purged":[],"score":168,"play_id":"d644507e-7007-4514-9b5d-16919653ed3d","local_time":"20190309000821","is_ascension_mode":true,"campfire_choices":[{"floor":6.0,"key":"REST"},{"floor":8.0,"key":"REST"},{"data":"Darkness","floor":10,"key":"SMITH"},{"floor":15,"key":"REST"}],"neow_cost":"NONE","seed_source_timestamp":154685054457245,"circlet_count":0,"master_deck":["AscendersBane","Strike_B","Strike_B","Strike_B","Strike_B","Defend_B","Defend_B","Defend_B","Defend_B","Zap","Dualcast","Cold Snap","Coolheaded","Darkness+1","Capacitor","Sweeping Beam","Regret","Cold Snap","Self Repair","Compile Driver"],"special_seed":0,"relics":["Runic Dome","Bottled Tornado"],"potions_floor_usage":[12,14],"damage_taken":[{"damage":1.0,"enemies":"Cultist","floor":1.0,"turns":3.0},{"damage":4.0,"enemies":"2 Louse","floor":2.0,"turns":2.0},{"damage":5.0,"enemies":"Small Slimes","floor":3.0,"turns":2.0},{"damage":13.0,"enemies":"Exordium Thugs","floor":5.0,"turns":5.0},{"damage":27.0,"enemies":"3 Louse","floor":7.0,"turns":3.0},{"damage":23,"enemies":"Exordium Wildlife","floor":12,"turns":4},{"damage":14,"enemies":"Looter","floor":13,"turns":4},{"damage":4,"enemies":"Gremlin Gang","floor":14,"turns":3},{"damage":43,"enemies":"The Guardian","floor":16,"turns":6}],"seed_played":"-6389581577526234476","potions_obtained":[{"floor":2.0,"key":"SkillPotion"},{"floor":7.0,"key":"SkillPotion"},{"floor":12,"key":"Explosive Potion"}],"is_trial":false,"path_per_floor":["M","M","M","?","M","R","M","R","T","R","?","M","M","M","R","B"],"character_chosen":"DEFECT","items_purchased":[],"campfire_rested":3,"item_purchase_floors":[],"current_hp_per_floor":[63,59,54,54,41,62,35,56,56,56,56,33,19,22,43,0],"gold":573,"neow_bonus":"BOSS_RELIC","is_prod":false,"is_daily":false,"chose_seed":false,"campfire_upgraded":1,"win_rate":0,"timestamp":1552111701,"path_taken":["M","?","M","?","M","R","M","R","T","R","?","M","M","M","R","BOSS"],"build_version":"2019-01-23","purchased_purges":0,"victory":false,"max_hp_per_floor":[71,71,71,71,71,71,71,71,71,71,71,71,71,71,71,71],"card_choices":[{"not_picked":["Redo","Rebound"],"picked":"Cold Snap","floor":1.0},{"not_picked":["Consume","Steam Power"],"picked":"Coolheaded","floor":2.0},{"not_picked":["Beam Cell","Steam Power"],"picked":"Darkness","floor":3.0},{"not_picked":["Beam Cell","Sunder"],"picked":"Capacitor","floor":5.0},{"not_picked":["Ball Lightning","Fusion"],"picked":"Sweeping Beam","floor":7.0},{"not_picked":["Gash","BootSequence"],"picked":"Cold Snap","floor":12},{"not_picked":["Skim","Melter"],"picked":"Self Repair","floor":13},{"not_picked":["Reinforced Body","Melter"],"picked":"Compile Driver","floor":14}],"player_experience":660350,"relics_obtained":[{"floor":9,"key":"Bottled Tornado"}],"event_choices":[{"damage_healed":0.0,"max_hp_gain":0.0,"max_hp_loss":0.0,"gold_gain":0.0,"event_name":"Scrap Ooze","player_choice":"Fled","floor":4.0,"gold_loss":0.0,"damage_taken":0.0},{"damage_healed":0,"gold_gain":275,"player_choice":"Desecrate","damage_taken":0,"max_hp_gain":0,"max_hp_loss":0,"event_name":"Golden Shrine","floor":11,"gold_loss":0,"cards_obtained":["Regret"]}],"is_beta":false,"boss_relics":[],"items_purged_floors":[],"is_endless":false,"potions_floor_spawned":[2,7,12],"killed_by":"The Guardian","ascension_level":15}