{"gold_per_floor":[110,120,120,130,148,177,16,16,63,88,107,107,107,124,124,229,229,245,87,99,110,88,88,115,55,78,13,13,30,58,71,71,166,166,180,195,211,14,28,28,48,48,48,48,59,59,0,0,0,0],"floor_reached":51,"playtime":3812,"items_purged":["Choke"],"score":724,"play_id":"791e8629-3d1e-47a6-a9af-30dd245616fb","local_time":"20190331011638","is_ascension_mode":false,"campfire_choices":[{"floor":8.0,"key":"REST"},{"floor":13.0,"key":"DIG"},{"data":"Night Terror","floor":15,"key":"SMITH"},{"floor":23,"key":"REST"},{"floor":28,"key":"REST"},{"floor":32,"key":"DIG"},{"floor":40,"key":"REST"},{"floor":42,"key":"REST"},{"floor":46,"key":"REST"},{"data":"Apotheosis","floor":49,"key":"SMITH"}],"neow_cost":"NONE","seed_source_timestamp":0,"circlet_count":0,"master_deck":["Survivor","Neutralize","Dagger Throw","Poisoned Stab","Accuracy","Noxious Fumes","Quick Slash","Catalyst","Noxious Fumes","Apotheosis+1","Dodge and Roll","Night Terror+1","Corpse Explosion","Skewer","Burst","Dash","Quick Slash","Footwork","Blur","A Thousand Cuts","PiercingWail","Bouncing Flask","Blade Dance","Poisoned Stab","Accuracy","Deflect+1","Cloak And Dagger","Blur","Flying Knee","Footwork","Expertise+1","Blur","Caltrops+1","PiercingWail+1","Cloak And Dagger+1","Backstab+1","Caltrops+1","Deflect+1"],"special_seed":0,"relics":["Runic Dome","The Courier","Orichalcum","Blood Vial","Shovel","Smiling Mask","Pandora\u0027s Box","Vajra","Centennial Puzzle","Darkstone Periapt","Dead Branch","Lizard Tail","Ninja Scroll","Strawberry","Red Mask"],"potions_floor_usage":[16,16,18,24,29,30,31,35,36,37],"damage_taken":[{"damage":4.0,"enemies":"Cultist","floor":1.0,"turns":5.0},{"damage":3.0,"enemies":"2 Louse","floor":2.0,"turns":3.0},{"damage":5.0,"enemies":"Small Slimes","floor":4.0,"turns":3.0},{"damage":9.0,"enemies":"3 Louse","floor":5.0,"turns":3.0},{"damage":8.0,"enemies":"3 Sentries","floor":6.0,"turns":7.0},{"damage":12.0,"enemies":"Lagavulin","floor":10.0,"turns":6.0},{"damage":0.0,"enemies":"2 Fungi Beasts","floor":11.0,"turns":3.0},{"damage":4,"enemies":"Blue Slaver","floor":14,"turns":4},{"damage":8,"enemies":"The Guardian","floor":16,"turns":6},{"damage":24,"enemies":"Spheric Guardian","floor":18,"turns":6},{"damage":16,"enemies":"Shell Parasite","floor":20,"turns":5},{"damage":9,"enemies":"3 Cultists","floor":21,"turns":4},{"damage":8,"enemies":"Book of Stabbing","floor":24,"turns":6},{"damage":7,"enemies":"Snake Plant","floor":29,"turns":6},{"damage":0,"enemies":"Gremlin Leader","floor":30,"turns":6},{"damage":10,"enemies":"Cultist and Chosen","floor":31,"turns":5},{"damage":26,"enemies":"Champ","floor":33,"turns":8},{"damage":15,"enemies":"Orb Walker","floor":35,"turns":3},{"damage":16,"enemies":"3 Shapes","floor":36,"turns":6},{"damage":3,"enemies":"Writhing Mass","floor":37,"turns":9},{"damage":15,"enemies":"Jaw Worm Horde","floor":39,"turns":3},{"damage":0,"enemies":"Maw","floor":41,"turns":9},{"damage":34,"enemies":"Spire Growth","floor":45,"turns":5},{"damage":58,"enemies":"Donu and Deca","floor":50,"turns":8}],"seed_played":"8300469915120313822","potions_obtained":[{"floor":1.0,"key":"Dexterity Potion"},{"floor":6.0,"key":"Block Potion"},{"floor":10.0,"key":"AttackPotion"},{"floor":14,"key":"PowerPotion"},{"floor":21,"key":"FearPotion"},{"floor":29,"key":"Block Potion"},{"floor":30,"key":"Swift Potion"},{"floor":33,"key":"Poison Potion"},{"floor":35,"key":"EssenceOfSteel"},{"floor":36,"key":"SkillPotion"}],"is_trial":false,"path_per_floor":["M","M","?","M","M","E","$","R","T","E","M","T","R","M","R","B",null,"M","$","M","M","$","R","E","$","T","$","R","M","E","M","R","B",null,"M","M","M","$","M","R","M","R","T","?","M","R","?","?","R","B",null],"character_chosen":"THE_SILENT","items_purchased":["Noxious Fumes","Apotheosis","Blade Dance","Poisoned Stab","Accuracy","Cloak And Dagger","Flying Knee","AttackPotion","Footwork","Ninja Scroll"],"campfire_rested":6,"item_purchase_floors":[7,7,19,19,19,22,25,25,27,38],"current_hp_per_floor":[66,63,63,58,49,41,41,62,62,50,52,52,52,50,50,44,70,46,46,32,25,25,46,40,40,40,40,61,56,58,50,50,26,70,55,41,40,40,27,48,50,70,77,73,39,60,60,60,60,4],"gold":0,"neow_bonus":"BOSS_RELIC","is_prod":false,"is_daily":false,"chose_seed":false,"campfire_upgraded":2,"win_rate":0,"timestamp":1554020198,"path_taken":["M","M","?","?","M","E","?","R","T","E","?","?","R","M","R","BOSS","M","$","?","M","?","R","E","?","T","$","R","M","E","M","R","BOSS","M","M","M","$","M","R","M","R","T","?","M","R","?","?","R","BOSS"],"build_version":"2019-01-23","purchased_purges":1,"victory":true,"max_hp_per_floor":[70,70,70,70,70,70,70,70,70,70,70,70,70,70,70,70,70,70,70,70,70,70,70,70,70,70,70,70,70,70,70,70,70,70,70,70,70,70,70,70,70,70,77,73,73,73,73,73,73,73],"card_choices":[{"not_picked":["Bane","Acrobatics"],"picked":"Dagger Throw","floor":1.0},{"not_picked":["Underhanded Strike","Catalyst"],"picked":"Poisoned Stab","floor":2.0},{"not_picked":["Backflip","Underhanded Strike"],"picked":"Noxious Fumes","floor":4.0},{"not_picked":["Outmaneuver","Endless Agony"],"picked":"Quick Slash","floor":5.0},{"not_picked":["Setup","Bane"],"picked":"Catalyst","floor":6.0},{"not_picked":["Underhanded Strike","Backflip"],"picked":"Dodge and Roll","floor":10.0},{"not_picked":["Terror","Riddle With Holes","Outmaneuver"],"picked":"SKIP","floor":11.0},{"not_picked":["Distraction","Bane"],"picked":"Night Terror","floor":14},{"not_picked":["Night Terror","Doppelganger"],"picked":"Corpse Explosion","floor":16},{"not_picked":["Deflect","Sucker Punch"],"picked":"Bouncing Flask","floor":18},{"not_picked":["Bouncing Flask","Infinite Blades","Dagger Throw"],"picked":"SKIP","floor":20},{"not_picked":["Finisher","Deadly Poison"],"picked":"Deflect+1","floor":21},{"not_picked":["Deflect","Quick Slash+1"],"picked":"Blur","floor":24},{"not_picked":["Slice","Setup"],"picked":"Expertise+1","floor":29},{"not_picked":["Skewer","Infinite Blades"],"picked":"Blur","floor":30},{"not_picked":["Slice+1","Unload","Expertise"],"picked":"SKIP","floor":31},{"not_picked":["Malaise","Doppelganger"],"picked":"Adrenaline","floor":33},{"not_picked":["Underhanded Strike+1","Heel Hook"],"picked":"Caltrops+1","floor":35},{"not_picked":["Crippling Poison","Cloak And Dagger"],"picked":"PiercingWail+1","floor":36},{"not_picked":["Poisoned Stab+1","Masterful Stab"],"picked":"Cloak And Dagger+1","floor":37},{"not_picked":["Slice+1","Outmaneuver+1"],"picked":"Backstab+1","floor":39},{"not_picked":["Acrobatics","Deadly Poison+1"],"picked":"Caltrops+1","floor":41},{"not_picked":["Bane","Storm of Steel"],"picked":"Deflect+1","floor":45}],"player_experience":268390,"relics_obtained":[{"floor":6.0,"key":"The Courier"},{"floor":9.0,"key":"Orichalcum"},{"floor":10.0,"key":"Blood Vial"},{"floor":12.0,"key":"Shovel"},{"floor":13.0,"key":"Smiling Mask"},{"floor":24,"key":"Vajra"},{"floor":26,"key":"Centennial Puzzle"},{"floor":30,"key":"Darkstone Periapt"},{"floor":32,"key":"Dead Branch"},{"floor":43,"key":"Strawberry"}],"event_choices":[{"damage_healed":0.0,"max_hp_gain":0.0,"max_hp_loss":0.0,"gold_gain":0.0,"cards_transformed":["Strike_G"],"event_name":"Transmorgrifier","player_choice":"Transformed","floor":3.0,"gold_loss":0.0,"damage_taken":0.0,"cards_obtained":["Accuracy"]},{"damage_healed":0,"gold_gain":0,"player_choice":"Max HP","damage_taken":0,"max_hp_gain":0,"max_hp_loss":4,"event_name":"Winding Halls","floor":44,"gold_loss":0},{"damage_healed":0,"gold_gain":0,"player_choice":"Paid","damage_taken":0,"relics_obtained":["Red Mask"],"max_hp_gain":0,"max_hp_loss":0,"event_name":"Tomb of Lord Red Mask","floor":47,"gold_loss":59},{"cards_removed":["Adrenaline"],"damage_healed":0,"gold_gain":0,"player_choice":"Removed Skill","damage_taken":0,"max_hp_gain":0,"max_hp_loss":0,"event_name":"Falling","floor":48,"gold_loss":0}],"is_beta":false,"boss_relics":[{"not_picked":["Busted Crown","Calling Bell"],"picked":"Pandora\u0027s Box"},{"not_picked":["Coffee Dripper","Cursed Key"],"picked":"Lizard Tail"}],"items_purged_floors":[19],"is_endless":false,"potions_floor_spawned":[1,6,10,14,21,29,30,33,35,36],"ascension_level":0}