{"gold_per_floor":[113,63,81,96,115,147,25,55,82,82,112,112,130,159,159,261,261,281,81,92,111,111,111],"floor_reached":23,"playtime":1001,"items_purged":["Strike_B","Strike_B"],"score":352,"play_id":"d08578d4-c23f-4d43-b70f-c982711177d4","local_time":"20180707215643","is_ascension_mode":true,"campfire_choices":[{"data":"Zap","floor":12,"key":"SMITH"},{"data":"Dualcast","floor":15,"key":"SMITH"}],"neow_cost":"NONE","seed_source_timestamp":608674147200245,"circlet_count":0,"master_deck":["Strike_B+1","Defend_B","Defend_B","Defend_B","Defend_B","Zap+1","Dualcast+1","Streamline","Beam Cell","Static Discharge","Cold Snap+1","Ball Lightning","Conserve Battery","Auto Shields","Echo Form","Self Repair","Go for the Eyes","Storm","Self Repair","Beam Cell+1"],"relics":["Busted Crown","Kunai","Whetstone","Happy Flower","Bag of Preparation","Potion Belt","Philosopher\u0027s Stone"],"potions_floor_usage":[6,6,11,21,23],"damage_taken":[{"damage":6,"enemies":"2 Louse","floor":1,"turns":2},{"damage":0,"enemies":"Small Slimes","floor":3,"turns":3},{"damage":0,"enemies":"Cultist","floor":4,"turns":2},{"damage":21,"enemies":"Exordium Thugs","floor":5,"turns":5},{"damage":11,"enemies":"Gremlin Nob","floor":6,"turns":3},{"damage":11,"enemies":"Lagavulin","floor":8,"turns":6},{"damage":4,"enemies":"Gremlin Nob","floor":11,"turns":3},{"damage":0,"enemies":"Gremlin Gang","floor":13,"turns":3},{"damage":1,"enemies":"3 Sentries","floor":14,"turns":6},{"damage":0,"enemies":"Slime Boss","floor":16,"turns":8},{"damage":21,"enemies":"Chosen","floor":18,"turns":5},{"damage":0,"enemies":"Shell Parasite","floor":20,"turns":7},{"damage":28,"enemies":"Snake Plant","floor":21,"turns":5},{"damage":42,"enemies":"Slavers","floor":23,"turns":2}],"seed_played":"-7328198684933687162","potions_obtained":[{"floor":3,"key":"Dexterity Potion"},{"floor":4,"key":"Weak Potion"},{"floor":5,"key":"Poison Potion"},{"floor":14,"key":"LiquidBronze"},{"floor":20,"key":"Swift Potion"},{"floor":21,"key":"Explosive Potion"}],"is_trial":false,"path_per_floor":["M","?","M","M","M","E","$","E","T","$","E","R","M","E","R","B",null,"M","$","M","M","?"],"character_chosen":"DEFECT","items_purchased":["Conserve Battery","Go for the Eyes","Storm"],"campfire_rested":0,"item_purchase_floors":[7,19,19],"current_hp_per_floor":[62,62,62,62,41,30,30,19,19,19,15,15,15,14,14,28,63,49,49,63,56,42,0],"gold":111,"neow_bonus":"BOSS_RELIC","is_prod":false,"is_daily":false,"chose_seed":false,"campfire_upgraded":2,"win_rate":0,"timestamp":1531025803,"path_taken":["M","?","M","M","M","E","$","E","T","?","E","R","?","E","R","BOSS","M","$","?","M","?","E"],"build_version":"2018-07-05","purchased_purges":2,"victory":false,"max_hp_per_floor":[75,75,75,75,75,75,75,75,75,75,75,75,75,75,75,75,75,75,75,75,75,80,80],"card_choices":[{"not_picked":[],"picked":"Streamline","floor":1},{"not_picked":[],"picked":"Beam Cell","floor":3},{"not_picked":[],"picked":"Static Discharge","floor":4},{"not_picked":[],"picked":"Cold Snap","floor":5},{"not_picked":[],"picked":"Ball Lightning","floor":6},{"not_picked":["Aggregate"],"picked":"SKIP","floor":8},{"not_picked":[],"picked":"Auto Shields","floor":11},{"not_picked":[],"picked":"Echo Form","floor":13},{"not_picked":[],"picked":"Self Repair","floor":14},{"not_picked":["Leap"],"picked":"SKIP","floor":18},{"not_picked":[],"picked":"Self Repair","floor":20},{"not_picked":[],"picked":"Beam Cell+1","floor":21}],"player_experience":266083,"relics_obtained":[{"floor":6,"key":"Kunai"},{"floor":8,"key":"Whetstone"},{"floor":9,"key":"Happy Flower"},{"floor":11,"key":"Bag of Preparation"},{"floor":14,"key":"Potion Belt"}],"event_choices":[{"event_name":"The Cleric","player_choice":"Card Removal","floor":2,"damage_taken":0},{"event_name":"Forgotten Altar","player_choice":"Shed Blood","floor":22,"damage_taken":0}],"boss_relics":[{"not_picked":["Tiny House","Astrolabe"],"picked":"Philosopher\u0027s Stone"}],"items_purged_floors":[7,19],"is_endless":false,"potions_floor_spawned":[3,4,5,14,20,21],"killed_by":"Slavers","ascension_level":6}