{"gold_per_floor":[359,372,63,63,78,78,78,78,78,78,97,47,47,47,47,121,121,136,149,42,317,317],"floor_reached":22,"playtime":17628,"items_purged":[],"score":310,"play_id":"4434a178-3e12-4e52-b229-024e6102e529","local_time":"20190316172901","is_ascension_mode":true,"campfire_choices":[{"floor":6.0,"key":"REST"},{"data":"Coolheaded","floor":8.0,"key":"SMITH"},{"data":"Hello World","floor":10.0,"key":"SMITH"},{"floor":15.0,"key":"REST"}],"neow_cost":"CURSE","seed_source_timestamp":0,"circlet_count":0,"master_deck":["AscendersBane","Strike_B","Strike_B","Strike_B","Strike_B","Defend_B","Defend_B","Defend_B","Defend_B","Zap","Dualcast","Regret","Melter","Coolheaded+1","Hello World+1","Conserve Battery","Leap","Electrodynamics","Ball Lightning","Gash","Bandage Up","Regret"],"special_seed":0,"relics":["FrozenCore","OrangePellets","Pantograph","Regal Pillow","Bag of Marbles"],"potions_floor_usage":[],"damage_taken":[{"damage":8.0,"enemies":"Cultist","floor":1.0,"turns":3.0},{"damage":0.0,"enemies":"Small Slimes","floor":2.0,"turns":3.0},{"damage":3.0,"enemies":"2 Louse","floor":5.0,"turns":2.0},{"damage":12.0,"enemies":"Exordium Thugs","floor":11.0,"turns":5.0},{"damage":43.0,"enemies":"Hexaghost","floor":16.0,"turns":15.0},{"damage":22,"enemies":"3 Byrds","floor":18,"turns":4},{"damage":20,"enemies":"Shell Parasite","floor":19,"turns":6},{"damage":22,"enemies":"Centurion and Healer","floor":22,"turns":4}],"seed_played":"1218155894134230959","potions_obtained":[{"floor":2.0,"key":"Block Potion"},{"floor":11.0,"key":"Block Potion"}],"is_trial":false,"path_per_floor":["M","M","$","?","M","R","$","R","T","R","M","$","?","?","R","B",null,"M","M","$","?","M"],"character_chosen":"DEFECT","items_purchased":["Hello World","OrangePellets","Leap","Bandage Up"],"campfire_rested":2,"item_purchase_floors":[3,3,12,20],"current_hp_per_floor":[56,56,56,52,49,70,70,70,70,70,58,58,47,47,71,28,60,38,18,18,18,0],"gold":317,"neow_bonus":"TWO_FIFTY_GOLD","is_prod":false,"is_daily":false,"chose_seed":false,"campfire_upgraded":2,"win_rate":0,"timestamp":1552775341,"path_taken":["M","M","$","?","?","R","$","R","T","R","M","?","?","?","R","BOSS","M","M","$","?","M"],"build_version":"2019-01-23","purchased_purges":0,"victory":false,"max_hp_per_floor":[71,71,71,71,71,71,71,71,71,71,71,71,71,71,71,71,71,71,71,71,71,71],"card_choices":[{"not_picked":["Steam Power","Heatsinks"],"picked":"Melter","floor":1.0},{"not_picked":["Gash","Auto Shields"],"picked":"Coolheaded","floor":2.0},{"not_picked":["Streamline","Beam Cell","Steam"],"picked":"SKIP","floor":5.0},{"not_picked":["Stack","Sunder"],"picked":"Conserve Battery","floor":11.0},{"not_picked":["Core Surge","Buffer"],"picked":"Electrodynamics","floor":16.0},{"not_picked":["Go for the Eyes","Streamline"],"picked":"Ball Lightning","floor":18},{"not_picked":["Rebound","Steam Power"],"picked":"Gash","floor":19}],"player_experience":731418,"relics_obtained":[{"floor":9.0,"key":"Pantograph"},{"floor":14.0,"key":"Bag of Marbles"}],"event_choices":[{"damage_healed":0.0,"max_hp_gain":0.0,"max_hp_loss":0.0,"gold_gain":0.0,"event_name":"The Woman in Blue","player_choice":"Bought 0 Potions","floor":4.0,"gold_loss":0.0,"damage_taken":0.0},{"damage_healed":0.0,"max_hp_gain":0.0,"max_hp_loss":0.0,"gold_gain":0.0,"event_name":"Scrap Ooze","player_choice":"Success","floor":13.0,"gold_loss":0.0,"damage_taken":11.0,"relics_obtained":["Regal Pillow"]},{"damage_healed":0.0,"max_hp_gain":0.0,"max_hp_loss":0.0,"gold_gain":0.0,"event_name":"Wheel of Change","player_choice":"Relic","floor":14.0,"gold_loss":0.0,"damage_taken":0.0},{"damage_healed":0,"gold_gain":275,"player_choice":"Desecrate","damage_taken":0,"max_hp_gain":0,"max_hp_loss":0,"event_name":"Golden Shrine","floor":21,"gold_loss":0,"cards_obtained":["Regret"]}],"is_beta":false,"boss_relics":[{"not_picked":["Sozu","Lizard Tail"],"picked":"FrozenCore"}],"items_purged_floors":[],"is_endless":false,"potions_floor_spawned":[2,11],"killed_by":"Centurion and Healer","ascension_level":16}