{"gold_per_floor":[109,32,107,32,32,32,32,32,86,115,115,147,157,187,187,289,289,305,22,37,37,52,52],"floor_reached":23,"playtime":1014,"items_purged":["Riddle With Holes"],"score":226,"play_id":"c9ab3235-f2a2-41ba-ac95-18ebb59a3867","local_time":"20180712042048","is_ascension_mode":true,"campfire_choices":[{"data":"Noxious Fumes","floor":6,"key":"SMITH"},{"data":"Setup","floor":8,"key":"SMITH"},{"data":"Sucker Punch","floor":11,"key":"SMITH"},{"floor":15,"key":"REST"}],"neow_cost":"NONE","seed_source_timestamp":876450388060477,"circlet_count":0,"master_deck":["Survivor","Neutralize+1","Cloak And Dagger","Setup+1","Deadly Poison","Cloak And Dagger","Quick Slash","Sucker Punch+1","Dash","Slice","Deflect","Noxious Fumes+1","Blur","Backflip","Night Terror","Poisoned Stab+1","Footwork","Prepared+1","PiercingWail"],"relics":["Pandora\u0027s Box","Bronze Scales","Paper Crane","Kunai","Happy Flower","Empty Cage","Regal Pillow"],"potions_floor_usage":[23],"damage_taken":[{"damage":0,"enemies":"Cultist","floor":1,"turns":2},{"damage":2,"enemies":"3 Sentries","floor":10,"turns":5},{"damage":3,"enemies":"Gremlin Nob","floor":12,"turns":3},{"damage":0,"enemies":"2 Louse","floor":13,"turns":3},{"damage":13,"enemies":"3 Sentries","floor":14,"turns":6},{"damage":10,"enemies":"The Guardian","floor":16,"turns":9},{"damage":5,"enemies":"3 Byrds","floor":18,"turns":4},{"damage":33,"enemies":"2 Thieves","floor":20,"turns":5},{"damage":20,"enemies":"Sentry and Sphere","floor":22,"turns":6},{"damage":37,"enemies":"Slavers","floor":23,"turns":4}],"seed_played":"7754548178657685263","potions_obtained":[{"floor":10,"key":"GamblersBrew"},{"floor":20,"key":"Explosive Potion"}],"is_trial":false,"path_per_floor":["M","$","?","$","?","R","?","R","T","E","R","E","M","E","R","B",null,"M","$","M","?","M"],"character_chosen":"THE_SILENT","items_purchased":["Noxious Fumes","Footwork","Regal Pillow","GhostInAJar"],"campfire_rested":1,"item_purchase_floors":[2,19,19,19],"current_hp_per_floor":[70,70,59,59,59,59,59,59,59,57,57,54,54,41,62,52,70,65,65,32,55,35,0],"gold":52,"neow_bonus":"BOSS_RELIC","is_prod":false,"is_daily":false,"chose_seed":false,"campfire_upgraded":3,"win_rate":0,"timestamp":1531390848,"path_taken":["M","$","?","$","?","R","?","R","T","E","R","E","?","E","R","BOSS","M","$","M","?","M","E"],"build_version":"2018-07-05","purchased_purges":1,"victory":false,"max_hp_per_floor":[70,70,70,70,70,70,70,70,70,70,70,70,70,70,70,70,70,70,70,70,70,70,70],"card_choices":[{"not_picked":["Underhanded Strike","Riddle With Holes"],"picked":"Deflect","floor":1},{"not_picked":["Bane","Poisoned Stab"],"picked":"Sucker Punch","floor":10},{"not_picked":["Outmaneuver","Accuracy"],"picked":"Blur","floor":12},{"not_picked":["Acrobatics","Calculated Gamble","Setup"],"picked":"SKIP","floor":13},{"not_picked":["Quick Slash","Glass Knife"],"picked":"Backflip","floor":14},{"not_picked":["Envenom","Die Die Die"],"picked":"Night Terror","floor":16},{"not_picked":["Dagger Spray","Sucker Punch"],"picked":"Poisoned Stab+1","floor":18},{"not_picked":["Dodge and Roll","Predator"],"picked":"Prepared+1","floor":20},{"not_picked":["Dagger Throw","Flechettes"],"picked":"PiercingWail","floor":22}],"player_experience":101850,"relics_obtained":[{"floor":9,"key":"Bronze Scales"},{"floor":10,"key":"Paper Crane"},{"floor":12,"key":"Kunai"},{"floor":14,"key":"Happy Flower"}],"event_choices":[{"event_name":"World of Goop","player_choice":"Gather Gold","floor":3,"damage_taken":0},{"event_name":"The Cleric","player_choice":"Leave","floor":5,"damage_taken":0},{"event_name":"Accursed Blacksmith","player_choice":"Forge","floor":7,"damage_taken":0},{"event_name":"The Library","player_choice":"Heal","floor":21,"damage_taken":0}],"boss_relics":[{"not_picked":["Runic Dome","Eternal Feather"],"picked":"Empty Cage"}],"items_purged_floors":[4],"is_endless":false,"potions_floor_spawned":[10,20],"killed_by":"Slavers","ascension_level":2}