{"gold_per_floor":[117,129,149,162,162,189,200,217,217,217,230,265,276,276,276,374,374,387,16,30,129,129,161,161,180,205,217,232,232,232,232,232,331,331,348,365,380,211,221,221,237,248,248,259,259,134,154,154,154,154],"floor_reached":50,"playtime":3809,"items_purged":["Defend_G","Prepared","Night Terror"],"score":581,"play_id":"eb89c0a8-08f9-4454-b739-872401c53fb2","local_time":"20190327131538","is_ascension_mode":true,"campfire_choices":[{"floor":10,"key":"REST"},{"data":"Bouncing Flask","floor":15,"key":"SMITH"},{"floor":30,"key":"REST"},{"floor":32,"key":"RECALL"},{"floor":40,"key":"REST"},{"data":"Footwork","floor":49,"key":"SMITH"}],"neow_cost":"NONE","seed_source_timestamp":1100810767603121,"circlet_count":0,"master_deck":["Defend_G","Defend_G","Defend_G","Defend_G","Strike_G","Survivor","Neutralize","Blade Dance","Blade Dance","Dodge and Roll","Cloak And Dagger","Deflect","Cloak And Dagger","Bouncing Flask+1","Backstab+1","Accuracy+1","Infinite Blades+1","PiercingWail","Noxious Fumes+1","Poisoned Stab+1","Footwork+1","Concentrate","Infinite Blades","Cloak And Dagger","Dodge and Roll","Die Die Die","Deflect+1","Poisoned Stab+1","Footwork","Accuracy","Backstab","Dash","Bouncing Flask+1","Sucker Punch+1","Bouncing Flask","Dodge and Roll+1","Noxious Fumes","Catalyst+1","Dodge and Roll+1","Deadly Poison+1","Bouncing Flask","Concentrate","Footwork","Bouncing Flask+1"],"relics":["White Beast Statue","Vajra","Pear","Thread and Needle","Meat on the Bone","Astrolabe","Prayer Wheel","Ginger","Pen Nib","Bronze Scales","Orrery"],"potions_floor_usage":[4,6,18,23,27,28,29,36,39,41,44,47,50],"damage_taken":[{"damage":2,"enemies":"2 Louse","floor":1,"turns":3},{"damage":0,"enemies":"Cultist","floor":2,"turns":4},{"damage":0,"enemies":"Small Slimes","floor":3,"turns":3},{"damage":0,"enemies":"Blue Slaver","floor":4,"turns":5},{"damage":43,"enemies":"Lagavulin","floor":6,"turns":8},{"damage":2,"enemies":"3 Louse","floor":7,"turns":3},{"damage":11,"enemies":"Lots of Slimes","floor":8,"turns":5},{"damage":1,"enemies":"Large Slime","floor":11,"turns":7},{"damage":2,"enemies":"3 Sentries","floor":12,"turns":10},{"damage":0,"enemies":"Exordium Wildlife","floor":13,"turns":3},{"damage":13,"enemies":"The Guardian","floor":16,"turns":11},{"damage":10,"enemies":"3 Byrds","floor":18,"turns":4},{"damage":0,"enemies":"Shell Parasite","floor":20,"turns":3},{"damage":34,"enemies":"Slavers","floor":23,"turns":8},{"damage":6,"enemies":"Cultist and Chosen","floor":25,"turns":6},{"damage":17,"enemies":"Snake Plant","floor":27,"turns":3},{"damage":8,"enemies":"Snecko","floor":28,"turns":4},{"damage":15,"enemies":"Colosseum Slavers","floor":29,"turns":4},{"damage":42,"enemies":"Collector","floor":33,"turns":9},{"damage":5,"enemies":"Orb Walker","floor":35,"turns":3},{"damage":28,"enemies":"3 Shapes","floor":36,"turns":3},{"damage":32,"enemies":"Maw","floor":37,"turns":8},{"damage":23,"enemies":"Jaw Worm Horde","floor":39,"turns":6},{"damage":17,"enemies":"Transient","floor":41,"turns":5},{"damage":7,"enemies":"3 Darklings","floor":42,"turns":3},{"damage":33,"enemies":"Jaw Worm Horde","floor":44,"turns":6},{"damage":14,"enemies":"Sphere and 2 Shapes","floor":47,"turns":8},{"damage":87,"enemies":"Time Eater","floor":50,"turns":8}],"seed_played":"-3507851406196258492","potions_obtained":[{"floor":1,"key":"SkillPotion"},{"floor":2,"key":"FairyPotion"},{"floor":3,"key":"AttackPotion"},{"floor":4,"key":"FairyPotion"},{"floor":6,"key":"Ancient Potion"},{"floor":7,"key":"GhostInAJar"},{"floor":12,"key":"Fire Potion"},{"floor":18,"key":"PowerPotion"},{"floor":23,"key":"GamblersBrew"},{"floor":25,"key":"AttackPotion"},{"floor":27,"key":"LiquidBronze"},{"floor":28,"key":"Fire Potion"},{"floor":33,"key":"Fire Potion"},{"floor":36,"key":"Weak Potion"},{"floor":39,"key":"GhostInAJar"},{"floor":41,"key":"GhostInAJar"},{"floor":44,"key":"Explosive Potion"},{"floor":47,"key":"Block Potion"}],"is_trial":false,"path_per_floor":["M","M","M","M","?","E","M","M","T","R","M","E","M","?","R","B",null,"M","$","M","?","?","E","T","M","T","M","M","?","R","?","R","B",null,"M","M","M","$","M","R","M","M","T","M","?","$","M","?","R","B"],"character_chosen":"THE_SILENT","items_purchased":["Prayer Wheel","Noxious Fumes"],"campfire_rested":3,"item_purchase_floors":[19,38],"current_hp_per_floor":[68,68,68,68,68,35,33,22,22,46,45,43,43,80,80,67,80,70,70,70,70,54,32,32,38,38,33,37,34,58,80,80,50,80,75,47,27,27,16,40,35,40,40,19,70,70,56,56,56,0],"gold":154,"neow_bonus":"BOSS_RELIC","is_prod":false,"is_daily":false,"chose_seed":false,"campfire_upgraded":2,"win_rate":0,"timestamp":1553717738,"path_taken":["M","M","M","M","?","E","M","M","T","R","?","E","M","?","R","BOSS","M","$","?","?","?","E","?","M","T","M","M","?","R","?","R","BOSS","M","M","M","$","?","R","M","M","T","M","?","$","M","?","R","BOSS"],"build_version":"2019-01-23","purchased_purges":3,"victory":false,"max_hp_per_floor":[70,70,70,70,70,80,80,80,80,80,80,80,80,80,80,80,80,80,80,80,80,80,80,80,80,80,80,80,80,80,80,80,80,80,80,80,80,80,80,80,80,80,80,80,70,70,70,70,70,70],"card_choices":[{"not_picked":["Acrobatics","Quick Slash"],"picked":"Blade Dance","floor":1},{"not_picked":["Prepared","Blur"],"picked":"Blade Dance","floor":2},{"not_picked":["Distraction","Blur"],"picked":"Dodge and Roll","floor":3},{"not_picked":["Bane","Outmaneuver"],"picked":"Blade Dance","floor":4},{"not_picked":["Dodge and Roll","Flying Knee"],"picked":"Cloak And Dagger","floor":6},{"not_picked":["Backflip","Dagger Throw"],"picked":"Prepared","floor":7},{"not_picked":["Prepared","Backflip","Storm of Steel"],"picked":"SKIP","floor":8},{"not_picked":["Backflip","Bane"],"picked":"Deflect","floor":11},{"not_picked":["Prepared","Bane"],"picked":"Cloak And Dagger","floor":12},{"not_picked":["Slice","Blur"],"picked":"Bouncing Flask","floor":13},{"not_picked":["Die Die Die","Grand Finale"],"picked":"Night Terror","floor":16},{"not_picked":["Outmaneuver","Bane"],"picked":"Catalyst+1","floor":18},{"not_picked":["Acrobatics","Underhanded Strike+1"],"picked":"PiercingWail","floor":20},{"not_picked":["Tactician","Acrobatics","Setup+1"],"picked":"SKIP","floor":20},{"not_picked":["Prepared","Bane+1"],"picked":"Noxious Fumes+1","floor":23},{"not_picked":["Sucker Punch","Calculated Gamble"],"picked":"Poisoned Stab+1","floor":25},{"not_picked":["All Out Attack","Leg Sweep"],"picked":"Footwork","floor":25},{"not_picked":["Prepared","Dagger Spray"],"picked":"Concentrate","floor":27},{"not_picked":["Flying Knee","Bane+1"],"picked":"Infinite Blades","floor":27},{"not_picked":["Die Die Die","PiercingWail"],"picked":"Cloak And Dagger","floor":28},{"not_picked":["Backflip+1","Prepared+1"],"picked":"Dodge and Roll","floor":28},{"not_picked":["Wraith Form v2","Tools of the Trade"],"picked":"Die Die Die","floor":33},{"not_picked":["Riddle With Holes","Poisoned Stab"],"picked":"Deflect+1","floor":34},{"not_picked":["Dash","Bane"],"picked":"Poisoned Stab+1","floor":34},{"not_picked":["Prepared+1","Terror"],"picked":"Footwork","floor":34},{"not_picked":["Noxious Fumes","Quick Slash"],"picked":"Accuracy","floor":34},{"not_picked":["Blade Dance","Deflect"],"picked":"Backstab","floor":34},{"not_picked":["Choke","Flying Knee"],"picked":"Dash","floor":35},{"not_picked":["Venomology","Prepared","Flying Knee"],"picked":"SKIP","floor":35},{"not_picked":["Heel Hook+1","Flechettes"],"picked":"Bouncing Flask+1","floor":36},{"not_picked":["Dodge and Roll","Flying Knee+1"],"picked":"Sucker Punch+1","floor":36},{"not_picked":["Dodge and Roll","Burst"],"picked":"Bouncing Flask","floor":37},{"not_picked":["Masterful Stab","Distraction"],"picked":"Dodge and Roll+1","floor":37},{"not_picked":["Flying Knee","Calculated Gamble+1"],"picked":"Catalyst+1","floor":39},{"not_picked":["Skewer","Dagger Spray","Endless Agony+1"],"picked":"SKIP","floor":39},{"not_picked":["Backflip+1","Finisher"],"picked":"Dodge and Roll+1","floor":41},{"not_picked":["Dodge and Roll+1","Blur"],"picked":"Deadly Poison+1","floor":41},{"not_picked":["Bane+1","Flying Knee"],"picked":"Bouncing Flask","floor":42},{"not_picked":["Finisher","Night Terror"],"picked":"Concentrate","floor":42},{"not_picked":["Underhanded Strike","Dagger Throw+1"],"picked":"Footwork","floor":44},{"not_picked":["Well Laid Plans","Deadly Poison","Endless Agony"],"picked":"SKIP","floor":44},{"not_picked":["Expertise+1","Catalyst"],"picked":"Bouncing Flask+1","floor":47},{"not_picked":["Masterful Stab+1","Quick Slash","Bane"],"picked":"SKIP","floor":47}],"player_experience":252417,"relics_obtained":[{"floor":6,"key":"Pear"},{"floor":9,"key":"Thread and Needle"},{"floor":12,"key":"Meat on the Bone"},{"floor":23,"key":"Ginger"},{"floor":24,"key":"Pen Nib"},{"floor":26,"key":"Bronze Scales"}],"event_choices":[{"cards_removed":["Blade Dance"],"damage_healed":0,"gold_gain":0,"player_choice":"Gave Card","damage_taken":0,"relics_obtained":["Vajra"],"max_hp_gain":0,"max_hp_loss":0,"event_name":"WeMeetAgain","floor":5,"gold_loss":0},{"damage_healed":37,"gold_gain":0,"player_choice":"Full Heal","damage_taken":0,"max_hp_gain":0,"max_hp_loss":0,"event_name":"Wheel of Change","floor":14,"gold_loss":0},{"damage_healed":0,"gold_gain":99,"player_choice":"Stole From Cult","damage_taken":0,"max_hp_gain":0,"max_hp_loss":0,"event_name":"Nest","floor":21,"gold_loss":0},{"damage_healed":0,"gold_gain":0,"player_choice":"Obtained Book","damage_taken":16,"max_hp_gain":0,"max_hp_loss":0,"event_name":"Cursed Tome","floor":22,"gold_loss":0},{"damage_healed":0,"gold_gain":0,"player_choice":"Fight","damage_taken":0,"max_hp_gain":0,"max_hp_loss":0,"event_name":"Colosseum","floor":29,"gold_loss":0},{"damage_healed":0,"gold_gain":0,"player_choice":"Fled From Nobs","damage_taken":0,"max_hp_gain":0,"max_hp_loss":0,"event_name":"Colosseum","floor":29,"gold_loss":0},{"cards_removed":["Catalyst"],"damage_healed":22,"gold_gain":0,"player_choice":"Offered Uncommon","damage_taken":0,"max_hp_gain":0,"max_hp_loss":0,"event_name":"Bonfire Elementals","floor":31,"gold_loss":0},{"damage_healed":70,"gold_gain":0,"player_choice":"Heal","damage_taken":0,"max_hp_gain":0,"max_hp_loss":10,"event_name":"The Moai Head","floor":45,"gold_loss":0},{"cards_removed":["Strike_G"],"damage_healed":0,"gold_gain":0,"player_choice":"Removed Attack","damage_taken":0,"max_hp_gain":0,"max_hp_loss":0,"event_name":"Falling","floor":48,"gold_loss":0}],"is_beta":false,"boss_relics":[{"not_picked":["Lizard Tail","Fusion Hammer"],"picked":"Astrolabe"},{"not_picked":["Sozu","HoveringKite"],"picked":"Orrery"}],"items_purged_floors":[19,38,46],"is_endless":false,"potions_floor_spawned":[1,2,3,4,6,7,8,11,12,13,16,18,20,23,25,27,28,29,33,35,36,37,39,41,42,44,47],"killed_by":"Time Eater","ascension_level":1}