{"gold_per_floor":[116,6,6,6,21,21,50,50,99,111,148,170,147,169,181,290,302,331,359,385,397],"floor_reached":21,"playtime":36808,"items_purged":[],"score":278,"play_id":"4b5d01b8-a32e-4b00-9651-87a946a502c7","local_time":"20181105110103","is_ascension_mode":true,"campfire_choices":[{"data":"Zap","floor":6,"key":"SMITH"},{"floor":15,"key":"REST"}],"neow_cost":"NONE","seed_source_timestamp":254294527645271,"circlet_count":0,"master_deck":["Strike_B","Strike_B","Strike_B","Strike_B","Defend_B","Defend_B","Defend_B","Defend_B+1","Zap+1","Dualcast","Coolheaded+1","Loop","Sunder+1","Hello World","FTL","Double Energy","Loop","Loop","Meteor Strike","Redo","Defragment","Capacitor+1"],"relics":["Cracked Core","NeowsBlessing","Oddly Smooth Stone","MawBank","Mango","Ice Cream","Fusion Hammer"],"potions_floor_usage":[19,20,20],"damage_taken":[{"damage":0,"enemies":"Jaw Worm","floor":1,"turns":1},{"damage":0,"enemies":"Cultist","floor":5,"turns":1},{"damage":0,"enemies":"Lagavulin","floor":7,"turns":1},{"damage":22,"enemies":"Gremlin Nob","floor":11,"turns":4},{"damage":0,"enemies":"Small Slimes","floor":12,"turns":1},{"damage":11,"enemies":"Looter","floor":14,"turns":2},{"damage":5,"enemies":"The Guardian","floor":16,"turns":11},{"damage":20,"enemies":"Shell Parasite","floor":18,"turns":5},{"damage":12,"enemies":"3 Byrds","floor":19,"turns":3},{"damage":24,"enemies":"Snecko","floor":20,"turns":5},{"damage":41,"enemies":"3 Cultists","floor":21,"turns":4}],"seed_played":"4175086039318596896","potions_obtained":[{"floor":5,"key":"AttackPotion"},{"floor":7,"key":"SpeedPotion"},{"floor":12,"key":"Regen Potion"},{"floor":14,"key":"Block Potion"}],"is_trial":false,"path_per_floor":["M","$","?","$","M","R","E","?","T","?","E","M","?","M","R","B",null,"M","M","M","M"],"character_chosen":"DEFECT","items_purchased":["Loop","Sunder"],"campfire_rested":1,"item_purchase_floors":[2,2],"current_hp_per_floor":[68,68,68,68,68,68,68,53,53,60,38,38,60,49,75,70,84,64,52,37,0],"gold":397,"neow_bonus":"THREE_ENEMY_KILL","is_prod":false,"is_daily":false,"chose_seed":false,"campfire_upgraded":1,"win_rate":0,"timestamp":1541437263,"path_taken":["M","$","?","?","M","R","E","?","T","?","E","?","?","M","R","BOSS","M","M","M","M"],"build_version":"2018-11-01","purchased_purges":0,"victory":false,"max_hp_per_floor":[75,75,75,75,75,75,75,75,75,89,89,89,89,89,89,89,89,89,89,89,89],"card_choices":[{"not_picked":["Tempest","Reprogram"],"picked":"Coolheaded","floor":1},{"not_picked":["Leap","Hologram"],"picked":"Hello World","floor":5},{"not_picked":["Undo","Heatsinks"],"picked":"FTL","floor":7},{"not_picked":["White Noise","Go for the Eyes"],"picked":"Double Energy","floor":11},{"not_picked":["Conserve Battery","Force Field"],"picked":"Loop","floor":12},{"not_picked":["Compile Driver","White Noise"],"picked":"Loop","floor":14},{"not_picked":["Seek","Machine Learning"],"picked":"Meteor Strike","floor":16},{"not_picked":["Undo","Rebound"],"picked":"Redo","floor":18},{"not_picked":["Lockon","Static Discharge"],"picked":"Defragment","floor":19},{"not_picked":["Skim","Redo"],"picked":"Capacitor+1","floor":20}],"player_experience":276459,"relics_obtained":[{"floor":7,"key":"Oddly Smooth Stone"},{"floor":9,"key":"MawBank"},{"floor":11,"key":"Ice Cream"}],"event_choices":[{"damage_healed":0,"gold_gain":0,"player_choice":"Upgraded","damage_taken":0,"max_hp_gain":0,"max_hp_loss":0,"event_name":"Upgrade Shrine","floor":3,"gold_loss":0,"cards_upgraded":["Sunder"]},{"damage_healed":0,"gold_gain":0,"player_choice":"Entered Light","damage_taken":15,"max_hp_gain":0,"max_hp_loss":0,"event_name":"Shining Light","floor":8,"gold_loss":0,"cards_upgraded":["Defend_B","Coolheaded"]},{"damage_healed":0,"gold_gain":0,"player_choice":"Success","damage_taken":7,"relics_obtained":["Mango"],"max_hp_gain":0,"max_hp_loss":0,"event_name":"Scrap Ooze","floor":10,"gold_loss":0},{"damage_healed":22,"gold_gain":0,"player_choice":"Healed","damage_taken":0,"max_hp_gain":0,"max_hp_loss":0,"event_name":"The Cleric","floor":13,"gold_loss":35}],"is_beta":false,"boss_relics":[{"not_picked":["Runic Dome","Velvet Choker"],"picked":"Fusion Hammer"}],"items_purged_floors":[],"is_endless":false,"potions_floor_spawned":[5,7,12,14],"killed_by":"3 Cultists","ascension_level":6}