{"path_per_floor":["M","M","?","$","$","E","M","M","T","R","M","M","M"],"character_chosen":"THE_SILENT","items_purchased":["Dagger Spray"],"gold_per_floor":[113,125,125,71,71,100,116,134,157,157,174,194,214,214],"floor_reached":14,"campfire_rested":1,"playtime":1137,"current_hp_per_floor":[68,68,68,68,68,17,17,17,24,47,41,36,17,0],"items_purged":[],"gold":214,"score":119,"play_id":"116f6de5-7cab-497b-b8db-74f0a52caca9","local_time":"20180512185829","is_prod":false,"is_daily":false,"chose_seed":false,"is_ascension_mode":false,"campfire_upgraded":0,"timestamp":1526176709,"path_taken":["M","M","?","?","$","E","M","M","T","R","M","M","M","M"],"build_version":"2018-05-10","seed_source_timestamp":236572777132939,"purchased_purges":0,"victory":false,"master_deck":["Defend_G","Defend_G","Defend_G","Defend_G","Defend_G","Strike_G","Strike_G","Strike_G","Strike_G","Strike_G","Survivor","Neutralize","Slice+1","Outmaneuver","Dagger Spray","Slice","Slice","Slice","Tools of the Trade","Dagger Spray"],"max_hp_per_floor":[70,70,70,70,70,70,70,70,77,77,77,77,77,77],"relics":["Ring of the Snake","Blood Vial","Strawberry"],"card_choices":[{"not_picked":["Footwork","Reflex"],"picked":"Slice","floor":0},{"not_picked":["Deadly Poison","Noxious Fumes"],"picked":"Outmaneuver","floor":1},{"not_picked":["Crippling Poison","Choke"],"picked":"Slice","floor":6},{"not_picked":["Dagger Throw","All Out Attack"],"picked":"Slice","floor":8},{"not_picked":["All Out Attack","Sucker Punch"],"picked":"Slice","floor":11},{"not_picked":["Bane","Dagger Throw"],"picked":"Tools of the Trade","floor":12},{"not_picked":["Masterful Stab","Prepared"],"picked":"Dagger Spray","floor":13}],"player_experience":62548,"potions_floor_usage":[6,8,8],"damage_taken":[{"damage":2,"enemies":"Small Slimes","floor":1,"turns":4},{"damage":0,"enemies":"2 Louse","floor":2,"turns":3},{"damage":51,"enemies":"Lagavulin","floor":6,"turns":12},{"damage":2,"enemies":"Cultist","floor":7,"turns":4},{"damage":17,"enemies":"Large Slime","floor":8,"turns":10},{"damage":8,"enemies":"Red Slaver","floor":11,"turns":3},{"damage":7,"enemies":"Looter","floor":12,"turns":4},{"damage":21,"enemies":"Lots of Slimes","floor":13,"turns":5},{"damage":21,"enemies":"Red Slaver","floor":14,"turns":3}],"event_choices":[{"event_name":"Living Wall","player_choice":"Grow","floor":3,"damage_taken":0}],"boss_relics":[],"potions_floor_spawned":[2,6,7,13],"seed_played":"-1478698884663728396","killed_by":"Red Slaver","ascension_level":0,"is_trial":false}