{"gold_per_floor":[129,129,166,198,17,17,66,216,266,295,295,322,356,391,391,489,489,528,528,547,547,0,0,10,25,25,49,49],"floor_reached":28,"playtime":1173,"items_purged":[],"score":464,"play_id":"de0bb087-175c-41b7-b567-3208d1da6fca","local_time":"20190406223829","is_ascension_mode":true,"campfire_choices":[{"floor":6.0,"key":"REST"},{"floor":11.0,"key":"REST"},{"floor":15.0,"key":"REST"},{"floor":23.0,"key":"REST"}],"neow_cost":"PERCENT_DAMAGE","seed_source_timestamp":0,"circlet_count":0,"master_deck":["AscendersBane","Strike_B","Defend_B","Defend_B","Defend_B+1","Defend_B","Zap","Dualcast","HandOfGreed","PanicButton","Undo","Ball Lightning","Coolheaded","Defragment","Flash of Steel","Redo","Conserve Battery","Auto Shields","Fission","Capacitor","Seek","Coolheaded","Fission","Gash+1","Hello World","Consume","Chill","Glacier+1"],"special_seed":0,"relics":["Cracked Core","Bronze Scales","Happy Flower","Ancient Tea Set","Mummified Hand","Empty Cage","Letter Opener","War Paint"],"potions_floor_usage":[],"damage_taken":[{"damage":0.0,"enemies":"Cultist","floor":1.0,"turns":4.0},{"damage":2.0,"enemies":"Jaw Worm","floor":3.0,"turns":3.0},{"damage":0.0,"enemies":"2 Louse","floor":4.0,"turns":3.0},{"damage":8.0,"enemies":"Gremlin Nob","floor":7.0,"turns":3.0},{"damage":12.0,"enemies":"Lagavulin","floor":10.0,"turns":6.0},{"damage":11.0,"enemies":"Gremlin Nob","floor":12.0,"turns":3.0},{"damage":10.0,"enemies":"Gremlin Gang","floor":13.0,"turns":5.0},{"damage":8.0,"enemies":"Exordium Wildlife","floor":14.0,"turns":4.0},{"damage":40.0,"enemies":"Slime Boss","floor":16.0,"turns":10.0},{"damage":14.0,"enemies":"Spheric Guardian","floor":18.0,"turns":4.0},{"damage":2.0,"enemies":"Chosen","floor":20.0,"turns":4.0},{"damage":35.0,"enemies":"Centurion and Healer","floor":24.0,"turns":11.0},{"damage":14.0,"enemies":"Sentry and Sphere","floor":25.0,"turns":7.0},{"damage":17,"enemies":"Book of Stabbing","floor":28,"turns":5}],"seed_played":"488005940359478259","potions_obtained":[{"floor":3.0,"key":"FocusPotion"},{"floor":4.0,"key":"FearPotion"},{"floor":7.0,"key":"Energy Potion"},{"floor":14.0,"key":"FocusPotion"},{"floor":16.0,"key":"FairyPotion"},{"floor":18.0,"key":"Strength Potion"}],"is_trial":false,"path_per_floor":["M","?","M","M","$","R","E","?","T","E","R","E","M","M","R","B",null,"M","?","M","?","?","R","M","M","T","T","E"],"character_chosen":"DEFECT","items_purchased":["Defragment","Flash of Steel"],"campfire_rested":4,"item_purchase_floors":[5,5],"current_hp_per_floor":[46,46,44,44,44,65,57,57,57,45,66,55,45,37,58,18,58,44,44,42,42,42,63,28,14,14,14,7],"gold":49,"neow_bonus":"RANDOM_COLORLESS_2","is_prod":false,"is_daily":false,"chose_seed":false,"campfire_upgraded":0,"win_rate":0,"timestamp":1554608309,"path_taken":["M","?","M","M","$","R","E","?","T","E","R","E","M","M","R","BOSS","M","?","?","?","?","R","M","M","T","?","E"],"build_version":"2019-01-23","purchased_purges":0,"victory":false,"max_hp_per_floor":[71,71,71,71,71,71,71,71,71,71,71,71,71,71,71,71,71,71,71,71,71,71,71,71,71,71,71,71],"card_choices":[{"not_picked":["Compile Driver","Beam Cell"],"picked":"Undo","floor":1.0},{"not_picked":["Hologram","Reprogram"],"picked":"Ball Lightning","floor":3.0},{"not_picked":["Turbo","Storm"],"picked":"Coolheaded","floor":4.0},{"not_picked":["Recycle","Barrage"],"picked":"Redo","floor":7.0},{"not_picked":["Stack","Go for the Eyes"],"picked":"Conserve Battery","floor":10.0},{"not_picked":["Reprogram","Go for the Eyes"],"picked":"Auto Shields","floor":12.0},{"not_picked":["Hologram","Redo"],"picked":"Fission","floor":13.0},{"not_picked":["Glacier","Turbo"],"picked":"Capacitor","floor":14.0},{"not_picked":["Hyperbeam","Fission"],"picked":"Seek","floor":16.0},{"not_picked":["Beam Cell","Conserve Battery"],"picked":"Coolheaded","floor":18.0},{"not_picked":["Sunder","Rip and Tear"],"picked":"Gash+1","floor":20.0},{"not_picked":["Melter","Ball Lightning"],"picked":"Chill","floor":24.0},{"not_picked":["Hologram","Reprogram"],"picked":"Glacier","floor":25.0}],"player_experience":886963,"relics_obtained":[{"floor":7.0,"key":"Bronze Scales"},{"floor":9.0,"key":"Happy Flower"},{"floor":10.0,"key":"Ancient Tea Set"},{"floor":12.0,"key":"Mummified Hand"},{"floor":26.0,"key":"Letter Opener"},{"floor":27.0,"key":"War Paint"}],"event_choices":[{"damage_healed":0.0,"max_hp_gain":0.0,"max_hp_loss":0.0,"gold_gain":0.0,"event_name":"Shining Light","player_choice":"Ignored","floor":2.0,"gold_loss":0.0,"damage_taken":0.0},{"damage_healed":0.0,"max_hp_gain":0.0,"max_hp_loss":0.0,"gold_gain":150.0,"event_name":"Liars Game","player_choice":"AGREE","floor":8.0,"gold_loss":0.0,"damage_taken":0.0,"cards_obtained":["Doubt"]},{"damage_healed":0.0,"max_hp_gain":0.0,"max_hp_loss":0.0,"gold_gain":0.0,"event_name":"Match and Keep!","player_choice":"1 cards matched","floor":19.0,"gold_loss":0.0,"damage_taken":0.0,"cards_obtained":["Fission"]},{"damage_healed":0.0,"max_hp_gain":0.0,"max_hp_loss":0.0,"gold_gain":0.0,"cards_transformed":["Strike_B","Strike_B"],"event_name":"Drug Dealer","player_choice":"Became Test Subject","floor":21.0,"gold_loss":0.0,"damage_taken":0.0,"cards_obtained":["Hello World","Consume"]},{"damage_healed":0.0,"max_hp_gain":0.0,"max_hp_loss":0.0,"gold_gain":0.0,"event_name":"Masked Bandits","player_choice":"Paid Fearfully","floor":22.0,"gold_loss":547.0,"damage_taken":0.0}],"is_beta":false,"boss_relics":[{"not_picked":["Calling Bell","Cursed Key"],"picked":"Empty Cage"}],"items_purged_floors":[],"is_endless":false,"potions_floor_spawned":[3,4,7,14,16,18],"killed_by":"Book of Stabbing","ascension_level":19}