{"path_per_floor":["M","?","$","?","?","R","M","R","T","M","M","M","M","M","R","B",null,"M","$","?","$","?","R","M","M","T","M","R","M","M","M","R","B",null,"M","$","?","?","M","R","M","?","T","M","R","M","R","E","R","B"],"character_chosen":"THE_SILENT","items_purchased":["Anchor","Escape Plan","Accuracy","Bottled Lightning"],"gold_per_floor":[99,99,24,24,199,199,211,211,211,223,241,254,266,236,236,341,641,651,331,331,133,233,233,247,258,258,271,271,291,309,328,328,427,427,440,33,33,33,48,48,48,48,48,62,62,74,74,101,101,101],"floor_reached":51,"campfire_rested":3,"playtime":2495,"current_hp_per_floor":[70,63,63,63,63,63,63,63,63,63,63,59,56,54,54,47,70,38,38,61,61,61,61,58,56,56,47,47,44,41,33,54,67,70,60,60,60,60,51,61,38,29,29,27,60,50,62,41,70,21],"items_purged":["Strike_G","Normality","Normality","Strike_G"],"gold":101,"score":572,"play_id":"d3b78ed5-9e6e-4e9b-b3fd-f2681a3d1ebe","is_prod":false,"is_daily":false,"is_ascension_mode":false,"campfire_upgraded":0,"path_taken":["M","?","$","?","?","R","M","R","T","?","?","M","?","M","R","BOSS","M","$","?","?","?","R","M","M","T","?","R","M","M","M","R","BOSS","M","$","?","?","M","R","M","?","T","M","R","M","R","E","R","BOSS"],"build_version":"2018-02-08-PROD1","purchased_purges":4,"victory":true,"master_deck":["Defend_G","Defend_G+1","Defend_G+1","Defend_G","Defend_G","Strike_G","Strike_G","Strike_G","Survivor","Neutralize+1","Cloak And Dagger","Doubt","Cloak And Dagger","Leg Sweep","Blade Dance","Prepared","Infinite Blades","Venomology","Regret","Decay","Cloak And Dagger","Escape Plan","Accuracy","Cloak And Dagger","Cloak And Dagger+1","Noxious Fumes+1","Wraith Form","Finisher+1","Blade Dance","Madness","Madness","Sucker Punch+1","Backflip+1"],"max_hp_per_floor":[70,70,70,70,70,70,70,70,70,70,70,70,70,70,70,70,70,70,70,70,70,70,70,70,70,70,70,70,70,70,70,70,70,70,70,70,70,70,70,70,70,70,70,70,70,70,70,70,70,70],"relics":["Ring of the Snake","Kunai","Shovel","Oddly Smooth Stone","Lantern","Calipers","Sundial","Calling Bell","Old Coin","Bronze Scales","Pantograph","Anchor","Du-Vu Doll","Ginger","Pen Nib","Eternal Feather","Bottled Lightning","Bottled Flame","Thread and Needle","Omamori","War Paint"],"card_choices":[{"not_picked":["Acrobatics","Sucker Punch"],"picked":"Cloak And Dagger"},{"not_picked":["Quick Slash","Well Laid Plans"],"picked":"Cloak And Dagger"},{"not_picked":["Flying Knee","Dagger Spray"],"picked":"Leg Sweep"},{"not_picked":["Dagger Throw","Sucker Punch"],"picked":"Blade Dance"},{"not_picked":["Sucker Punch","Flying Knee"],"picked":"Prepared"},{"not_picked":["PiercingWail","Heel Hook"],"picked":"Infinite Blades"},{"not_picked":["Doppelganger","Corpse Explosion"],"picked":"Venomology"},{"not_picked":["Poisoned Stab","Dagger Spray"],"picked":"Cloak And Dagger"},{"not_picked":["Die Die Die","Slice"],"picked":"Cloak And Dagger"},{"not_picked":["Poisoned Stab","Acrobatics"],"picked":"Cloak And Dagger"},{"not_picked":["Poisoned Stab","Storm of Steel"],"picked":"Malaise"},{"not_picked":["Malaise","Choke"],"picked":"Noxious Fumes"},{"not_picked":["Phantasmal Killer","Envenom"],"picked":"Wraith Form"},{"not_picked":["Outmaneuver","All Out Attack"],"picked":"Finisher"},{"not_picked":["Heel Hook","Leg Sweep"],"picked":"Blade Dance"},{"not_picked":["Bane","PiercingWail"],"picked":"Sucker Punch"},{"not_picked":["Crippling Poison","Prepared"],"picked":"Backflip"}],"player_experience":77414,"potions_floor_usage":[18,24,27,30,33,33,33,41,44,44,48,48,50,50],"damage_taken":[{"damage":0,"enemies":"Cultist","floor":1,"turns":4},{"damage":0,"enemies":"2 Louse","floor":7,"turns":4},{"damage":0,"enemies":"Jaw Worm","floor":10,"turns":6},{"damage":0,"enemies":"2 Fungi Beasts","floor":11,"turns":5},{"damage":4,"enemies":"Red Slaver","floor":12,"turns":6},{"damage":3,"enemies":"3 Louse","floor":13,"turns":6},{"damage":2,"enemies":"Looter","floor":14,"turns":4},{"damage":7,"enemies":"Slime Boss","floor":16,"turns":21},{"damage":32,"enemies":"Spheric Guardian","floor":18,"turns":9},{"damage":3,"enemies":"2 Thieves","floor":24,"turns":4},{"damage":2,"enemies":"Snecko","floor":25,"turns":5},{"damage":9,"enemies":"Sentry and Sphere","floor":27,"turns":6},{"damage":3,"enemies":"Centurion and Healer","floor":29,"turns":6},{"damage":3,"enemies":"3 Cultists","floor":30,"turns":5},{"damage":8,"enemies":"Sentry and Sphere","floor":31,"turns":4},{"damage":3,"enemies":"Automaton","floor":33,"turns":12},{"damage":10,"enemies":"3 Shapes","floor":35,"turns":5},{"damage":9,"enemies":"Orb Walker","floor":39,"turns":3},{"damage":23,"enemies":"3 Darklings","floor":41,"turns":5},{"damage":2,"enemies":"Sphere and 2 Shapes","floor":44,"turns":5},{"damage":10,"enemies":"4 Shapes","floor":46,"turns":7},{"damage":21,"enemies":"Giant Head","floor":48,"turns":9},{"damage":49,"enemies":"Awakened One","floor":50,"turns":22}],"event_choices":[{"event_name":"Scrap Ooze","player_choice":"success","floor":2,"damage_taken":7},{"event_name":"Accursed Blacksmith","player_choice":"Rummage","floor":4,"damage_taken":0},{"event_name":"Liars Game","player_choice":"agreed","floor":5,"damage_taken":0},{"event_name":"The Library","player_choice":"Heal","floor":20,"damage_taken":0},{"event_name":"Golden Shrine","player_choice":"Pray","floor":22,"damage_taken":0},{"event_name":"Fountain of Cleansing","player_choice":"Ignored","floor":37,"damage_taken":0},{"event_name":"Winding Halls","player_choice":"Embrace Madness","floor":42,"damage_taken":0}],"boss_relics":[{"not_picked":["Tiny House","Sozu"],"picked":"Calling Bell"},{"not_picked":["White Beast Statue","Cursed Key"],"picked":"Eternal Feather"}],"potions_floor_spawned":[12,16,18,25,31,41],"seed_played":"8663224433052559546","ascension_level":0,"is_trial":false}