{"gold_per_floor":[111,111,76,86,99,131,131,156,179,2,17,29,29,56,56,153,153,167,167,181,181,198,224,224,251,301,328,328,340,340,74,74,170,170,181,191,18,31,131,161,0,20,45,72,72,72,72,172,172,172],"floor_reached":51,"playtime":6998,"items_purged":["Normality"],"score":923,"play_id":"bbc4a1e5-becc-4950-be21-089c2e51c607","local_time":"20190317210108","is_ascension_mode":true,"campfire_choices":[{"floor":7,"key":"REST"},{"floor":15,"key":"REST"},{"data":"Apotheosis","floor":24,"key":"SMITH"},{"floor":30,"key":"REST"},{"floor":32,"key":"REST"},{"data":"White Noise","floor":45,"key":"SMITH"},{"floor":47,"key":"REST"},{"data":"Seek","floor":49,"key":"SMITH"}],"neow_cost":"NONE","seed_source_timestamp":37129026449164,"circlet_count":0,"master_deck":["Strike_B+1","Strike_B+1","Strike_B+1","Strike_B+1","Defend_B+1","Defend_B+1","Defend_B+1","Defend_B+1","Zap+1","Dualcast+1","Streamline","Undo","Genetic Algorithm+1","Capacitor+1","Reprogram","Apotheosis+1","Glacier","Sweeping Beam","Zap","Blizzard","Buffer+1","Chill","Chill","Coolheaded","Seek+1","Turbo","Steam+1","Undo","Sweeping Beam","Coolheaded+1","Reboot","Rebound","Sweeping Beam+1","Capacitor+1","Buffer+1","White Noise+1","Auto Shields+1","Trip","Capacitor+1","Streamline+1","Barrage+1","Heatsinks+1","Stack+1"],"relics":["Cracked Core","Whetstone","Bronze Scales","Strawberry","Juzu Bracelet","Frozen Egg 2","Orrery","MutagenicStrength","Kunai","Mango","Omamori","Meat on the Bone","Enchiridion","Happy Flower","Calling Bell","War Paint","Mummified Hand","Ginger","Orichalcum","Red Mask","Vajra","Thread and Needle","Bird Faced Urn"],"potions_floor_usage":[6,8,14,23,29,29,42,50,50,50],"damage_taken":[{"damage":2,"enemies":"2 Louse","floor":1,"turns":3},{"damage":0,"enemies":"Small Slimes","floor":4,"turns":2},{"damage":1,"enemies":"Cultist","floor":5,"turns":3},{"damage":16,"enemies":"3 Sentries","floor":6,"turns":10},{"damage":40,"enemies":"Gremlin Nob","floor":8,"turns":4},{"damage":9,"enemies":"3 Louse","floor":11,"turns":3},{"damage":0,"enemies":"Blue Slaver","floor":12,"turns":4},{"damage":2,"enemies":"3 Sentries","floor":14,"turns":6},{"damage":27,"enemies":"Slime Boss","floor":16,"turns":10},{"damage":6,"enemies":"Shell Parasite","floor":18,"turns":7},{"damage":0,"enemies":"Chosen","floor":20,"turns":7},{"damage":0,"enemies":"Shelled Parasite and Fungi","floor":22,"turns":8},{"damage":0,"enemies":"Gremlin Leader","floor":23,"turns":8},{"damage":35,"enemies":"Slavers","floor":25,"turns":8},{"damage":12,"enemies":"Book of Stabbing","floor":27,"turns":6},{"damage":0,"enemies":"Centurion and Healer","floor":29,"turns":7},{"damage":10,"enemies":"Automaton","floor":33,"turns":13},{"damage":0,"enemies":"3 Shapes","floor":35,"turns":3},{"damage":8,"enemies":"Orb Walker","floor":36,"turns":4},{"damage":7,"enemies":"Maw","floor":38,"turns":9},{"damage":0,"enemies":"Nemesis","floor":40,"turns":11},{"damage":13,"enemies":"Jaw Worm Horde","floor":42,"turns":5},{"damage":1,"enemies":"Giant Head","floor":44,"turns":8},{"damage":0,"enemies":"Mind Bloom Boss Battle","floor":48,"turns":11},{"damage":0,"enemies":"Awakened One","floor":50,"turns":15}],"seed_played":"-1996513981659167855","potions_obtained":[{"floor":4,"key":"Weak Potion"},{"floor":5,"key":"SpeedPotion"},{"floor":11,"key":"Strength Potion"},{"floor":12,"key":"PowerPotion"},{"floor":16,"key":"Strength Potion"},{"floor":20,"key":"Explosive Potion"},{"floor":23,"key":"SmokeBomb"},{"floor":27,"key":"Fire Potion"},{"floor":29,"key":"FocusPotion"},{"floor":33,"key":"PowerPotion"},{"floor":42,"key":"Weak Potion"}],"is_trial":false,"path_per_floor":["?","?","?","?","?","?","?","?","?","?"],"character_chosen":"DEFECT","items_purchased":["Apotheosis","Happy Flower","Capacitor+1","Energy Potion","Trip"],"campfire_rested":5,"item_purchase_floors":[10,31,31,31,37],"current_hp_per_floor":[73,58,75,75,74,58,75,42,42,42,33,33,33,31,55,28,82,76,76,76,76,76,76,76,55,55,43,27,39,67,67,95,85,96,96,88,88,81,81,81,81,68,68,67,67,67,95,95,95,96],"gold":172,"neow_bonus":"RANDOM_COMMON_RELIC","is_prod":false,"is_daily":false,"chose_seed":false,"campfire_upgraded":3,"win_rate":0,"timestamp":1552852868,"path_taken":["M","?","?","M","M","E","R","E","T","$","M","M","?","E","R","BOSS","M","?","M","?","M","E","R","E","T","E","?","M","R","$","R","BOSS","M","M","$","M","?","E","?","M","T","E","R","?","R","?","R","BOSS"],"build_version":"2019-01-23","purchased_purges":1,"victory":true,"max_hp_per_floor":[75,75,75,75,75,75,75,82,82,82,82,82,82,82,82,82,82,82,82,82,82,82,82,82,96,96,96,96,96,96,96,96,96,96,96,96,96,96,96,96,96,96,96,96,96,96,96,96,96,96],"card_choices":[{"not_picked":["Sunder","Steam"],"picked":"Streamline","floor":1},{"not_picked":["Conserve Battery","Blizzard"],"picked":"Undo","floor":4},{"not_picked":["Barrage","Heatsinks"],"picked":"Genetic Algorithm","floor":5},{"not_picked":["Loop","Rip and Tear"],"picked":"Capacitor","floor":6},{"not_picked":["Stack","Conserve Battery"],"picked":"Reprogram","floor":8},{"not_picked":["Rebound","Loop"],"picked":"Glacier","floor":11},{"not_picked":["Tempest","Rebound"],"picked":"Sweeping Beam","floor":12},{"not_picked":["All For One","Force Field"],"picked":"Blizzard","floor":14},{"not_picked":["Fission","Rainbow"],"picked":"Buffer+1","floor":16},{"not_picked":["Ball Lightning","Gash"],"picked":"Chill","floor":17},{"not_picked":["Steam Power","Ball Lightning"],"picked":"Chill","floor":17},{"not_picked":["Scrape","Leap"],"picked":"Coolheaded","floor":17},{"not_picked":["Gash","Go for the Eyes"],"picked":"Seek","floor":17},{"not_picked":["Consume","Redo"],"picked":"Turbo","floor":17},{"not_picked":["Meteor Strike","Redo"],"picked":"Steam+1","floor":18},{"not_picked":["Lockon","Conserve Battery"],"picked":"Undo","floor":20},{"not_picked":["Darkness","Conserve Battery"],"picked":"Sweeping Beam","floor":22},{"not_picked":["Stack","Steam"],"picked":"Coolheaded","floor":23},{"not_picked":["Redo","Beam Cell"],"picked":"Reboot","floor":25},{"not_picked":["Darkness","Beam Cell"],"picked":"Rebound","floor":27},{"not_picked":["Beam Cell","Conserve Battery"],"picked":"Sweeping Beam+1","floor":29},{"not_picked":["Amplify","Thunder Strike"],"picked":"Buffer+1","floor":33},{"not_picked":["Barrage","Hologram+1"],"picked":"White Noise","floor":35},{"not_picked":["Hologram","Stack"],"picked":"Auto Shields+1","floor":36},{"not_picked":["Stack","Rip and Tear+1"],"picked":"Capacitor+1","floor":38},{"not_picked":["Lockon","Gash+1"],"picked":"Streamline+1","floor":40},{"not_picked":["Leap","Hologram+1"],"picked":"Barrage+1","floor":42},{"not_picked":["Loop+1","Auto Shields+1"],"picked":"Heatsinks+1","floor":44},{"not_picked":["Chaos","Hologram+1"],"picked":"Stack+1","floor":48}],"player_experience":112614,"relics_obtained":[{"floor":6,"key":"Bronze Scales"},{"floor":8,"key":"Strawberry"},{"floor":9,"key":"Juzu Bracelet"},{"floor":14,"key":"Frozen Egg 2"},{"floor":23,"key":"Kunai"},{"floor":25,"key":"Mango"},{"floor":26,"key":"Omamori"},{"floor":27,"key":"Meat on the Bone"},{"floor":28,"key":"Enchiridion"},{"floor":34,"key":"War Paint"},{"floor":34,"key":"Mummified Hand"},{"floor":34,"key":"Ginger"},{"floor":40,"key":"Orichalcum"},{"floor":43,"key":"Vajra"},{"floor":44,"key":"Thread and Needle"},{"floor":48,"key":"Bird Faced Urn"}],"event_choices":[{"damage_healed":0,"gold_gain":0,"player_choice":"Entered Light","damage_taken":15,"max_hp_gain":0,"max_hp_loss":0,"event_name":"Shining Light","floor":2,"gold_loss":0,"cards_upgraded":["Dualcast","Zap"]},{"damage_healed":18,"gold_gain":0,"player_choice":"Healed","damage_taken":0,"max_hp_gain":0,"max_hp_loss":0,"event_name":"The Cleric","floor":3,"gold_loss":35},{"damage_healed":0,"gold_gain":0,"player_choice":"1 cards matched","damage_taken":0,"max_hp_gain":0,"max_hp_loss":0,"event_name":"Match and Keep!","floor":13,"gold_loss":0,"cards_obtained":["Zap"]},{"damage_healed":0,"gold_gain":0,"player_choice":"Simplicity","damage_taken":0,"max_hp_gain":0,"max_hp_loss":0,"event_name":"Back to Basics","floor":19,"gold_loss":0,"cards_upgraded":["Strike_B","Strike_B","Defend_B","Defend_B","Defend_B","Defend_B"]},{"damage_healed":0,"gold_gain":0,"player_choice":"Inject Mutagens","damage_taken":0,"relics_obtained":["MutagenicStrength"],"max_hp_gain":0,"max_hp_loss":0,"event_name":"Drug Dealer","floor":21,"gold_loss":0},{"damage_healed":0,"gold_gain":0,"player_choice":"Obtained Book","damage_taken":16,"max_hp_gain":0,"max_hp_loss":0,"event_name":"Cursed Tome","floor":28,"gold_loss":0},{"damage_healed":0,"gold_gain":100,"player_choice":"Pray","damage_taken":0,"max_hp_gain":0,"max_hp_loss":0,"event_name":"Golden Shrine","floor":39,"gold_loss":0},{"damage_healed":0,"gold_gain":0,"player_choice":"Paid","damage_taken":0,"relics_obtained":["Red Mask"],"max_hp_gain":0,"max_hp_loss":0,"event_name":"Tomb of Lord Red Mask","floor":41,"gold_loss":161},{"damage_healed":0,"gold_gain":0,"player_choice":"Upgraded","damage_taken":0,"max_hp_gain":0,"max_hp_loss":0,"event_name":"Upgrade Shrine","floor":46,"gold_loss":0,"cards_upgraded":["Capacitor"]},{"damage_healed":0,"gold_gain":0,"player_choice":"Fight","damage_taken":0,"max_hp_gain":0,"max_hp_loss":0,"event_name":"MindBloom","floor":48,"gold_loss":0}],"is_beta":false,"boss_relics":[{"not_picked":["Runic Dome","Astrolabe"],"picked":"Orrery"},{"not_picked":["Inserter","Velvet Choker"],"picked":"Calling Bell"}],"items_purged_floors":[37],"is_endless":false,"potions_floor_spawned":[4,5,11,12,16,20,23,27,29,33,35,40,42],"ascension_level":1}