{"gold_per_floor":[118,118,70,70,86,86,118,118,118,145,158,168,201,231,231,309,309,329,329,348,348,263,291,291,326,375,403,416,416,426,438,438,512,512,529,529,0,17,27,59,73,73,99,132,132,164,184,218,218,218,218,218,9,41,41],"floor_reached":56,"playtime":4143,"items_purged":["Strike_G+1"],"score":2087,"play_id":"455e8c01-3e09-4224-b4cd-fc5649fccb3f","local_time":"20190410140859","is_ascension_mode":true,"campfire_choices":[{"data":"Neutralize","floor":6,"key":"SMITH"},{"data":"Well Laid Plans","floor":8,"key":"SMITH"},{"data":"Caltrops","floor":15,"key":"SMITH"},{"data":"Adrenaline","floor":24,"key":"SMITH"},{"data":"Blade Dance","floor":29,"key":"SMITH"},{"data":"Cloak And Dagger","floor":32,"key":"SMITH"},{"data":"Cloak And Dagger","floor":42,"key":"SMITH"},{"floor":49,"key":"RECALL"},{"data":"Caltrops","floor":52,"key":"SMITH"}],"neow_cost":"NONE","seed_source_timestamp":2629842716956,"circlet_count":0,"master_deck":["AscendersBane","Defend_G+1","Defend_G+1","Defend_G+1","Defend_G+1","Defend_G+1","Strike_G+1","Survivor","Neutralize+1","Quick Slash","Slice","Well Laid Plans+1","Die Die Die","Accuracy","PiercingWail","Endless Agony","Caltrops+1","Adrenaline+1","Malaise+1","Catalyst+1","Malaise+1","Blade Dance+1","PiercingWail","Accuracy","Terror+1","Escape Plan","Cloak And Dagger+1","Caltrops","After Image+1","After Image+1","Escape Plan","Caltrops+1","Accuracy+1","Backflip","Cloak And Dagger+1","Bandage Up","Jack Of All Trades","Flash of Steel","Accuracy+1","Blur","Master of Strategy","Dark Shackles"],"relics":["WristBlade","Pantograph","Question Card","Mercury Hourglass","Matryoshka","Astrolabe","Anchor","Potion Belt","Regal Pillow","Boot","Blood Vial","Coffee Dripper","DollysMirror","The Courier","Happy Flower","Strawberry","FossilizedHelix","Bronze Scales","Lantern","Paper Crane"],"potions_floor_usage":[10,13,16,23,23,27,33,33,35,40,40,46,48,54],"damage_taken":[{"damage":12,"enemies":"Small Slimes","floor":1,"turns":5},{"damage":3,"enemies":"Jaw Worm","floor":5,"turns":4},{"damage":13,"enemies":"Lagavulin","floor":7,"turns":9},{"damage":12,"enemies":"Gremlin Nob","floor":10,"turns":4},{"damage":0,"enemies":"2 Louse","floor":11,"turns":1},{"damage":5,"enemies":"Blue Slaver","floor":12,"turns":4},{"damage":15,"enemies":"3 Sentries","floor":13,"turns":6},{"damage":2,"enemies":"Hexaghost","floor":16,"turns":10},{"damage":4,"enemies":"3 Byrds","floor":18,"turns":5},{"damage":13,"enemies":"Spheric Guardian","floor":20,"turns":4},{"damage":8,"enemies":"Slavers","floor":23,"turns":4},{"damage":6,"enemies":"Gremlin Leader","floor":25,"turns":7},{"damage":7,"enemies":"Slavers","floor":27,"turns":5},{"damage":6,"enemies":"Cultist and Chosen","floor":28,"turns":8},{"damage":1,"enemies":"Snake Plant","floor":30,"turns":5},{"damage":0,"enemies":"Snecko","floor":31,"turns":6},{"damage":30,"enemies":"Automaton","floor":33,"turns":9},{"damage":1,"enemies":"3 Shapes","floor":35,"turns":3},{"damage":0,"enemies":"3 Darklings","floor":38,"turns":6},{"damage":7,"enemies":"Spire Growth","floor":39,"turns":7},{"damage":2,"enemies":"Giant Head","floor":40,"turns":8},{"damage":0,"enemies":"Jaw Worm Horde","floor":41,"turns":6},{"damage":5,"enemies":"Nemesis","floor":44,"turns":8},{"damage":0,"enemies":"Giant Head","floor":46,"turns":7},{"damage":0,"enemies":"Maw","floor":47,"turns":7},{"damage":0,"enemies":"Reptomancer","floor":48,"turns":5},{"damage":13,"enemies":"Awakened One","floor":50,"turns":15},{"damage":36,"enemies":"Shield and Spear","floor":54,"turns":6},{"damage":33,"enemies":"The Heart","floor":55,"turns":9}],"seed_played":"-3221890509348113169","potions_obtained":[{"floor":7,"key":"GamblersBrew"},{"floor":11,"key":"FearPotion"},{"floor":12,"key":"Weak Potion"},{"floor":16,"key":"SteroidPotion"},{"floor":20,"key":"Explosive Potion"},{"floor":23,"key":"LiquidBronze"},{"floor":25,"key":"Weak Potion"},{"floor":27,"key":"GhostInAJar"},{"floor":33,"key":"Swift Potion"},{"floor":35,"key":"PowerPotion"},{"floor":38,"key":"Strength Potion"},{"floor":44,"key":"FearPotion"},{"floor":47,"key":"Swift Potion"}],"is_trial":false,"path_per_floor":["M","?","$","?","M","R","E","R","T","E","M","M","E","?","R","B",null,"M","?","M","?","?","E","R","E","T","E","M","R","M","M","R","B",null,"M","?","$","M","M","E","M","R","T","E","?","E","M","E","R","B",null,"R","$","E","B",null],"character_chosen":"THE_SILENT","items_purchased":["Slice","DollysMirror","Escape Plan","Caltrops","Strength Potion","AttackPotion","Master of Strategy","Dark Shackles"],"campfire_rested":0,"item_purchase_floors":[3,37,37,37,37,37,53,53],"current_hp_per_floor":[51,56,56,56,53,53,40,40,40,28,28,23,8,8,8,31,64,60,60,47,33,33,25,25,19,19,12,8,8,9,11,11,8,62,63,63,63,65,60,60,62,62,69,66,56,62,68,74,74,78,85,85,85,55,53],"gold":41,"neow_bonus":"BOSS_RELIC","is_prod":false,"is_daily":false,"chose_seed":false,"campfire_upgraded":8,"win_rate":0,"timestamp":1554930539,"path_taken":["M","?","$","?","M","R","E","R","T","E","M","M","E","?","R","BOSS","M","?","M","?","?","E","R","E","T","E","M","R","M","M","R","BOSS","M","?","$","?","M","E","M","R","T","E","?","E","M","E","R","BOSS","R","$","E","BOSS"],"build_version":"2019-01-23","purchased_purges":1,"victory":true,"max_hp_per_floor":[70,75,75,75,75,75,75,75,75,75,75,75,75,75,75,75,75,75,75,75,80,80,80,80,80,80,80,80,80,80,80,80,80,80,80,80,80,80,80,80,80,80,87,87,87,87,87,87,87,87,87,87,87,87,87],"card_choices":[{"not_picked":["Bane","Dodge and Roll"],"picked":"Quick Slash","floor":1},{"not_picked":["Crippling Poison","Catalyst"],"picked":"Well Laid Plans","floor":5},{"not_picked":["Backflip","Dagger Spray"],"picked":"Die Die Die","floor":7},{"not_picked":["Blade Dance","Underhanded Strike","Burst"],"picked":"Accuracy","floor":10},{"not_picked":["Backflip","Deflect","Flying Knee"],"picked":"PiercingWail","floor":11},{"not_picked":["Poisoned Stab","Catalyst","Expertise"],"picked":"Endless Agony","floor":12},{"not_picked":["Burst","Storm of Steel","Terror"],"picked":"Caltrops","floor":13},{"not_picked":["Corpse Explosion","Phantasmal Killer","Night Terror"],"picked":"Adrenaline","floor":16},{"not_picked":["Acrobatics","Accuracy","Dagger Throw"],"picked":"Blade Dance","floor":18},{"not_picked":["Flechettes","Heel Hook","Deadly Poison+1","Acrobatics"],"picked":"SKIP","floor":20},{"not_picked":["Riddle With Holes","Dagger Spray","Outmaneuver"],"picked":"PiercingWail","floor":23},{"not_picked":["Outmaneuver","Dagger Throw","Acrobatics"],"picked":"Accuracy","floor":25},{"not_picked":["Finisher","Dagger Spray","Crippling Poison"],"picked":"Terror+1","floor":27},{"not_picked":["Dagger Spray","Skewer","Burst"],"picked":"Escape Plan","floor":28},{"not_picked":["Sucker Punch","Noxious Fumes","Slice"],"picked":"Cloak And Dagger","floor":30},{"not_picked":["Underhanded Strike","Dagger Spray","Phantasmal Killer"],"picked":"Caltrops","floor":31},{"not_picked":["A Thousand Cuts","Die Die Die","Grand Finale"],"picked":"After Image","floor":33},{"not_picked":["Underhanded Strike","Quick Slash","Flying Knee","Eviscerate"],"picked":"SKIP","floor":35},{"not_picked":["Flying Knee","Deflect","Setup+1"],"picked":"Accuracy+1","floor":38},{"not_picked":["Flying Knee+1","Sucker Punch","Quick Slash","Terror+1"],"picked":"SKIP","floor":39},{"not_picked":["Bane+1","Storm of Steel","Reflex"],"picked":"Backflip","floor":40},{"not_picked":["Noxious Fumes+1","Poisoned Stab+1","Deflect"],"picked":"Cloak And Dagger","floor":41},{"not_picked":["Dagger Spray","Venomology","Prepared+1","Underhanded Strike"],"picked":"SKIP","floor":44},{"not_picked":["The Bomb","Good Instincts","Madness"],"picked":"Bandage Up","floor":45},{"not_picked":["Secret Weapon","Swift Strike","Madness"],"picked":"Jack Of All Trades","floor":45},{"not_picked":["Finesse","Impatience","Purity"],"picked":"Flash of Steel","floor":45},{"not_picked":["Quick Slash+1","Blade Dance","Catalyst","Storm of Steel"],"picked":"SKIP","floor":46},{"not_picked":["Quick Slash+1","Blade Dance","Catalyst","Storm of Steel"],"picked":"SKIP","floor":46},{"not_picked":["Flying Knee+1","Predator+1","Setup+1"],"picked":"Accuracy+1","floor":47},{"not_picked":["Dash+1","Deflect","Underhanded Strike"],"picked":"Blur","floor":48},{"not_picked":["Backstab","Bullet Time","Setup","Bane"],"picked":"SKIP","floor":54}],"player_experience":348932,"relics_obtained":[{"floor":7,"key":"Pantograph"},{"floor":9,"key":"Question Card"},{"floor":10,"key":"Mercury Hourglass"},{"floor":13,"key":"Matryoshka"},{"floor":23,"key":"Potion Belt"},{"floor":25,"key":"Regal Pillow"},{"floor":26,"key":"Boot"},{"floor":27,"key":"Blood Vial"},{"floor":40,"key":"The Courier"},{"floor":43,"key":"Happy Flower"},{"floor":43,"key":"Strawberry"},{"floor":44,"key":"FossilizedHelix"},{"floor":46,"key":"Bronze Scales"},{"floor":48,"key":"Lantern"},{"floor":54,"key":"Paper Crane"}],"event_choices":[{"damage_healed":0,"gold_gain":0,"player_choice":"Donut","damage_taken":0,"max_hp_gain":5,"max_hp_loss":0,"event_name":"Big Fish","floor":2,"gold_loss":0},{"damage_healed":0,"gold_gain":0,"player_choice":"Ignored","damage_taken":0,"max_hp_gain":0,"max_hp_loss":0,"event_name":"Golden Idol","floor":4,"gold_loss":0},{"damage_healed":0,"gold_gain":30,"player_choice":"Searched \u00271\u0027 times","damage_taken":0,"max_hp_gain":0,"max_hp_loss":0,"event_name":"Dead Adventurer","floor":14,"gold_loss":0},{"damage_healed":0,"gold_gain":0,"player_choice":"Simplicity","damage_taken":0,"max_hp_gain":0,"max_hp_loss":0,"event_name":"Back to Basics","floor":19,"gold_loss":0,"cards_upgraded":["Defend_G","Defend_G","Defend_G","Defend_G","Defend_G","Strike_G","Strike_G"]},{"damage_healed":0,"gold_gain":0,"player_choice":"Shed Blood","damage_taken":19,"max_hp_gain":5,"max_hp_loss":0,"event_name":"Forgotten Altar","floor":21,"gold_loss":0},{"damage_healed":0,"gold_gain":0,"player_choice":"Obtained Relic","damage_taken":0,"relics_obtained":["Anchor"],"max_hp_gain":0,"max_hp_loss":0,"event_name":"Addict","floor":22,"gold_loss":85},{"damage_healed":0,"gold_gain":0,"player_choice":"Forge","damage_taken":0,"max_hp_gain":0,"max_hp_loss":0,"event_name":"Accursed Blacksmith","floor":36,"gold_loss":0,"cards_upgraded":["After Image"]},{"damage_healed":0,"gold_gain":0,"player_choice":"Memory 3","damage_taken":10,"max_hp_gain":0,"max_hp_loss":0,"event_name":"SensoryStone","floor":45,"gold_loss":0}],"is_beta":false,"boss_relics":[{"not_picked":["Snecko Eye","HoveringKite"],"picked":"Astrolabe"},{"not_picked":["White Beast Statue","Black Star"],"picked":"Coffee Dripper"}],"items_purged_floors":[37],"is_endless":false,"potions_floor_spawned":[7,11,12,16,20,23,25,27,33,35,38,39,44,47],"ascension_level":13}