{"path_per_floor":["M","M","M","T","$","E","M","E","T","M","M","R","M","?","R","B",null,"M","?","M","$","M","E","R","T","T","R","M","?","?","M","R","B",null,"M","?","$","?","?"],"character_chosen":"DEFECT","items_purchased":["Ball Lightning","Torii"],"gold_per_floor":[209,219,235,235,114,142,158,191,237,256,274,274,284,384,384,486,486,503,503,514,126,143,176,176,176,176,176,188,103,103,114,114,214,214,230,230,105,105,205,205],"floor_reached":40,"campfire_rested":3,"playtime":1162,"current_hp_per_floor":[74,74,74,74,74,56,55,45,45,37,26,63,63,63,63,40,75,73,73,58,58,31,28,65,65,65,65,18,28,56,32,72,47,85,77,66,66,66,66,0],"items_purged":["Strike_B","Strike_B","Strike_B"],"gold":205,"score":478,"play_id":"e2f00f4a-1b3e-43f4-9492-44e8d12a22d2","local_time":"20180517014631","is_prod":false,"is_daily":false,"chose_seed":false,"is_ascension_mode":true,"campfire_upgraded":2,"timestamp":1526514391,"path_taken":["M","?","M","?","$","E","?","E","T","M","?","R","M","?","R","BOSS","M","?","M","$","?","E","R","?","T","R","M","?","?","M","R","BOSS","M","?","$","?","?","E"],"build_version":"2018-05-15","seed_source_timestamp":1005095459710273,"purchased_purges":3,"victory":false,"master_deck":["Strike_B+1","Defend_B+1","Defend_B+1","Defend_B+1","Defend_B+1","Zap","Dualcast","Ball Lightning","Doom and Gloom","Ball Lightning","Axe Kick","Glacier","Static Discharge+1","Stack","Rainbow","Axe Kick+1","Stack","Loop+1","Leap","Stack+1","Electrodynamics","BootSequence+1","Madness","Madness","Dark Shackles"],"max_hp_per_floor":[75,75,75,75,75,75,75,75,75,75,75,75,75,75,75,75,75,75,75,75,75,75,75,75,75,75,75,75,85,85,85,85,85,85,85,85,85,85,85,85],"relics":["Cracked Core","Gremlin Horn","Bronze Scales","Regal Pillow","Oddly Smooth Stone","Runic Pyramid","Torii","Shuriken","Letter Opener","Mercury Hourglass","Pear","Inserter"],"card_choices":[{"not_picked":["Hello World","Coolheaded"],"picked":"Ball Lightning","floor":1},{"not_picked":["Darkness","Go for the Eyes"],"picked":"Doom and Gloom","floor":2},{"not_picked":["Turbo","Axe Kick","Streamline"],"picked":"SKIP","floor":3},{"not_picked":["Blizzard","Meteor Strike"],"picked":"Axe Kick","floor":6},{"not_picked":["Turbo","Skim"],"picked":"Glacier","floor":7},{"not_picked":["Go for the Eyes","Skim"],"picked":"Static Discharge","floor":8},{"not_picked":["Auto Shields","Hologram","Double Energy"],"picked":"SKIP","floor":10},{"not_picked":["Steam Power","Conserve Battery"],"picked":"Stack","floor":11},{"not_picked":["Streamline","Sweeping Beam","Beam Cell"],"picked":"SKIP","floor":13},{"not_picked":["Creative AI","Multi-Cast"],"picked":"Rainbow","floor":16},{"not_picked":["Stack+1","Coolheaded"],"picked":"Axe Kick+1","floor":18},{"not_picked":["Rebound","Hello World"],"picked":"Stack","floor":20},{"not_picked":["Hologram","Barrage"],"picked":"Loop","floor":22},{"not_picked":["Blizzard","Go for the Eyes","Steam"],"picked":"SKIP","floor":23},{"not_picked":["Sweeping Beam+1","Rebound"],"picked":"Leap","floor":28},{"not_picked":["Turbo","Sunder"],"picked":"Stack+1","floor":31},{"not_picked":["Nova","Creative AI"],"picked":"Electrodynamics","floor":33},{"not_picked":["Turbo+1","Force Field"],"picked":"BootSequence+1","floor":35},{"not_picked":["Mind Blast","Trip"],"picked":"Dark Shackles","floor":38}],"player_experience":67360,"potions_floor_usage":[6,6,6,8,8,11,16,23,23],"damage_taken":[{"damage":1,"enemies":"Cultist","floor":1,"turns":4},{"damage":0,"enemies":"2 Louse","floor":2,"turns":1},{"damage":0,"enemies":"Small Slimes","floor":3,"turns":2},{"damage":18,"enemies":"3 Sentries","floor":6,"turns":4},{"damage":1,"enemies":"2 Fungi Beasts","floor":7,"turns":2},{"damage":10,"enemies":"Gremlin Nob","floor":8,"turns":3},{"damage":8,"enemies":"Red Slaver","floor":10,"turns":2},{"damage":11,"enemies":"Exordium Thugs","floor":11,"turns":2},{"damage":0,"enemies":"2 Fungi Beasts","floor":13,"turns":2},{"damage":23,"enemies":"Hexaghost","floor":16,"turns":5},{"damage":2,"enemies":"Chosen","floor":18,"turns":4},{"damage":15,"enemies":"Shell Parasite","floor":20,"turns":4},{"damage":27,"enemies":"Centurion and Healer","floor":22,"turns":5},{"damage":3,"enemies":"Gremlin Leader","floor":23,"turns":5},{"damage":47,"enemies":"Cultist and Chosen","floor":28,"turns":5},{"damage":24,"enemies":"Snake Plant","floor":31,"turns":3},{"damage":25,"enemies":"Automaton","floor":33,"turns":11},{"damage":8,"enemies":"Flame Bruiser 1 Orb","floor":35,"turns":6},{"damage":93,"enemies":"Giant Head","floor":40,"turns":8}],"relics_obtained":[{"floor":4,"key":"Gremlin Horn"},{"floor":6,"key":"Bronze Scales"},{"floor":8,"key":"Regal Pillow"},{"floor":9,"key":"Oddly Smooth Stone"},{"floor":23,"key":"Shuriken"},{"floor":25,"key":"Letter Opener"},{"floor":26,"key":"Mercury Hourglass"}],"event_choices":[{"event_name":"Golden Shrine","player_choice":"Pray","floor":14,"damage_taken":0},{"event_name":"Back to Basics","player_choice":"Simplicity","floor":19,"damage_taken":0},{"event_name":"Addict","player_choice":"Obtained Relic","floor":29,"damage_taken":0},{"event_name":"The Library","player_choice":"Heal","floor":30,"damage_taken":0},{"event_name":"Winding Halls","player_choice":"Embrace Madness","floor":36,"damage_taken":0},{"event_name":"SensoryStone","player_choice":"Memory 1","floor":38,"damage_taken":0},{"event_name":"Golden Shrine","player_choice":"Pray","floor":39,"damage_taken":0}],"boss_relics":[{"not_picked":["Sozu","Orrery"],"picked":"Runic Pyramid"},{"not_picked":["Cursed Key","Calling Bell"],"picked":"Inserter"}],"potions_floor_spawned":[1,3,6,11,18,22,23],"seed_played":"-7124161622339554506","killed_by":"Giant Head","ascension_level":3,"potions_obtained":[{"floor":1,"key":"EntropicBrew"},{"floor":3,"key":"EssenceOfSteel"},{"floor":6,"key":"PowerPotion"},{"floor":11,"key":"Strength Potion"},{"floor":18,"key":"PowerPotion"},{"floor":22,"key":"FocusPotion"},{"floor":23,"key":"SteroidPotion"}],"is_trial":false}