{"path_per_floor":["M","M","$","M","M","E","R","M","T","?","E","M","E","M","R","B",null,"M","?","?","M","?","R","E","R","T","M"],"character_chosen":"DEFECT","items_purchased":["FTL"],"gold_per_floor":[110,120,52,66,79,111,111,128,128,128,154,170,201,215,215,312,312,295,220,320,335,365,365,400,400,400,411,411],"floor_reached":28,"campfire_rested":4,"playtime":993,"item_purchase_floors":[3],"current_hp_per_floor":[62,62,62,61,55,44,66,63,63,63,18,17,16,16,38,24,62,39,39,39,31,6,28,8,30,30,2,0],"items_purged":[],"gold":411,"score":351,"play_id":"e0511cd8-6dbd-4fe3-a2cc-f0c1f5888e5c","local_time":"20180528141614","is_prod":false,"is_daily":false,"chose_seed":false,"is_ascension_mode":true,"campfire_upgraded":0,"win_rate":0,"timestamp":1527509774,"campfire_choices":[{"floor":7,"key":"REST"},{"floor":15,"key":"REST"},{"floor":23,"key":"REST"},{"floor":25,"key":"REST"}],"path_taken":["M","?","$","M","M","E","R","M","T","?","E","M","E","M","R","BOSS","M","?","?","M","?","R","E","R","T","M","M"],"build_version":"2018-05-27","seed_source_timestamp":38133453398595,"purchased_purges":0,"victory":false,"master_deck":["Strike_B+1","Strike_B+1","Strike_B","Defend_B","Defend_B","Defend_B","Defend_B","Zap+1","Dualcast","FTL","Go for the Eyes","Auto Shields","Rainbow","Defragment","Auto Shields","Machine Learning","Ball Lightning","Glacier","Chill"],"max_hp_per_floor":[75,75,75,75,75,75,75,75,75,75,75,75,75,75,75,75,75,75,75,75,75,75,75,75,75,75,75,75],"relics":["Cracked Core","Whetstone","Vajra","Bottled Lightning","Potion Belt","Torii","Lizard Tail","Red Mask","Centennial Puzzle","Frozen Egg 2"],"card_choices":[{"not_picked":["Hologram","Darkness","Capacitor"],"picked":"SKIP","floor":1},{"not_picked":["Compile Driver","Hello World","Sweeping Beam"],"picked":"SKIP","floor":2},{"not_picked":["Defragment","Hologram"],"picked":"Go for the Eyes","floor":4},{"not_picked":["Rebound","Redo"],"picked":"Auto Shields","floor":5},{"not_picked":["Leap","Streamline","Electrodynamics"],"picked":"SKIP","floor":6},{"not_picked":["Steam Power","Cold Snap","Steam"],"picked":"SKIP","floor":8},{"not_picked":["Multi-Cast","Streamline"],"picked":"Rainbow","floor":11},{"not_picked":["Turbo","Ball Lightning"],"picked":"Defragment","floor":12},{"not_picked":["Reinforced Body","Static Discharge","Genetic Algorithm"],"picked":"SKIP","floor":13},{"not_picked":["Tempest","Leap"],"picked":"Auto Shields","floor":14},{"not_picked":["Seek","Meteor Strike"],"picked":"Machine Learning","floor":16},{"not_picked":["Barrage","Redo"],"picked":"Ball Lightning","floor":18},{"not_picked":["Hologram","Turbo","Reinforced Body"],"picked":"SKIP","floor":21},{"not_picked":["Hologram","Compile Driver"],"picked":"Glacier","floor":22},{"not_picked":["Turbo","Heatsinks"],"picked":"Chill","floor":24},{"not_picked":["Leap","Melter","Darkness+1"],"picked":"SKIP","floor":27}],"player_experience":105676,"potions_floor_usage":[13,13,16,21,22],"damage_taken":[{"damage":6,"enemies":"Cultist","floor":1,"turns":3},{"damage":0,"enemies":"Small Slimes","floor":2,"turns":3},{"damage":1,"enemies":"2 Louse","floor":4,"turns":2},{"damage":6,"enemies":"Exordium Wildlife","floor":5,"turns":5},{"damage":11,"enemies":"Lagavulin","floor":6,"turns":6},{"damage":3,"enemies":"3 Louse","floor":8,"turns":2},{"damage":45,"enemies":"Gremlin Nob","floor":11,"turns":5},{"damage":1,"enemies":"Exordium Thugs","floor":12,"turns":5},{"damage":1,"enemies":"3 Sentries","floor":13,"turns":5},{"damage":0,"enemies":"Blue Slaver","floor":14,"turns":2},{"damage":14,"enemies":"Hexaghost","floor":16,"turns":10},{"damage":23,"enemies":"2 Thieves","floor":18,"turns":4},{"damage":8,"enemies":"Chosen","floor":21,"turns":5},{"damage":38,"enemies":"Masked Bandits","floor":22,"turns":5},{"damage":61,"enemies":"Gremlin Leader","floor":24,"turns":9},{"damage":28,"enemies":"Snecko","floor":27,"turns":9},{"damage":16,"enemies":"3 Cultists","floor":28,"turns":5}],"relics_obtained":[{"floor":6,"key":"Vajra"},{"floor":9,"key":"Bottled Lightning"},{"floor":11,"key":"Potion Belt"},{"floor":13,"key":"Torii"},{"floor":22,"key":"Red Mask"},{"floor":24,"key":"Centennial Puzzle"},{"floor":26,"key":"Frozen Egg 2"}],"event_choices":[{"event_name":"Accursed Blacksmith","player_choice":"Forge","floor":10,"damage_taken":0},{"event_name":"Beggar","player_choice":"Gave Gold","floor":19,"damage_taken":0},{"event_name":"Golden Shrine","player_choice":"Pray","floor":20,"damage_taken":0},{"event_name":"Masked Bandits","player_choice":"Fought over 335 gold","floor":22,"damage_taken":0}],"boss_relics":[{"not_picked":["Sozu","Runic Dome"],"picked":"Lizard Tail"}],"items_purged_floors":[],"potions_floor_spawned":[5,6,8,11,12,14,18],"seed_played":"-754667264059799016","killed_by":"3 Cultists","ascension_level":7,"potions_obtained":[{"floor":5,"key":"Explosive Potion"},{"floor":6,"key":"Ancient Potion"},{"floor":8,"key":"PowerPotion"},{"floor":11,"key":"Fire Potion"},{"floor":12,"key":"Weak Potion"},{"floor":14,"key":"FairyPotion"},{"floor":18,"key":"LiquidBronze"}],"is_trial":false}