{"gold_per_floor":[118,68,143,43,218,218,248,248,248,263,277,306,332,344,344,439,439,451,751,850,850,13,42,42,58,134,134,134,165,40,40,40,144,144,157,157,177,27,45,45,45,77,130,130,0,33,82,101,101,101],"floor_reached":50,"playtime":2519,"items_purged":["Strike_R","Intimidate+1","Defend_R","Decay"],"score":702,"play_id":"a014b1c1-b028-405d-b03c-1741309a533d","local_time":"20190131212413","is_ascension_mode":true,"campfire_choices":[{"data":"Rampage","floor":6,"key":"SMITH"},{"floor":8,"key":"RECALL"},{"data":"Bash","floor":15,"key":"SMITH"},{"floor":24,"key":"REST"},{"floor":27,"key":"REST"},{"floor":32,"key":"REST"},{"floor":40,"key":"REST"},{"floor":49,"key":"REST"}],"neow_cost":"NONE","seed_source_timestamp":196223348467006,"circlet_count":0,"master_deck":["Defend_R+1","Defend_R","Bash+1","Rampage+1","Headbutt","Shrug It Off","Battle Trance","Fiend Fire","Flex+1","Impervious+1","Secret Weapon","Battle Trance+1","Rage","True Grit+1","Brutality","Uppercut","Burning Pact","Parasite","Infernal Blade+1"],"relics":["Burning Blood","NeowsBlessing","Vajra","Champion Belt","Oddly Smooth Stone","Astrolabe","Old Coin","War Paint","Toolbox","Ancient Tea Set","Red Skull","Shuriken","Enchiridion","Blood Vial","Fusion Hammer","Centennial Puzzle","Potion Belt","Red Mask","Peace Pipe","Bag of Marbles"],"potions_floor_usage":[12,25,29,42,50],"damage_taken":[{"damage":0,"enemies":"2 Louse","floor":1,"turns":1},{"damage":0,"enemies":"Gremlin Nob","floor":7,"turns":1},{"damage":0,"enemies":"Small Slimes","floor":10,"turns":1},{"damage":0,"enemies":"Cultist","floor":11,"turns":3},{"damage":13,"enemies":"3 Sentries","floor":12,"turns":7},{"damage":3,"enemies":"Blue Slaver","floor":14,"turns":4},{"damage":47,"enemies":"Slime Boss","floor":16,"turns":10},{"damage":12,"enemies":"Chosen","floor":18,"turns":3},{"damage":49,"enemies":"Slavers","floor":23,"turns":5},{"damage":12,"enemies":"3 Byrds","floor":25,"turns":4},{"damage":25,"enemies":"Gremlin Leader","floor":29,"turns":3},{"damage":59,"enemies":"Automaton","floor":33,"turns":7},{"damage":15,"enemies":"3 Shapes","floor":35,"turns":4},{"damage":10,"enemies":"Orb Walker","floor":37,"turns":3},{"damage":16,"enemies":"Writhing Mass","floor":39,"turns":4},{"damage":72,"enemies":"Reptomancer","floor":42,"turns":4},{"damage":2,"enemies":"Giant Head","floor":46,"turns":3},{"damage":3,"enemies":"Maw","floor":48,"turns":5},{"damage":58,"enemies":"Time Eater","floor":50,"turns":7}],"seed_played":"8119838543045051561","potions_obtained":[{"floor":10,"key":"Block Potion"},{"floor":16,"key":"Poison Potion"},{"floor":23,"key":"Fire Potion"},{"floor":37,"key":"Poison Potion"},{"floor":48,"key":"Ancient Potion"}],"is_trial":false,"path_per_floor":["M","?","?","$","?","R","E","R","T","M","M","E","T","M","R","B",null,"M","T","?","?","$","E","R","M","T","R","?","E","$","?","R","B",null,"M","?","M","$","M","R","$","E","T","$","?","E","T","M","R","B"],"character_chosen":"IRONCLAD","items_purchased":["Headbutt","Secret Weapon","Battle Trance","War Paint","Toolbox","Ancient Tea Set"],"campfire_rested":5,"item_purchase_floors":[4,22,22,22,22,22],"current_hp_per_floor":[80,80,69,69,69,69,75,75,75,80,80,73,73,76,76,35,80,74,74,74,74,74,31,55,49,49,73,57,38,38,38,62,11,80,71,71,69,69,61,80,80,14,14,14,14,20,20,25,49,0],"gold":101,"neow_bonus":"THREE_ENEMY_KILL","is_prod":false,"is_daily":false,"chose_seed":false,"campfire_upgraded":2,"win_rate":0,"timestamp":1548991453,"path_taken":["M","?","?","$","?","R","E","R","T","M","M","E","?","M","R","BOSS","M","?","?","?","$","E","R","M","T","R","?","E","$","?","R","BOSS","M","?","M","$","M","R","?","E","T","$","?","E","?","?","R","BOSS"],"build_version":"2019-01-23","purchased_purges":4,"victory":false,"max_hp_per_floor":[80,80,80,80,80,80,80,80,80,80,80,80,80,80,80,80,80,80,80,80,80,80,80,80,80,80,80,80,80,80,80,80,80,80,80,80,80,80,80,80,80,80,80,80,80,80,80,80,80,80],"card_choices":[{"not_picked":["Flex","Headbutt"],"picked":"Rampage","floor":1},{"not_picked":["Armaments","Uppercut"],"picked":"Shrug It Off","floor":7},{"not_picked":["Armaments","Thunderclap","Anger"],"picked":"SKIP","floor":10},{"not_picked":["Havoc","Sword Boomerang","Twin Strike"],"picked":"SKIP","floor":11},{"not_picked":["Thunderclap","Barricade","Twin Strike"],"picked":"SKIP","floor":12},{"not_picked":["Feel No Pain","True Grit"],"picked":"Battle Trance","floor":14},{"not_picked":["Bludgeon","Double Tap"],"picked":"Fiend Fire","floor":16},{"not_picked":["Reckless Charge","Perfected Strike+1","Wild Strike+1"],"picked":"SKIP","floor":18},{"not_picked":["Power Through+1","Searing Blow","Impervious"],"picked":"SKIP","floor":23},{"not_picked":["Anger","Cleave"],"picked":"Rage","floor":25},{"not_picked":["Wild Strike","Reckless Charge"],"picked":"True Grit+1","floor":29},{"not_picked":["Exhume","Impervious"],"picked":"Brutality","floor":33},{"not_picked":["Flex","Havoc","Sever Soul+1"],"picked":"SKIP","floor":35},{"not_picked":["True Grit","Sword Boomerang"],"picked":"Burning Pact","floor":37},{"not_picked":["Blood for Blood","Shockwave","Perfected Strike+1"],"picked":"SKIP","floor":39},{"not_picked":["Blood for Blood+1","Second Wind+1"],"picked":"Infernal Blade+1","floor":42},{"not_picked":["Thunderclap+1","Whirlwind","Juggernaut"],"picked":"SKIP","floor":46},{"not_picked":["Carnage","Pommel Strike","Dual Wield+1"],"picked":"SKIP","floor":48}],"player_experience":439176,"relics_obtained":[{"floor":7,"key":"Vajra"},{"floor":12,"key":"Champion Belt"},{"floor":13,"key":"Oddly Smooth Stone"},{"floor":19,"key":"Old Coin"},{"floor":23,"key":"Red Skull"},{"floor":26,"key":"Shuriken"},{"floor":28,"key":"Enchiridion"},{"floor":29,"key":"Blood Vial"},{"floor":42,"key":"Centennial Puzzle"},{"floor":43,"key":"Potion Belt"},{"floor":46,"key":"Peace Pipe"},{"floor":47,"key":"Bag of Marbles"}],"event_choices":[{"cards_removed":["Strike_R"],"damage_healed":0,"gold_gain":0,"player_choice":"Card Removal","damage_taken":0,"max_hp_gain":0,"max_hp_loss":0,"event_name":"The Cleric","floor":2,"gold_loss":50},{"damage_healed":0,"gold_gain":75,"player_choice":"Gather Gold","damage_taken":11,"max_hp_gain":0,"max_hp_loss":0,"event_name":"World of Goop","floor":3,"gold_loss":0},{"damage_healed":0,"gold_gain":175,"player_choice":"AGREE","damage_taken":0,"max_hp_gain":0,"max_hp_loss":0,"event_name":"Liars Game","floor":5,"gold_loss":0,"cards_obtained":["Doubt"]},{"damage_healed":0,"gold_gain":99,"player_choice":"Stole From Cult","damage_taken":0,"max_hp_gain":0,"max_hp_loss":0,"event_name":"Nest","floor":20,"gold_loss":0},{"cards_removed":["Doubt"],"damage_healed":0,"gold_gain":0,"player_choice":"Elegance","damage_taken":0,"max_hp_gain":0,"max_hp_loss":0,"event_name":"Back to Basics","floor":21,"gold_loss":0},{"damage_healed":0,"gold_gain":0,"player_choice":"Obtained Book","damage_taken":16,"max_hp_gain":0,"max_hp_loss":0,"event_name":"Cursed Tome","floor":28,"gold_loss":0},{"damage_healed":0,"gold_gain":0,"player_choice":"Smashed Altar","damage_taken":0,"max_hp_gain":0,"max_hp_loss":0,"event_name":"Forgotten Altar","floor":31,"gold_loss":0,"cards_obtained":["Decay"]},{"damage_healed":0,"gold_gain":0,"cards_transformed":["Strike_R"],"player_choice":"Transformed","damage_taken":0,"max_hp_gain":0,"max_hp_loss":0,"event_name":"Transmorgrifier","floor":36,"gold_loss":0,"cards_obtained":["Uppercut"]},{"damage_healed":0,"gold_gain":0,"player_choice":"Paid","damage_taken":0,"relics_obtained":["Red Mask"],"max_hp_gain":0,"max_hp_loss":0,"event_name":"Tomb of Lord Red Mask","floor":45,"gold_loss":130}],"is_beta":false,"boss_relics":[{"not_picked":["Velvet Choker","Busted Crown"],"picked":"Astrolabe"},{"not_picked":["Coffee Dripper","Snecko Eye"],"picked":"Fusion Hammer"}],"items_purged_floors":[4,22,30,38],"is_endless":false,"potions_floor_spawned":[10,16,23,37,48],"killed_by":"Time Eater","ascension_level":2}