{"gold_per_floor":[113,113,63,78,98,133,133,147,147,167,177,177,189,203,203,301,301,315,315,225,97,108,8,42,62,62,62,96,96,107,125,125,230,230,246,42,52,52,70,70,70,141,166,186,196,71,82,98,98,98],"floor_reached":50,"playtime":2186,"items_purged":["Strike_R","Strike_R","Doubt"],"score":515,"play_id":"255016d4-1df4-4c7b-bb20-f560c23df805","local_time":"20190409183322","is_ascension_mode":false,"campfire_choices":[{"data":"Spot Weakness","floor":7.0,"key":"SMITH"},{"data":"Armaments","floor":15.0,"key":"SMITH"},{"floor":27.0,"key":"REST"},{"floor":29.0,"key":"REST"},{"floor":32.0,"key":"REST"},{"floor":40.0,"key":"RECALL"},{"floor":49.0,"key":"REST"}],"neow_cost":"CURSE","seed_source_timestamp":0,"circlet_count":0,"master_deck":["Bash","Immolate","Spot Weakness+1","Sword Boomerang","Armaments+1","Pommel Strike","Thunderclap+1","Ghostly Armor","Flex","Inflame","Demon Form","Heavy Blade+1","Headbutt","Shrug It Off","Heavy Blade+1","Uppercut","Writhe","Ghostly Armor","Warcry+1","Double Tap","Entrench","Clothesline","Combust","Heavy Blade","Offering","Rupture+1","Clumsy","Power Through+1"],"special_seed":0,"relics":["Burning Blood","Mummified Hand","StoneCalendar","Cursed Key","Calipers","Ice Cream","Self Forming Clay","Pandora\u0027s Box","PreservedInsect","Bag of Preparation","Bronze Scales"],"potions_floor_usage":[50,50,50],"damage_taken":[{"damage":2.0,"enemies":"Cultist","floor":1.0,"turns":4.0},{"damage":7.0,"enemies":"Small Slimes","floor":4.0,"turns":2.0},{"damage":2.0,"enemies":"2 Louse","floor":5.0,"turns":2.0},{"damage":20.0,"enemies":"3 Sentries","floor":6.0,"turns":4.0},{"damage":9.0,"enemies":"Blue Slaver","floor":8.0,"turns":4.0},{"damage":5.0,"enemies":"Gremlin Gang","floor":10.0,"turns":2.0},{"damage":10.0,"enemies":"Looter","floor":11.0,"turns":2.0},{"damage":13.0,"enemies":"Lots of Slimes","floor":13.0,"turns":3.0},{"damage":9.0,"enemies":"2 Fungi Beasts","floor":14.0,"turns":3.0},{"damage":24.0,"enemies":"Hexaghost","floor":16.0,"turns":8.0},{"damage":13.0,"enemies":"3 Byrds","floor":18.0,"turns":4.0},{"damage":0.0,"enemies":"Spheric Guardian","floor":22.0,"turns":2.0},{"damage":41.0,"enemies":"Book of Stabbing","floor":24.0,"turns":4.0},{"damage":29.0,"enemies":"Snake Plant","floor":25.0,"turns":5.0},{"damage":15.0,"enemies":"Slavers","floor":28.0,"turns":3.0},{"damage":5.0,"enemies":"Snecko","floor":30.0,"turns":4.0},{"damage":11.0,"enemies":"Cultist and Chosen","floor":31.0,"turns":5.0},{"damage":37.0,"enemies":"Automaton","floor":33.0,"turns":10.0},{"damage":28.0,"enemies":"3 Darklings","floor":35.0,"turns":4.0},{"damage":26.0,"enemies":"3 Shapes","floor":37.0,"turns":5.0},{"damage":19.0,"enemies":"3 Darklings","floor":39.0,"turns":4.0},{"damage":20.0,"enemies":"Spire Growth","floor":44.0,"turns":4.0},{"damage":6.0,"enemies":"Writhing Mass","floor":45.0,"turns":3.0},{"damage":5.0,"enemies":"4 Shapes","floor":47.0,"turns":3.0},{"damage":2.0,"enemies":"Spire Growth","floor":48.0,"turns":4.0},{"damage":50,"enemies":"Awakened One","floor":50,"turns":9}],"seed_played":"6618671704865039977","potions_obtained":[{"floor":1.0,"key":"FearPotion"},{"floor":4.0,"key":"Dexterity Potion"},{"floor":6.0,"key":"Ancient Potion"},{"floor":14.0,"key":"PowerPotion"},{"floor":16.0,"key":"SkillPotion"},{"floor":18.0,"key":"EssenceOfSteel"},{"floor":24.0,"key":"Explosive Potion"},{"floor":25.0,"key":"Block Potion"},{"floor":30.0,"key":"Weak Potion"},{"floor":39.0,"key":"Block Potion"},{"floor":44.0,"key":"PowerPotion"},{"floor":47.0,"key":"Weak Potion"}],"is_trial":false,"path_per_floor":["M","?","?","M","M","E","R","M","T","M","M","?","M","M","R","B",null,"M","?","?","$","M","$","E","M","T","R","E","R","M","M","R","B",null,"M","$","M","?","M","R","?","T","T","M","M","$","M","M","R","B"],"character_chosen":"IRONCLAD","items_purchased":["Shrug It Off","PreservedInsect","Dexterity Potion"],"campfire_rested":4,"item_purchase_floors":[21,36,36],"current_hp_per_floor":[80,73,73,72,76,62,62,59,59,60,56,61,54,51,51,33,82,75,75,75,75,81,81,46,23,23,47,38,62,63,58,82,51,82,60,60,40,40,27,27,27,27,27,13,13,13,14,18,41,0],"gold":98,"neow_bonus":"THREE_RARE_CARDS","is_prod":false,"is_daily":false,"chose_seed":false,"campfire_upgraded":2,"win_rate":0,"timestamp":1554856402,"path_taken":["M","?","?","M","M","E","R","M","T","M","M","?","M","M","R","BOSS","M","?","?","$","?","$","E","M","T","R","E","R","M","M","R","BOSS","M","$","M","?","?","R","?","?","T","M","M","$","M","M","R","BOSS"],"build_version":"2019-01-23","purchased_purges":3,"victory":false,"max_hp_per_floor":[80,80,77,77,77,77,77,77,77,77,77,82,82,82,82,82,82,82,82,82,82,82,82,82,82,82,82,82,82,82,82,82,82,82,82,82,82,82,82,82,78,78,78,78,78,78,78,78,78,78],"card_choices":[{"not_picked":["Impervious","Demon Form"],"picked":"Immolate","floor":0.0},{"not_picked":["Carnage","True Grit"],"picked":"Spot Weakness","floor":1.0},{"not_picked":["Corruption","Havoc"],"picked":"Sword Boomerang","floor":4.0},{"not_picked":["Havoc","Thunderclap"],"picked":"Armaments","floor":5.0},{"not_picked":["Heavy Blade","Metallicize"],"picked":"Pommel Strike","floor":6.0},{"not_picked":["Carnage","Body Slam","Wild Strike"],"picked":"SKIP","floor":8.0},{"not_picked":["Immolate","Clothesline"],"picked":"Thunderclap","floor":10.0},{"not_picked":["Power Through","Thunderclap"],"picked":"Ghostly Armor","floor":11.0},{"not_picked":["Wild Strike","Pommel Strike"],"picked":"Flex","floor":13.0},{"not_picked":["Cleave","Armaments"],"picked":"Inflame","floor":14.0},{"not_picked":["Reaper","Impervious"],"picked":"Demon Form","floor":16.0},{"not_picked":["Twin Strike","Clash"],"picked":"Heavy Blade+1","floor":18.0},{"not_picked":["Whirlwind","Hemokinesis"],"picked":"Heavy Blade+1","floor":22.0},{"not_picked":["Shrug It Off","Perfected Strike"],"picked":"Uppercut","floor":24.0},{"not_picked":["Headbutt","Wild Strike","Reckless Charge"],"picked":"SKIP","floor":25.0},{"not_picked":["Exhume","Twin Strike+1"],"picked":"Ghostly Armor","floor":28.0},{"not_picked":["Reckless Charge","Pommel Strike","Headbutt"],"picked":"SKIP","floor":30.0},{"not_picked":["Havoc+1","Shrug It Off"],"picked":"Warcry+1","floor":31.0},{"not_picked":["Barricade","Berserk"],"picked":"Double Tap","floor":33.0},{"not_picked":["Twin Strike+1","Heavy Blade","Iron Wave"],"picked":"SKIP","floor":35.0},{"not_picked":["Iron Wave+1","Dropkick+1"],"picked":"Rupture+1","floor":37.0},{"not_picked":["Pummel","Anger","Thunderclap+1"],"picked":"SKIP","floor":39.0},{"not_picked":["Pummel","Cleave+1"],"picked":"Power Through+1","floor":44.0},{"not_picked":["Havoc","Sentinel+1","Body Slam+1"],"picked":"SKIP","floor":45.0},{"not_picked":["Anger+1","Iron Wave","Wild Strike+1"],"picked":"SKIP","floor":47.0},{"not_picked":["Power Through","Clash+1","Clothesline"],"picked":"SKIP","floor":48.0}],"player_experience":209277,"relics_obtained":[{"floor":6.0,"key":"Mummified Hand"},{"floor":9.0,"key":"StoneCalendar"},{"floor":24.0,"key":"Calipers"},{"floor":26.0,"key":"Ice Cream"},{"floor":28.0,"key":"Self Forming Clay"},{"floor":43.0,"key":"Bronze Scales"}],"event_choices":[{"cards_removed":["Strike_R"],"damage_healed":0.0,"max_hp_gain":0.0,"max_hp_loss":0.0,"gold_gain":0.0,"event_name":"Golden Wing","player_choice":"Card Removal","floor":2.0,"gold_loss":0.0,"damage_taken":7.0},{"cards_removed":["Parasite"],"damage_healed":0.0,"max_hp_gain":0.0,"max_hp_loss":0.0,"gold_gain":0.0,"event_name":"The Cleric","player_choice":"Card Removal","floor":3.0,"gold_loss":50.0,"damage_taken":0.0},{"damage_healed":0.0,"max_hp_gain":5.0,"max_hp_loss":0.0,"gold_gain":0.0,"event_name":"Big Fish","player_choice":"Donut","floor":12.0,"gold_loss":0.0,"damage_taken":0.0},{"damage_healed":0.0,"max_hp_gain":0.0,"max_hp_loss":0.0,"gold_gain":0.0,"event_name":"The Library","player_choice":"Read","floor":19.0,"gold_loss":0.0,"damage_taken":0.0,"cards_obtained":["Headbutt"]},{"cards_removed":["Strike_R"],"damage_healed":0.0,"max_hp_gain":0.0,"max_hp_loss":0.0,"gold_gain":0.0,"event_name":"Designer","player_choice":"Upgrade and Remove","floor":20.0,"gold_loss":90.0,"damage_taken":0.0,"cards_upgraded":["Thunderclap"]},{"damage_healed":0.0,"max_hp_gain":0.0,"max_hp_loss":0.0,"gold_gain":0.0,"event_name":"WeMeetAgain","player_choice":"Gave Potion","floor":38.0,"gold_loss":0.0,"damage_taken":0.0,"relics_obtained":["Bag of Preparation"]},{"damage_healed":0.0,"max_hp_gain":0.0,"max_hp_loss":4.0,"gold_gain":0.0,"event_name":"Winding Halls","player_choice":"Max HP","floor":41.0,"gold_loss":0.0,"damage_taken":0.0}],"is_beta":false,"boss_relics":[{"not_picked":["Black Star","Calling Bell"],"picked":"Cursed Key"},{"not_picked":["Mark of Pain","Philosopher\u0027s Stone"],"picked":"Pandora\u0027s Box"}],"items_purged_floors":[21,23,46],"is_endless":false,"potions_floor_spawned":[1,4,6,14,16,18,24,25,30,39,44,47,48],"killed_by":"Awakened One","ascension_level":0}