{"path_per_floor":["M","?","$","?","?","R","E","R","T","M","M","M","$","M","R","B",null,"M","?","$"],"character_chosen":"IRONCLAD","items_purchased":["Inflame","Dexterity Potion"],"gold_per_floor":[110,90,17,17,17,17,42,42,42,54,54,69,69,88,88,187,187,158,158,31],"floor_reached":21,"campfire_rested":1,"playtime":1083,"current_hp_per_floor":[80,80,80,80,80,80,44,44,44,39,41,31,31,33,57,31,80,47,47,47],"items_purged":["Feel No Pain"],"gold":31,"play_id":"1a0cf0e3-414c-4a4e-b0c4-21af9f0d000f","is_prod":false,"is_daily":false,"is_ascension_mode":false,"campfire_upgraded":2,"path_taken":["M","?","?","?","?","R","E","R","T","M","M","M","$","M","R","BOSS","M","?","?","M"],"build_version":"2018-01-25-PROD3","purchased_purges":1,"victory":false,"master_deck":["Defend_R","Defend_R","Defend_R","Defend_R","Bash","Headbutt","Perfected Strike","Armaments","Pommel Strike","Perfected Strike","Armaments","Inflame+1","Infernal Blade+1","Armaments","Battle Trance","Shrug It Off","Barricade","Inflame+1","Bite_R","Bite_R","Bite_R","Bite_R","Bite_R"],"max_hp_per_floor":[80,80,80,80,80,80,80,80,80,80,80,80,80,80,80,80,80,80,80,80],"relics":["Orrery","Pantograph","Eternal Feather"],"card_choices":[{"not_picked":["Pommel Strike","Thunderclap"],"picked":"Headbutt"},{"not_picked":["Uppercut","Heavy Blade"],"picked":"Perfected Strike"},{"not_picked":["Power Through","Cleave"],"picked":"Armaments"},{"not_picked":["Searing Blow","Twin Strike"],"picked":"Pommel Strike"},{"not_picked":["Hemokinesis","Heavy Blade"],"picked":"Perfected Strike"},{"not_picked":["Dual Wield","Corruption"],"picked":"Armaments"},{"not_picked":["Heavy Blade","Immolate"],"picked":"Infernal Blade"},{"not_picked":["Feel No Pain","Whirlwind"],"picked":"Armaments"},{"not_picked":["Whirlwind","Bloodletting"],"picked":"Feel No Pain"},{"not_picked":["Dual Wield","Clash"],"picked":"Battle Trance"},{"not_picked":["Uppercut","Power Through"],"picked":"Shrug It Off"},{"not_picked":["Offering","Fiend Fire"],"picked":"Barricade"},{"not_picked":["Clash","Pommel Strike"],"picked":"Inflame"}],"player_experience":32068,"potions_floor_usage":[16,16,21],"damage_taken":[{"damage":0,"enemies":"Small Slimes","floor":1,"turns":3},{"damage":36,"enemies":"Lagavulin","floor":7,"turns":6},{"damage":7,"enemies":"Blue Slaver","floor":10,"turns":3},{"damage":0,"enemies":"Jaw Worm","floor":11,"turns":3},{"damage":12,"enemies":"Exordium Thugs","floor":12,"turns":3},{"damage":0,"enemies":"Exordium Wildlife","floor":14,"turns":3},{"damage":60,"enemies":"The Guardian","floor":16,"turns":10},{"damage":33,"enemies":"2 Thieves","floor":18,"turns":5},{"damage":60,"enemies":"3 Byrds","floor":21,"turns":6}],"event_choices":[{"event_name":"The Woman in Blue","player_choice":"Bought 1 Potion","floor":2,"damage_taken":0},{"event_name":"The Lab","player_choice":"Got Potions","floor":4,"damage_taken":0},{"event_name":"Living Wall","player_choice":"Forget","floor":5,"damage_taken":0},{"event_name":"Vampires","player_choice":"Became a vampire (Vial)","floor":19,"damage_taken":0}],"boss_relics":[{"not_picked":["Mark of Pain","Snecko Eye"],"picked":"Eternal Feather"}],"potions_floor_spawned":[7,10,16],"seed_played":"498824868264441597","killed_by":"3 Byrds","ascension_level":0,"is_trial":false}