{"gold_per_floor":[111,131,131,56,74,107,107,138,138,150,162,162,179,197,197,197],"floor_reached":16,"playtime":811,"items_purged":["Strike_R"],"score":120,"play_id":"836ed3d6-43c4-46c4-8d0b-5c5c8ad2cc05","local_time":"20190310155938","is_ascension_mode":true,"campfire_choices":[{"data":"Flex","floor":7.0,"key":"SMITH"},{"floor":12.0,"key":"REST"},{"data":"Fire Breathing","floor":15.0,"key":"SMITH"}],"neow_cost":"NONE","seed_source_timestamp":769576871792001,"circlet_count":0,"master_deck":["Strike_R","Strike_R","Strike_R","Strike_R","Defend_R","Defend_R","Defend_R","Defend_R","Bash+1","Armaments+1","Headbutt","Flex+1","Warcry","Body Slam","Fire Breathing+1","Headbutt"],"special_seed":0,"relics":["Burning Blood","Pen Nib","hubris:CrystalStatue","Mummified Hand"],"potions_floor_usage":[16,16,16],"damage_taken":[{"damage":7.0,"enemies":"2 Louse","floor":1.0,"turns":3.0},{"damage":0.0,"enemies":"Cultist","floor":2.0,"turns":3.0},{"damage":0.0,"enemies":"Jaw Worm","floor":5.0,"turns":3.0},{"damage":46.0,"enemies":"Lagavulin","floor":6.0,"turns":7.0},{"damage":29.0,"enemies":"3 Sentries","floor":8.0,"turns":10.0},{"damage":5.0,"enemies":"2 Fungi Beasts","floor":10.0,"turns":3.0},{"damage":8.0,"enemies":"Red Slaver","floor":11.0,"turns":2.0},{"damage":9.0,"enemies":"Blue Slaver","floor":13.0,"turns":3.0},{"damage":3.0,"enemies":"Exordium Thugs","floor":14.0,"turns":5.0},{"damage":42,"enemies":"Slime Boss","floor":16,"turns":6}],"seed_played":"-6814423650493221985","potions_obtained":[{"floor":1.0,"key":"Adrenaline Potion"},{"floor":8.0,"key":"SkillPotion"},{"floor":10.0,"key":"Elixir"},{"floor":11.0,"key":"Block Potion"},{"floor":14.0,"key":"EssenceOfSteel"}],"is_trial":false,"path_per_floor":["M","M","?","$","M","E","R","E","T","M","M","R","M","M","R","B"],"character_chosen":"IRONCLAD","items_purchased":[],"campfire_rested":1,"item_purchase_floors":[],"current_hp_per_floor":[79,80,80,80,80,40,40,17,17,18,16,40,37,40,40,0],"gold":197,"neow_bonus":"UPGRADE_CARD","is_prod":false,"is_daily":false,"chose_seed":false,"campfire_upgraded":2,"win_rate":0,"timestamp":1552258778,"path_taken":["M","M","?","$","M","E","R","E","T","M","?","R","M","?","R","BOSS"],"build_version":"2019-01-23","purchased_purges":1,"victory":false,"max_hp_per_floor":[80,80,80,80,80,80,80,80,80,80,80,80,80,80,80,80],"card_choices":[{"not_picked":["Run Through","Wild Strike"],"picked":"Armaments","floor":1.0},{"not_picked":["Perfected Strike","Sword Boomerang"],"picked":"Headbutt","floor":2.0},{"not_picked":["ReplayTheSpireMod:Strike From Hell","Wild Strike"],"picked":"Flex","floor":5.0},{"not_picked":["hubris:CleavingFinish","Eclipse","Pummel"],"picked":"SKIP","floor":6.0},{"not_picked":["Feel No Pain","Havoc"],"picked":"Warcry","floor":8.0},{"not_picked":["Headbutt","Clash"],"picked":"Body Slam","floor":10.0},{"not_picked":["Cleave","Rupture"],"picked":"Fire Breathing","floor":11.0},{"not_picked":["ReplayTheSpireMod:Corrosion Curse","Perfected Strike","Second Wind"],"picked":"SKIP","floor":13.0},{"not_picked":["Evolve","hubris:ReadiedAction"],"picked":"Headbutt","floor":14.0}],"player_experience":246657,"relics_obtained":[{"floor":6.0,"key":"Pen Nib"},{"floor":8.0,"key":"hubris:CrystalStatue"},{"floor":9.0,"key":"Mummified Hand"}],"event_choices":[{"damage_healed":0.0,"max_hp_gain":0.0,"max_hp_loss":0.0,"gold_gain":0.0,"event_name":"Upgrade Shrine","player_choice":"Upgraded","floor":3.0,"gold_loss":0.0,"damage_taken":0.0,"cards_upgraded":["Armaments"]}],"is_beta":false,"boss_relics":[],"items_purged_floors":[4],"is_endless":false,"potions_floor_spawned":[1,8,10,11,14],"killed_by":"Slime Boss","ascension_level":1}