{"gold_per_floor":[113,129,147,157,176,176,202,202,202,230,230,230,245,260,260,260],"floor_reached":16,"playtime":1556,"items_purged":[],"score":200,"play_id":"7f8286d9-fe63-468d-b93e-89683e54a631","local_time":"20190409234809","is_ascension_mode":true,"campfire_choices":[{"data":"Auto Shields","floor":6,"key":"SMITH"},{"floor":11,"key":"REST"},{"floor":15,"key":"REST"}],"neow_cost":"NONE","seed_source_timestamp":31229835147898,"circlet_count":0,"master_deck":["AscendersBane","Strike_B","Strike_B","Strike_B","Strike_B","Defend_B","Defend_B","Defend_B","Defend_B","Zap","Dualcast","Genetic Algorithm","Auto Shields+1","Sunder","BootSequence","Fusion","Capacitor+1"],"relics":["Cracked Core","Gremlin Horn","Frozen Egg 2","Oddly Smooth Stone","Golden Idol"],"potions_floor_usage":[7],"damage_taken":[{"damage":1,"enemies":"Cultist","floor":1,"turns":3},{"damage":5,"enemies":"Small Slimes","floor":2,"turns":3},{"damage":9,"enemies":"Jaw Worm","floor":3,"turns":4},{"damage":6,"enemies":"Blue Slaver","floor":4,"turns":4},{"damage":2,"enemies":"Large Slime","floor":5,"turns":6},{"damage":26,"enemies":"Gremlin Nob","floor":7,"turns":5},{"damage":9,"enemies":"Lagavulin","floor":10,"turns":8},{"damage":11,"enemies":"Looter","floor":13,"turns":3},{"damage":7,"enemies":"Blue Slaver","floor":14,"turns":4},{"damage":56,"enemies":"Hexaghost","floor":16,"turns":14}],"seed_played":"8363384475741190106","potions_obtained":[{"floor":4,"key":"SpeedPotion"},{"floor":5,"key":"FocusPotion"},{"floor":7,"key":"Fruit Juice"},{"floor":14,"key":"SpeedPotion"}],"is_trial":false,"path_per_floor":["M","M","M","M","M","R","E","?","T","E","R","?","M","M","R","B"],"character_chosen":"DEFECT","items_purchased":[],"campfire_rested":2,"item_purchase_floors":[],"current_hp_per_floor":[70,65,56,50,48,48,27,32,32,23,49,49,38,31,55,0],"gold":260,"neow_bonus":"TEN_PERCENT_HP_BONUS","is_prod":false,"is_daily":false,"chose_seed":false,"campfire_upgraded":1,"win_rate":0,"timestamp":1554871689,"path_taken":["M","M","?","M","M","R","E","?","T","E","R","?","M","M","R","BOSS"],"build_version":"2019-01-23","purchased_purges":0,"victory":false,"max_hp_per_floor":[78,78,78,78,78,78,83,88,88,88,88,80,80,80,80,80],"card_choices":[{"not_picked":["Stack","Turbo"],"picked":"Genetic Algorithm","floor":1},{"not_picked":["Darkness","Turbo"],"picked":"Auto Shields","floor":2},{"not_picked":["Turbo","Redo"],"picked":"Sunder","floor":3},{"not_picked":["Melter","Hologram"],"picked":"BootSequence","floor":4},{"not_picked":["Storm","Consume","Go for the Eyes"],"picked":"SKIP","floor":5},{"not_picked":["Gash","Heatsinks"],"picked":"Fusion","floor":7},{"not_picked":["Compile Driver","Barrage","Turbo"],"picked":"SKIP","floor":10},{"not_picked":["Amplify","Skim"],"picked":"Capacitor+1","floor":13},{"not_picked":["Streamline","Leap","Steam"],"picked":"SKIP","floor":14}],"player_experience":358823,"relics_obtained":[{"floor":7,"key":"Gremlin Horn"},{"floor":9,"key":"Frozen Egg 2"},{"floor":10,"key":"Oddly Smooth Stone"}],"event_choices":[{"damage_healed":0,"gold_gain":0,"player_choice":"Donut","damage_taken":0,"max_hp_gain":5,"max_hp_loss":0,"event_name":"Big Fish","floor":8,"gold_loss":0},{"damage_healed":0,"gold_gain":0,"player_choice":"Lose Max HP","damage_taken":0,"relics_obtained":["Golden Idol"],"max_hp_gain":0,"max_hp_loss":8,"event_name":"Golden Idol","floor":12,"gold_loss":0}],"is_beta":false,"boss_relics":[],"items_purged_floors":[],"is_endless":false,"potions_floor_spawned":[4,5,7,14],"killed_by":"Hexaghost","ascension_level":15}