{"gold_per_floor":[113,38,49,49,63,90,90,90,140,162,174,186,198,230,242,354,366,367,394,406,418,35,35,35,45,45,45,55,55,74,90,90,194,194,210,210,210,10,26,26,40,40,109,35,35,45,55,55,55,55],"floor_reached":50,"playtime":2228,"items_purged":["Strike_R","Strike_R"],"score":517,"play_id":"31e2d9f3-b7f7-46c1-abef-bd4d15b152cf","local_time":"20181126220429","is_ascension_mode":false,"campfire_choices":[{"floor":7,"key":"REST"},{"floor":12,"key":"REST"},{"floor":15,"key":"REST"},{"data":"Barricade","floor":23,"key":"SMITH"},{"floor":29,"key":"REST"},{"data":"Mayhem","floor":32,"key":"SMITH"},{"data":"True Grit","floor":40,"key":"SMITH"},{"data":"Armaments","floor":42,"key":"SMITH"},{"data":"Flame Barrier","floor":45,"key":"SMITH"},{"floor":49,"key":"REST"}],"neow_cost":"CURSE","seed_source_timestamp":854677044367612,"circlet_count":0,"master_deck":["Strike_R","Strike_R","Strike_R","Defend_R","Defend_R","Defend_R","Defend_R","Good Instincts","Mayhem+1","Body Slam+1","Thunderclap","Power Through","Flame Barrier+1","True Grit+1","Shrug It Off","Barricade+1","Body Slam+1","Shrug It Off","Anger+1","Shrug It Off","Burning Pact+1","Double Tap","Finesse","Armaments+1","Armaments+1","Metallicize","Body Slam"],"relics":["Burning Blood","Pen Nib","MawBank","Black Star","Mummified Hand","StoneCalendar","Ancient Tea Set","Runic Cube","Oddly Smooth Stone","Bottled Lightning"],"potions_floor_usage":[33,35,50,50,50],"damage_taken":[{"damage":3,"enemies":"Small Slimes","floor":1,"turns":4},{"damage":1,"enemies":"Cultist","floor":3,"turns":4},{"damage":7,"enemies":"Jaw Worm","floor":5,"turns":6},{"damage":60,"enemies":"Gremlin Nob","floor":6,"turns":6},{"damage":28,"enemies":"Blue Slaver","floor":10,"turns":7},{"damage":18,"enemies":"Gremlin Gang","floor":14,"turns":3},{"damage":41,"enemies":"Slime Boss","floor":16,"turns":19},{"damage":3,"enemies":"2 Thieves","floor":18,"turns":4},{"damage":13,"enemies":"3 Byrds","floor":19,"turns":4},{"damage":14,"enemies":"Snake Plant","floor":25,"turns":7},{"damage":0,"enemies":"Snecko","floor":28,"turns":5},{"damage":3,"enemies":"Cultist and Chosen","floor":30,"turns":7},{"damage":0,"enemies":"3 Cultists","floor":31,"turns":7},{"damage":0,"enemies":"Champ","floor":33,"turns":8},{"damage":24,"enemies":"3 Darklings","floor":35,"turns":7},{"damage":0,"enemies":"Orb Walker","floor":39,"turns":4},{"damage":8,"enemies":"4 Shapes","floor":41,"turns":7},{"damage":34,"enemies":"Jaw Worm Horde","floor":46,"turns":7},{"damage":31,"enemies":"Sphere and 2 Shapes","floor":47,"turns":8},{"damage":67,"enemies":"Time Eater","floor":50,"turns":23}],"seed_played":"2224700015475865602","potions_obtained":[{"floor":3,"key":"Regen Potion"},{"floor":5,"key":"Swift Potion"},{"floor":6,"key":"Dexterity Potion"},{"floor":33,"key":"Weak Potion"},{"floor":35,"key":"Regen Potion"}],"is_trial":false,"path_per_floor":["M","$","M","?","M","E","R","?","T","M","?","R","?","M","R","B",null,"M","M","?","T","$","R","$","M","T","$","M","R","M","M","R","B",null,"M","?","?","$","M","R","M","R","T","$","R","M","M","?","R","B"],"character_chosen":"IRONCLAD","items_purchased":["StoneCalendar","Oddly Smooth Stone","Armaments","Metallicize"],"campfire_rested":5,"item_purchase_floors":[22,38,38,44],"current_hp_per_floor":[80,80,80,80,79,25,49,49,49,27,20,44,44,32,56,21,80,80,73,58,58,58,58,58,50,50,50,56,81,84,85,85,85,85,72,72,72,72,78,78,76,76,76,76,76,48,23,23,47,0],"gold":55,"neow_bonus":"RANDOM_COLORLESS_2","is_prod":false,"is_daily":false,"chose_seed":false,"campfire_upgraded":5,"win_rate":0.0,"timestamp":1543291469,"path_taken":["M","$","M","?","M","E","R","?","T","?","?","R","?","M","R","BOSS","M","?","?","?","?","R","$","?","T","$","M","R","?","M","R","BOSS","M","?","?","$","M","R","M","R","T","$","R","M","M","?","R","BOSS"],"build_version":"2018-11-15","purchased_purges":2,"victory":false,"max_hp_per_floor":[80,80,80,80,80,80,80,80,80,80,80,80,80,80,80,80,80,80,80,85,85,85,85,85,85,85,85,85,85,85,85,85,85,85,85,85,85,85,85,85,85,85,85,85,85,85,85,81,81,81],"card_choices":[{"not_picked":["Sever Soul","Flex"],"picked":"Body Slam","floor":1},{"not_picked":["Sword Boomerang","Twin Strike"],"picked":"Thunderclap","floor":3},{"not_picked":["Hemokinesis","Corruption"],"picked":"Power Through","floor":5},{"not_picked":["Fire Breathing","Blood for Blood"],"picked":"Flame Barrier","floor":6},{"not_picked":["Headbutt","Cleave"],"picked":"True Grit","floor":10},{"not_picked":["Berserk","Spot Weakness"],"picked":"Shrug It Off","floor":14},{"not_picked":["Impervious","Offering"],"picked":"Barricade","floor":16},{"not_picked":["Thunderclap+1","Infernal Blade"],"picked":"Body Slam+1","floor":18},{"not_picked":["Perfected Strike+1","Flex"],"picked":"Shrug It Off","floor":19},{"not_picked":["Perfected Strike","Thunderclap"],"picked":"Anger+1","floor":25},{"not_picked":["Body Slam","Fiend Fire"],"picked":"Shrug It Off","floor":28},{"not_picked":["Warcry","Flex"],"picked":"Burning Pact+1","floor":30},{"not_picked":["Thunderclap","Wild Strike+1","Anger+1"],"picked":"SKIP","floor":31},{"not_picked":["Limit Break","Feed"],"picked":"Double Tap","floor":33},{"not_picked":["Twin Strike","Heavy Blade+1","True Grit"],"picked":"SKIP","floor":35},{"not_picked":["Swift Strike","Dramatic Entrance"],"picked":"Finesse","floor":37},{"not_picked":["Flex+1","Rage"],"picked":"Armaments+1","floor":39},{"not_picked":["Iron Wave+1","Reckless Charge+1","Warcry+1"],"picked":"SKIP","floor":41},{"not_picked":["Headbutt","Heavy Blade"],"picked":"Body Slam","floor":46},{"not_picked":["Sword Boomerang+1","Anger","Heavy Blade+1"],"picked":"SKIP","floor":47}],"player_experience":60290,"relics_obtained":[{"floor":6,"key":"Pen Nib"},{"floor":9,"key":"MawBank"},{"floor":21,"key":"Mummified Hand"},{"floor":26,"key":"Ancient Tea Set"},{"floor":43,"key":"Bottled Lightning"}],"event_choices":[{"damage_healed":0,"gold_gain":0,"player_choice":"Ignored","damage_taken":0,"max_hp_gain":0,"max_hp_loss":0,"event_name":"Liars Game","floor":4,"gold_loss":0},{"damage_healed":0,"gold_gain":0,"player_choice":"Upgraded","damage_taken":0,"max_hp_gain":0,"max_hp_loss":0,"event_name":"Upgrade Shrine","floor":8,"gold_loss":0,"cards_upgraded":["Body Slam"]},{"cards_removed":["Shame"],"damage_healed":0,"gold_gain":0,"player_choice":"Card Removal","damage_taken":7,"max_hp_gain":0,"max_hp_loss":0,"event_name":"Golden Wing","floor":11,"gold_loss":0},{"cards_removed":["Bash"],"damage_healed":0,"gold_gain":0,"player_choice":"Purged","damage_taken":0,"max_hp_gain":0,"max_hp_loss":0,"event_name":"Purifier","floor":13,"gold_loss":0},{"damage_healed":0,"gold_gain":0,"player_choice":"Shed Blood","damage_taken":20,"max_hp_gain":5,"max_hp_loss":0,"event_name":"Forgotten Altar","floor":20,"gold_loss":0},{"damage_healed":0,"gold_gain":0,"player_choice":"Ignored","damage_taken":0,"max_hp_gain":0,"max_hp_loss":0,"event_name":"Mysterious Sphere","floor":36,"gold_loss":0},{"damage_healed":0,"gold_gain":0,"player_choice":"Memory 1","damage_taken":0,"max_hp_gain":0,"max_hp_loss":0,"event_name":"SensoryStone","floor":37,"gold_loss":0},{"damage_healed":0,"gold_gain":0,"player_choice":"Max HP","damage_taken":0,"max_hp_gain":0,"max_hp_loss":4,"event_name":"Winding Halls","floor":48,"gold_loss":0}],"is_beta":false,"boss_relics":[{"not_picked":["Sozu","Astrolabe"],"picked":"Black Star"},{"not_picked":["White Beast Statue","Runic Dome"],"picked":"Runic Cube"}],"items_purged_floors":[2,22],"is_endless":false,"potions_floor_spawned":[3,5,6,10,16,19,28,31,33,35],"killed_by":"Time Eater","ascension_level":0}