{"gold_per_floor":[19,19,29,29,46,46,71,71,71,96,114,114,114],"floor_reached":13,"playtime":379,"items_purged":[],"score":166,"play_id":"ccf3c351-1bc6-4182-a991-4756360a19d2","local_time":"20190403000737","is_ascension_mode":true,"campfire_choices":[{"floor":6,"key":"REST"},{"floor":12,"key":"REST"}],"neow_cost":"NO_GOLD","seed_source_timestamp":0,"circlet_count":0,"master_deck":["AscendersBane","Strike_B","Strike_B","Strike_B","Strike_B","Defend_B","Defend_B","Defend_B","Defend_B","Zap","Dualcast","ReplayTheSpireMod:Uncanny Aura","Replay:Sssssssssshield","Streamline","Streamline","Leap","Ball Lightning","ReplayTheSpireMod:Calculation Training","Injury","Cold Snap","Chill","Cold Snap","Stack"],"special_seed":0,"relics":["Cracked Core","Prayer Wheel","Ancient Bracer","Golden Idol","ReplayTheSpireMod:Bottled Steam"],"potions_floor_usage":[13],"damage_taken":[{"damage":1.0,"enemies":"Small Slimes","floor":1.0,"turns":3.0},{"damage":9,"enemies":"Jaw Worm","floor":3,"turns":3},{"damage":0,"enemies":"Cultist","floor":5,"turns":3},{"damage":32,"enemies":"3 Sentries","floor":7,"turns":9},{"damage":14,"enemies":"3 Louse","floor":10,"turns":3},{"damage":4,"enemies":"Lots of Slimes","floor":11,"turns":5},{"damage":31,"enemies":"Gremlin Nob","floor":13,"turns":3}],"seed_played":"-6911882830338672803","potions_obtained":[{"floor":11,"key":"Venom Potion"}],"is_trial":false,"path_per_floor":["M","?","M","$","M","R","E","?","T","M","M","R","E"],"character_chosen":"DEFECT","items_purchased":[],"campfire_rested":2,"item_purchase_floors":[],"current_hp_per_floor":[63,45,36,36,36,57,25,25,25,11,7,28,0],"gold":114,"neow_bonus":"RANDOM_COLORLESS_2","is_prod":false,"is_daily":false,"chose_seed":false,"campfire_upgraded":0,"win_rate":0,"timestamp":1554268057,"path_taken":["M","?","M","$","M","R","E","?","T","M","M","R","E"],"build_version":"2019-01-23","purchased_purges":0,"victory":false,"max_hp_per_floor":[71,71,71,71,71,71,71,71,71,71,71,71,71],"card_choices":[{"not_picked":["Beam Cell","Sweeping Beam"],"picked":"Streamline","floor":1},{"not_picked":["Static Discharge","Conserve Battery"],"picked":"Streamline","floor":3},{"not_picked":["Redo","Sweeping Beam"],"picked":"Leap","floor":3},{"not_picked":["Rainbow","Hologram"],"picked":"Ball Lightning","floor":5},{"not_picked":["Turbo","ReplayTheSpireMod:Repulse","ReplayGash"],"picked":"SKIP","floor":5},{"not_picked":["Panic Button","Redo"],"picked":"ReplayTheSpireMod:Calculation Training","floor":7},{"not_picked":["Heatsinks","Rebound"],"picked":"Cold Snap","floor":10},{"not_picked":["Aggregate","Coolheaded"],"picked":"Chill","floor":10},{"not_picked":["Steam","Double Energy"],"picked":"Cold Snap","floor":11},{"not_picked":["Turbo","Hologram"],"picked":"Stack","floor":11}],"player_experience":880291,"relics_obtained":[{"floor":7,"key":"Ancient Bracer"},{"floor":9,"key":"ReplayTheSpireMod:Bottled Steam"}],"event_choices":[{"damage_healed":0,"gold_gain":0,"player_choice":"Success","damage_taken":18,"relics_obtained":["Prayer Wheel"],"max_hp_gain":0,"max_hp_loss":0,"event_name":"Scrap Ooze","floor":2,"gold_loss":0},{"damage_healed":0,"gold_gain":0,"player_choice":"Take Wound","damage_taken":0,"relics_obtained":["Golden Idol"],"max_hp_gain":0,"max_hp_loss":0,"event_name":"Golden Idol","floor":8,"gold_loss":0,"cards_obtained":["Injury"]}],"is_beta":false,"boss_relics":[],"items_purged_floors":[],"is_endless":false,"potions_floor_spawned":[11],"killed_by":"Gremlin Nob","ascension_level":19}