{"gold_per_floor":[117,131,131,142,153,153,169,169,169,169,189,189,205,205,205,306,306,326,343,343,363,386,386,386],"floor_reached":24,"playtime":1141,"items_purged":[],"score":209,"play_id":"26d1dbb3-d3ba-4419-b289-13755d73eaed","local_time":"20181029001428","is_ascension_mode":true,"campfire_choices":[{"data":"Uppercut","floor":6.0,"key":"SMITH"},{"data":"Forethought","floor":8.0,"key":"SMITH"},{"data":"Inflame","floor":10.0,"key":"SMITH"},{"data":"Flame Barrier","floor":12.0,"key":"SMITH"},{"data":"Blood for Blood","floor":15.0,"key":"SMITH"},{"data":"Feed","floor":23,"key":"SMITH"}],"neow_cost":"PERCENT_DAMAGE","seed_source_timestamp":0,"circlet_count":0,"master_deck":["Strike_R","Strike_R","Strike_R","Strike_R","Strike_R","Defend_R","Defend_R","Defend_R","Defend_R","Bash","Forethought+1","Good Instincts","Shrug It Off","Inflame+1","Seeing Red","Uppercut+1","Carnage","Flame Barrier+1","Blood for Blood+1","Parasite","Perfected Strike","Flame Barrier","Feed+1","Warcry","Headbutt","Body Slam","Pain","Pommel Strike"],"special_seed":0,"relics":["Burning Blood","Pen Nib","Bottled Tornado","Orrery","WarpedTongs","Juzu Bracelet"],"potions_floor_usage":[19,24],"damage_taken":[{"damage":2.0,"enemies":"Jaw Worm","floor":1.0,"turns":4.0},{"damage":0.0,"enemies":"Small Slimes","floor":2.0,"turns":4.0},{"damage":2.0,"enemies":"Cultist","floor":4.0,"turns":5.0},{"damage":0.0,"enemies":"Blue Slaver","floor":5.0,"turns":3.0},{"damage":10.0,"enemies":"Exordium Wildlife","floor":7.0,"turns":5.0},{"damage":21.0,"enemies":"Lots of Slimes","floor":11.0,"turns":4.0},{"damage":10.0,"enemies":"3 Louse","floor":13.0,"turns":3.0},{"damage":29.0,"enemies":"Slime Boss","floor":16.0,"turns":8.0},{"damage":24.0,"enemies":"Chosen","floor":18.0,"turns":5.0},{"damage":9,"enemies":"3 Byrds","floor":19,"turns":5},{"damage":48,"enemies":"Shelled Parasite and Fungi","floor":21,"turns":7},{"damage":24,"enemies":"Snake Plant","floor":24,"turns":4}],"seed_played":"7397535733311643348","potions_obtained":[{"floor":2.0,"key":"Ancient Potion"},{"floor":7.0,"key":"LiquidBronze"},{"floor":11.0,"key":"Strength Potion"},{"floor":13.0,"key":"Dexterity Potion"},{"floor":21,"key":"Ancient Potion"}],"is_trial":false,"path_per_floor":["M","M","?","M","M","R","M","R","T","R","M","R","M","?","R","B",null,"M","M","?","M","T","R"],"character_chosen":"IRONCLAD","items_purchased":[],"campfire_rested":0,"item_purchase_floors":[],"current_hp_per_floor":[60,66,59,63,69,69,65,65,65,65,50,50,46,66,66,43,80,62,62,62,20,20,20,0],"gold":386,"neow_bonus":"RANDOM_COLORLESS_2","is_prod":false,"is_daily":false,"chose_seed":false,"campfire_upgraded":6,"win_rate":0,"timestamp":1540790068,"path_taken":["M","M","?","M","M","R","?","R","T","R","M","R","M","?","R","BOSS","M","M","?","?","?","R","M"],"build_version":"2018-10-25v2","purchased_purges":0,"victory":false,"max_hp_per_floor":[80,80,80,80,80,80,80,80,80,80,80,80,80,80,80,80,80,80,83,83,83,83,83,83],"card_choices":[{"not_picked":["Iron Wave","Wild Strike"],"picked":"Shrug It Off","floor":1.0},{"not_picked":["Rupture","Pummel"],"picked":"Inflame","floor":2.0},{"not_picked":["Wild Strike","Havoc"],"picked":"Seeing Red","floor":4.0},{"not_picked":["Second Wind","Pummel"],"picked":"Uppercut","floor":5.0},{"not_picked":["Sentinel","Cleave"],"picked":"Carnage","floor":7.0},{"not_picked":["Dual Wield","Iron Wave"],"picked":"Flame Barrier","floor":11.0},{"not_picked":["Heavy Blade","Flex"],"picked":"Blood for Blood","floor":13.0},{"not_picked":["Armaments","Sword Boomerang"],"picked":"Perfected Strike","floor":17.0},{"not_picked":["Spot Weakness","True Grit"],"picked":"Flame Barrier","floor":17.0},{"not_picked":["Body Slam","Hemokinesis"],"picked":"Feed","floor":17.0},{"not_picked":["Armaments","Iron Wave"],"picked":"Warcry","floor":17.0},{"not_picked":["Wild Strike","Anger"],"picked":"Headbutt","floor":17.0},{"not_picked":["Twin Strike+1","Anger","Iron Wave"],"picked":"SKIP","floor":18.0},{"not_picked":["Carnage","Second Wind"],"picked":"Body Slam","floor":19},{"not_picked":["Anger","Disarm+1"],"picked":"Pommel Strike","floor":21}],"player_experience":215079,"relics_obtained":[{"floor":9.0,"key":"Bottled Tornado"},{"floor":22,"key":"Juzu Bracelet"}],"event_choices":[{"damage_healed":0.0,"max_hp_gain":0.0,"max_hp_loss":0.0,"gold_gain":0.0,"event_name":"Scrap Ooze","player_choice":"Success","floor":3.0,"gold_loss":0.0,"damage_taken":7.0,"relics_obtained":["Pen Nib"]},{"damage_healed":20.0,"max_hp_gain":0.0,"max_hp_loss":0.0,"gold_gain":0.0,"event_name":"Mushrooms","player_choice":"Healed and dodged fight","floor":14.0,"gold_loss":0.0,"damage_taken":0.0,"cards_obtained":["Parasite"]},{"damage_healed":0,"gold_gain":0,"player_choice":"Rummage","damage_taken":0,"relics_obtained":["WarpedTongs"],"max_hp_gain":0,"max_hp_loss":0,"event_name":"Accursed Blacksmith","floor":20,"gold_loss":0,"cards_obtained":["Pain"]}],"is_beta":false,"boss_relics":[{"not_picked":["Ectoplasm","Velvet Choker"],"picked":"Orrery"}],"items_purged_floors":[],"is_endless":false,"potions_floor_spawned":[2,7,11,13,18,21],"killed_by":"Snake Plant","ascension_level":2}