{"gold_per_floor":[113,125,140,140,65,65,100,100,100,126,137,147,182,193,193,298,298,312,212,229,245,255,268,268,268,347,365,397,397,422,432,432,527,527,543,347,357,357,357,17,17,28,28,28,76,76,0,11,11,11],"floor_reached":51,"playtime":7394,"items_purged":["Strike_B","Strike_B","Defend_B","Defend_B"],"score":835,"play_id":"6bebf286-35ce-42ab-be0f-6cce3461b5ce","local_time":"20190326224722","is_ascension_mode":true,"campfire_choices":[{"data":"Zap","floor":6,"key":"SMITH"},{"data":"Buffer","floor":15,"key":"SMITH"},{"data":"Loop","floor":24,"key":"SMITH"},{"data":"Self Repair","floor":29,"key":"SMITH"},{"data":"Echo Form","floor":32,"key":"SMITH"},{"data":"Static Discharge","floor":41,"key":"SMITH"},{"data":"Turbo","floor":44,"key":"SMITH"},{"data":"Electrodynamics","floor":46,"key":"SMITH"},{"data":"Dualcast","floor":49,"key":"SMITH"}],"neow_cost":"NONE","seed_source_timestamp":304179029465209,"circlet_count":0,"master_deck":["Strike_B","Defend_B","Defend_B","Zap+1","Dualcast+1","FTL","Turbo+1","Static Discharge+1","Self Repair+1","Steam+1","Leap+1","Buffer+1","Coolheaded+1","Echo Form+1","Loop+1","BootSequence+1","Coolheaded+1","Defragment+1","Conserve Battery+1","Amplify+1","Electrodynamics+1","Self Repair+1","Recycle+1","Tempest+1","FTL","FTL+1","Go for the Eyes+1"],"relics":["Cracked Core","Centennial Puzzle","Ancient Tea Set","Gremlin Horn","Toxic Egg 2","Cables","Coffee Dripper","Kunai","Oddly Smooth Stone","Bag of Preparation","Runic Pyramid","Anchor","The Courier","Nunchaku","Red Mask"],"potions_floor_usage":[10,10,10,13,18,22,50,50],"damage_taken":[{"damage":7,"enemies":"Small Slimes","floor":1,"turns":3},{"damage":0,"enemies":"2 Louse","floor":2,"turns":2},{"damage":0,"enemies":"Cultist","floor":3,"turns":3},{"damage":6,"enemies":"Lagavulin","floor":7,"turns":6},{"damage":11,"enemies":"Gremlin Nob","floor":10,"turns":3},{"damage":0,"enemies":"Large Slime","floor":11,"turns":4},{"damage":4,"enemies":"Red Slaver","floor":12,"turns":2},{"damage":5,"enemies":"3 Sentries","floor":13,"turns":7},{"damage":10,"enemies":"Exordium Wildlife","floor":14,"turns":3},{"damage":0,"enemies":"The Guardian","floor":16,"turns":13},{"damage":12,"enemies":"2 Thieves","floor":18,"turns":4},{"damage":0,"enemies":"Chosen","floor":20,"turns":8},{"damage":8,"enemies":"Snake Plant","floor":21,"turns":5},{"damage":18,"enemies":"3 Cultists","floor":22,"turns":5},{"damage":0,"enemies":"Centurion and Healer","floor":23,"turns":6},{"damage":2,"enemies":"Snecko","floor":27,"turns":6},{"damage":28,"enemies":"Gremlin Leader","floor":28,"turns":11},{"damage":4,"enemies":"Slavers","floor":30,"turns":9},{"damage":0,"enemies":"3 Cultists","floor":31,"turns":5},{"damage":0,"enemies":"Champ","floor":33,"turns":12},{"damage":0,"enemies":"3 Darklings","floor":35,"turns":3},{"damage":0,"enemies":"3 Shapes","floor":37,"turns":4},{"damage":0,"enemies":"3 Darklings","floor":42,"turns":3},{"damage":3,"enemies":"2 Orb Walkers","floor":45,"turns":4},{"damage":0,"enemies":"Jaw Worm Horde","floor":48,"turns":1},{"damage":13,"enemies":"Awakened One","floor":50,"turns":17}],"seed_played":"-7496246508294444431","potions_obtained":[{"floor":2,"key":"SteroidPotion"},{"floor":7,"key":"LiquidBronze"},{"floor":8,"key":"Regen Potion"},{"floor":8,"key":"Strength Potion"},{"floor":8,"key":"Strength Potion"},{"floor":12,"key":"Swift Potion"},{"floor":13,"key":"AttackPotion"},{"floor":20,"key":"Explosive Potion"},{"floor":28,"key":"Dexterity Potion"},{"floor":30,"key":"AttackPotion"},{"floor":35,"key":"Block Potion"},{"floor":45,"key":"GamblersBrew"}],"is_trial":false,"path_per_floor":["M","M","M","?","$","R","E","?","T","E","M","M","E","M","R","B",null,"M","$","M","M","M","M","R","?","T","M","E","R","E","M","R","B",null,"M","$","M","?","?","$","R","M","T","R","?","R","?","M","R","B",null],"character_chosen":"DEFECT","items_purchased":["Recycle+1","Anchor","FTL"],"campfire_rested":0,"item_purchase_floors":[36,40,40],"current_hp_per_floor":[68,68,68,61,61,61,55,55,55,53,60,63,65,62,62,69,75,70,70,75,74,63,70,70,63,63,68,54,54,60,75,75,75,75,75,75,75,75,71,71,71,71,71,71,71,71,71,71,71,58],"gold":11,"neow_bonus":"RANDOM_COMMON_RELIC","is_prod":false,"is_daily":false,"chose_seed":false,"campfire_upgraded":9,"win_rate":0,"timestamp":1553665642,"path_taken":["M","M","M","?","$","R","E","?","T","E","M","?","E","M","R","BOSS","M","$","M","M","M","M","R","?","T","M","E","R","E","?","R","BOSS","M","$","M","?","?","$","R","M","T","R","?","R","?","M","R","BOSS"],"build_version":"2019-01-23","purchased_purges":4,"victory":true,"max_hp_per_floor":[75,75,75,75,75,75,75,75,75,75,75,75,75,75,75,75,75,75,75,75,75,75,75,75,75,75,75,75,75,75,75,75,75,75,75,75,75,75,71,71,71,71,71,71,71,71,71,71,71,71],"card_choices":[{"not_picked":["Stack","Sweeping Beam"],"picked":"FTL","floor":1},{"not_picked":["Heatsinks","Aggregate"],"picked":"Turbo","floor":2},{"not_picked":["Force Field","Gash"],"picked":"Rip and Tear","floor":3},{"not_picked":["Chill","Coolheaded"],"picked":"Static Discharge","floor":7},{"not_picked":["Beam Cell","Auto Shields"],"picked":"Self Repair","floor":10},{"not_picked":["Stack+1","Go for the Eyes"],"picked":"Steam+1","floor":11},{"not_picked":["Auto Shields+1","Heatsinks"],"picked":"Leap+1","floor":12},{"not_picked":["Tempest+1","Leap+1"],"picked":"Buffer","floor":13},{"not_picked":["Gash","Skim+1"],"picked":"Coolheaded+1","floor":14},{"not_picked":["Core Surge","Meteor Strike"],"picked":"Echo Form","floor":16},{"not_picked":["Sunder","Rebound"],"picked":"Loop","floor":18},{"not_picked":["Heatsinks","Redo+1"],"picked":"BootSequence+1","floor":20},{"not_picked":["Scrape","Redo+1"],"picked":"Coolheaded+1","floor":21},{"not_picked":["Redo+1","Auto Shields+1"],"picked":"Defragment+1","floor":22},{"not_picked":["Genetic Algorithm+1","Redo+1","Beam Cell"],"picked":"SKIP","floor":23},{"not_picked":["Skim+1","Redo+1"],"picked":"Conserve Battery+1","floor":27},{"not_picked":["Ball Lightning","Hologram+1"],"picked":"Amplify+1","floor":28},{"not_picked":["Chill+1","Beam Cell","Steam+1"],"picked":"SKIP","floor":30},{"not_picked":["Cold Snap","Steam+1","Redo+1"],"picked":"SKIP","floor":31},{"not_picked":["Fission+1","Hyperbeam"],"picked":"Electrodynamics","floor":33},{"not_picked":["Compile Driver+1","Barrage+1"],"picked":"Self Repair+1","floor":35},{"not_picked":["Gash","Rebound"],"picked":"Tempest+1","floor":37},{"not_picked":["Beam Cell","Compile Driver+1"],"picked":"FTL+1","floor":42},{"not_picked":["Melter","Lockon+1"],"picked":"Go for the Eyes+1","floor":48}],"player_experience":204646,"relics_obtained":[{"floor":7,"key":"Ancient Tea Set"},{"floor":9,"key":"Gremlin Horn"},{"floor":10,"key":"Toxic Egg 2"},{"floor":13,"key":"Cables"},{"floor":26,"key":"Kunai"},{"floor":28,"key":"Oddly Smooth Stone"},{"floor":30,"key":"Bag of Preparation"},{"floor":43,"key":"The Courier"},{"floor":45,"key":"Nunchaku"}],"event_choices":[{"cards_removed":["Strike_B"],"damage_healed":0,"gold_gain":0,"player_choice":"Card Removal","damage_taken":7,"max_hp_gain":0,"max_hp_loss":0,"event_name":"Golden Wing","floor":4,"gold_loss":0},{"damage_healed":0,"gold_gain":0,"player_choice":"Got Potions","damage_taken":0,"max_hp_gain":0,"max_hp_loss":0,"event_name":"Lab","floor":8,"gold_loss":0},{"damage_healed":0,"gold_gain":0,"player_choice":"Damaged","damage_taken":7,"max_hp_gain":0,"max_hp_loss":0,"event_name":"Wheel of Change","floor":25,"gold_loss":0},{"cards_removed":["Rip and Tear"],"damage_healed":0,"gold_gain":0,"player_choice":"Removed Attack","damage_taken":0,"max_hp_gain":0,"max_hp_loss":0,"event_name":"Falling","floor":38,"gold_loss":0},{"damage_healed":0,"gold_gain":0,"player_choice":"Max HP","damage_taken":0,"max_hp_gain":0,"max_hp_loss":4,"event_name":"Winding Halls","floor":39,"gold_loss":0},{"damage_healed":0,"gold_gain":0,"player_choice":"Fight","damage_taken":0,"max_hp_gain":0,"max_hp_loss":0,"event_name":"Mysterious Sphere","floor":45,"gold_loss":0},{"damage_healed":0,"gold_gain":0,"player_choice":"Paid","damage_taken":0,"relics_obtained":["Red Mask"],"max_hp_gain":0,"max_hp_loss":0,"event_name":"Tomb of Lord Red Mask","floor":47,"gold_loss":76}],"is_beta":false,"boss_relics":[{"not_picked":["Runic Dome","Velvet Choker"],"picked":"Coffee Dripper"},{"not_picked":["Sozu","Busted Crown"],"picked":"Runic Pyramid"}],"items_purged_floors":[5,19,36,40],"is_endless":false,"potions_floor_spawned":[2,7,12,13,20,28,30,35,45],"ascension_level":2}