{"path_per_floor":["M","?","?","M","?","R","M","R","T","R","$","R","E","?","R","B",null,"M","M","?","M","?","R","M","$","T","E","R","?","R","E","R","B",null,"M","?","?","$","M","E","?","E","T","M","$","E","$"],"character_chosen":"DEFECT","items_purchased":["Shuriken","All For One","Ornamental Fan","Scrape"],"gold_per_floor":[114,114,114,129,129,129,141,141,141,141,66,66,101,101,101,203,203,213,227,227,242,242,242,258,4,4,38,38,38,38,71,71,174,174,193,193,193,53,65,395,395,429,429,439,91,118,38,38],"floor_reached":48,"campfire_rested":4,"playtime":1600,"item_purchase_floors":[25,38,45,47],"current_hp_per_floor":[68,68,68,61,46,46,46,68,68,68,68,68,52,45,67,31,64,60,60,60,26,26,48,39,39,39,17,39,64,64,73,73,47,68,60,60,51,51,75,58,58,46,46,68,68,27,27,0],"items_purged":["Strike_B","Strike_B+1"],"gold":38,"score":743,"play_id":"cb94954c-60d7-4ac0-9fc2-6d8bfd340cbf","local_time":"20180528134621","is_prod":false,"is_daily":false,"chose_seed":false,"is_ascension_mode":true,"campfire_upgraded":5,"win_rate":0,"timestamp":1527507981,"campfire_choices":[{"data":"Sunder","floor":6,"key":"SMITH"},{"floor":8,"key":"REST"},{"data":"Dualcast","floor":10,"key":"SMITH"},{"data":"Coolheaded","floor":12,"key":"SMITH"},{"floor":15,"key":"REST"},{"floor":23,"key":"REST"},{"floor":28,"key":"REST"},{"data":"Beam Cell","floor":30,"key":"SMITH"},{"data":"Defend_B","floor":32,"key":"SMITH"}],"path_taken":["M","?","?","M","?","R","M","R","T","R","$","R","E","?","R","BOSS","M","?","?","M","?","R","M","$","T","E","R","?","R","E","R","BOSS","M","?","?","?","M","E","?","E","T","M","$","E","$","E"],"build_version":"2018-05-27","seed_source_timestamp":35731287344145,"purchased_purges":2,"victory":false,"master_deck":["Defend_B+1","Defend_B","Defend_B","Defend_B","Zap+1","Dualcast+1","Sunder+1","FTL","Echo Form+1","Beam Cell+1","Defragment+1","Self Repair+1","Self Repair+1","Loop+1","Core Surge","Madness","Madness","All For One","Chill+1","BootSequence","Skim","Go for the Eyes","Glacier","Scrape"],"max_hp_per_floor":[75,75,75,75,75,75,75,75,75,75,75,75,75,75,75,75,75,75,75,75,75,75,75,75,75,75,75,75,75,75,75,75,75,75,75,75,75,75,75,75,75,75,75,75,75,75,75,75],"relics":["Cracked Core","Symbiotic Virus","Frozen Egg 2","Dodecahedron","Nuclear Battery","Vajra","Shuriken","Ice Cream","Juzu Bracelet","Bottled Lightning","White Beast Statue","Old Coin","Thread and Needle","Letter Opener","Ornamental Fan","Meat on the Bone"],"card_choices":[{"not_picked":["Rebound","Leap"],"picked":"Sunder","floor":1},{"not_picked":["Steam","Rebound"],"picked":"Coolheaded","floor":4},{"not_picked":["Coolheaded","Loop"],"picked":"FTL","floor":7},{"not_picked":["Lockon","Rebound","Blizzard"],"picked":"SKIP","floor":13},{"not_picked":["Machine Learning+1","Buffer+1"],"picked":"Echo Form+1","floor":16},{"not_picked":["Ball Lightning","Undo"],"picked":"Beam Cell","floor":18},{"not_picked":["Steam","Darkness","Barrage"],"picked":"SKIP","floor":19},{"not_picked":["Conserve Battery","Undo"],"picked":"Defragment+1","floor":21},{"not_picked":["Turbo","Streamline+1"],"picked":"Self Repair+1","floor":24},{"not_picked":["Chaos","Reprogram"],"picked":"Self Repair+1","floor":27},{"not_picked":["Chaos","Ball Lightning"],"picked":"Loop+1","floor":31},{"not_picked":["Echo Form+1","Hyperbeam"],"picked":"Core Surge","floor":33},{"not_picked":["Blizzard","Redo","Heatsinks+1"],"picked":"SKIP","floor":35},{"not_picked":["Reprogram+1","Steam"],"picked":"Chill+1","floor":39},{"not_picked":["Turbo+1","Cold Snap"],"picked":"BootSequence","floor":40},{"not_picked":["Reprogram","Cold Snap","Barrage"],"picked":"SKIP","floor":42},{"not_picked":["Beam Cell","Echo Form+1"],"picked":"Go for the Eyes","floor":44},{"not_picked":["Reprogram","Steam+1"],"picked":"Glacier","floor":46}],"player_experience":103324,"potions_floor_usage":[21,21,33,40,40,44,46,48],"damage_taken":[{"damage":0,"enemies":"2 Louse","floor":1,"turns":2},{"damage":7,"enemies":"Small Slimes","floor":4,"turns":2},{"damage":0,"enemies":"Jaw Worm","floor":7,"turns":2},{"damage":16,"enemies":"Lagavulin","floor":13,"turns":4},{"damage":36,"enemies":"Hexaghost","floor":16,"turns":9},{"damage":4,"enemies":"Spheric Guardian","floor":18,"turns":3},{"damage":0,"enemies":"Chosen","floor":19,"turns":3},{"damage":34,"enemies":"Snake Plant","floor":21,"turns":3},{"damage":9,"enemies":"3 Cultists","floor":24,"turns":4},{"damage":43,"enemies":"Slavers","floor":27,"turns":5},{"damage":21,"enemies":"Gremlin Leader","floor":31,"turns":6},{"damage":46,"enemies":"Automaton","floor":33,"turns":8},{"damage":38,"enemies":"3 Darklings","floor":35,"turns":6},{"damage":16,"enemies":"3 Shapes","floor":39,"turns":5},{"damage":37,"enemies":"Giant Head","floor":40,"turns":7},{"damage":42,"enemies":"Nemesis","floor":42,"turns":5},{"damage":13,"enemies":"Flame Bruiser 2 Orb","floor":44,"turns":6},{"damage":68,"enemies":"2 Orb Walkers","floor":46,"turns":6},{"damage":31,"enemies":"Nemesis","floor":48,"turns":4}],"relics_obtained":[{"floor":9,"key":"Frozen Egg 2"},{"floor":13,"key":"Dodecahedron"},{"floor":26,"key":"Ice Cream"},{"floor":27,"key":"Juzu Bracelet"},{"floor":31,"key":"Bottled Lightning"},{"floor":40,"key":"Old Coin"},{"floor":42,"key":"Thread and Needle"},{"floor":43,"key":"Letter Opener"},{"floor":46,"key":"Meat on the Bone"}],"event_choices":[{"event_name":"Big Fish","player_choice":"Box","floor":2,"damage_taken":0},{"event_name":"Living Wall","player_choice":"Forget","floor":3,"damage_taken":0},{"event_name":"Shining Light","player_choice":"Entered Light","floor":5,"damage_taken":0},{"event_name":"Golden Wing","player_choice":"Card Removal","floor":14,"damage_taken":0},{"event_name":"The Mausoleum","player_choice":"Yes","floor":20,"damage_taken":0},{"event_name":"The Lab","player_choice":"Got Potions","floor":22,"damage_taken":0},{"event_name":"The Library","player_choice":"Heal","floor":29,"damage_taken":0},{"event_name":"Winding Halls","player_choice":"Embrace Madness","floor":37,"damage_taken":0},{"event_name":"Transmorgrifier","player_choice":"Transform","floor":41,"damage_taken":0}],"boss_relics":[{"not_picked":["Lizard Tail","Ectoplasm"],"picked":"Nuclear Battery"},{"not_picked":["Runic Pyramid","Sozu"],"picked":"White Beast Statue"}],"items_purged_floors":[11,45],"potions_floor_spawned":[1,16,18,21,27,35,39,40,42,44,46],"seed_played":"-6220207616065651605","killed_by":"Nemesis","ascension_level":7,"potions_obtained":[{"floor":1,"key":"SpeedPotion"},{"floor":16,"key":"LiquidBronze"},{"floor":18,"key":"GamblersBrew"},{"floor":21,"key":"Weak Potion"},{"floor":22,"key":"FairyPotion"},{"floor":22,"key":"FairyPotion"},{"floor":27,"key":"Strength Potion"},{"floor":35,"key":"SpeedPotion"},{"floor":39,"key":"PowerPotion"},{"floor":40,"key":"SpeedPotion"},{"floor":42,"key":"Regen Potion"},{"floor":44,"key":"LiquidBronze"},{"floor":46,"key":"Swift Potion"}],"is_trial":false}