{"gold_per_floor":[114,176,176,26,41,41,71,71],"floor_reached":8,"playtime":221,"items_purged":[],"score":104,"play_id":"473ce94e-2e3e-4c9b-b5a2-38799df00a57","local_time":"20181126204259","daily_mods":["Shiny","Diverse","Elite Swarm"],"is_ascension_mode":false,"campfire_choices":[{"data":"Barricade","floor":6,"key":"SMITH"}],"neow_cost":"","seed_source_timestamp":850243994237611,"circlet_count":0,"master_deck":["Multi-Cast","Hyperbeam","Thunder Strike","Biased Cognition","Machine Learning+1","Electrodynamics","Buffer","Rainbow","Seek","Meteor Strike","Echo Form","All For One","Reboot","Amplify","Creative AI","Fission","Core Surge","Venomology","Corpse Explosion","Malaise","Phantasmal Killer","Die Die Die","Adrenaline","Envenom","Doppelganger","Burst","Wraith Form v2","Tools of the Trade","Night Terror","Unload","After Image","Bullet Time","Storm of Steel","Glass Knife","A Thousand Cuts","Grand Finale","Double Tap","Demon Form","Bludgeon","Feed","Limit Break","Barricade+1","Fiend Fire","Dark Embrace","Berserk","Impervious","Juggernaut","Brutality","Reaper","Exhume","Offering","Immolate","Shrug It Off","Noxious Fumes","Creative AI"],"special_seed":17862,"relics":["Cracked Core","Boot","Girya"],"potions_floor_usage":[],"damage_taken":[{"damage":11,"enemies":"Jaw Worm","floor":1,"turns":2},{"damage":0,"enemies":"Small Slimes","floor":5,"turns":3},{"damage":52,"enemies":"Gremlin Nob","floor":7,"turns":6},{"damage":19,"enemies":"Cultist","floor":8,"turns":4}],"seed_played":"1382297416292303872","potions_obtained":[{"floor":1,"key":"Explosive Potion"},{"floor":5,"key":"Weak Potion"}],"is_trial":false,"path_per_floor":["M","?","?","$","M","R","E","M"],"character_chosen":"DEFECT","items_purchased":["Boot"],"campfire_rested":0,"item_purchase_floors":[4],"current_hp_per_floor":[64,64,64,64,64,64,12,0],"gold":71,"neow_bonus":"","is_prod":false,"is_daily":true,"chose_seed":false,"campfire_upgraded":1,"win_rate":0.0,"timestamp":1543286579,"path_taken":["M","?","?","$","M","R","E","?"],"build_version":"2018-11-15","purchased_purges":0,"victory":false,"max_hp_per_floor":[75,75,75,75,75,75,75,75],"card_choices":[{"not_picked":["Seeing Red","Infernal Blade"],"picked":"Shrug It Off","floor":1},{"not_picked":["Cold Snap","Scrape"],"picked":"Noxious Fumes","floor":5},{"not_picked":["Juggernaut","Tools of the Trade"],"picked":"Creative AI","floor":7}],"player_experience":57719,"relics_obtained":[{"floor":7,"key":"Girya"}],"event_choices":[{"damage_healed":0,"gold_gain":62,"player_choice":"Gained Gold","damage_taken":0,"max_hp_gain":0,"max_hp_loss":0,"event_name":"Golden Wing","floor":2,"gold_loss":0},{"damage_healed":0,"gold_gain":0,"player_choice":"Upgraded","damage_taken":0,"max_hp_gain":0,"max_hp_loss":0,"event_name":"Upgrade Shrine","floor":3,"gold_loss":0,"cards_upgraded":["Machine Learning"]}],"is_beta":false,"boss_relics":[],"items_purged_floors":[],"is_endless":false,"potions_floor_spawned":[1,5],"killed_by":"Cultist","ascension_level":0}