{"gold_per_floor":[117,117,135,48,59,59,85,97,97,97,117,117,36,53,53,151,151,161,161,75,94,94,125,135,135,188,188,200,200,217,217,217,314,314,331,351,370,370],"floor_reached":38,"playtime":3959,"items_purged":[],"score":438,"play_id":"1f146e1a-365a-43ac-9023-e3c132f3a850","local_time":"20190308201848","is_ascension_mode":false,"campfire_choices":[{"floor":6.0,"key":"REST"},{"floor":10.0,"key":"REST"},{"floor":12.0,"key":"REST"},{"data":"Dagger Spray","floor":15.0,"key":"SMITH"},{"floor":25.0,"key":"REST"},{"floor":27.0,"key":"REST"},{"floor":29,"key":"REST"},{"floor":32,"key":"REST"}],"neow_cost":"NONE","seed_source_timestamp":0,"circlet_count":0,"master_deck":["Defend_G","Defend_G","Defend_G","Defend_G+1","Defend_G+1","Strike_G","Strike_G","Strike_G","Strike_G","Strike_G","Survivor","Neutralize","Quick Slash","Sucker Punch","Predator","Poisoned Stab","Blade Dance","Masterful Stab","Bane","Dagger Spray+1","Dash","Outmaneuver","Phantasmal Killer","Dagger Throw","Flying Knee","Infinite Blades","Well Laid Plans","Backstab+1","Quick Slash+1","Dagger Spray","Poisoned Stab","Wraith Form v2","Deflect+1","Acrobatics","Noxious Fumes+1"],"special_seed":0,"relics":["Ring of the Snake","StoneCalendar","Odd Mushroom","Matryoshka","Fusion Hammer","Strawberry","Mercury Hourglass","War Paint","Vajra","Blood Vial","Regal Pillow","White Beast Statue"],"potions_floor_usage":[33,33,33,37,37],"damage_taken":[{"damage":0.0,"enemies":"Cultist","floor":1.0,"turns":5.0},{"damage":0.0,"enemies":"Small Slimes","floor":3.0,"turns":3.0},{"damage":0.0,"enemies":"Jaw Worm","floor":5.0,"turns":3.0},{"damage":30.0,"enemies":"The Mushroom Lair","floor":7.0,"turns":6.0},{"damage":0.0,"enemies":"2 Fungi Beasts","floor":8.0,"turns":3.0},{"damage":0.0,"enemies":"3 Louse","floor":11.0,"turns":3.0},{"damage":2.0,"enemies":"Looter","floor":14.0,"turns":4.0},{"damage":40.0,"enemies":"The Guardian","floor":16.0,"turns":8.0},{"damage":9.0,"enemies":"Chosen","floor":18.0,"turns":5.0},{"damage":0.0,"enemies":"Spheric Guardian","floor":21.0,"turns":3.0},{"damage":24.0,"enemies":"Gremlin Leader","floor":23.0,"turns":7.0},{"damage":3.0,"enemies":"Snake Plant","floor":24.0,"turns":3.0},{"damage":8,"enemies":"Cultist and Chosen","floor":28,"turns":6},{"damage":4,"enemies":"Sentry and Sphere","floor":30,"turns":3},{"damage":52,"enemies":"Champ","floor":33,"turns":10},{"damage":29,"enemies":"3 Darklings","floor":35,"turns":6},{"damage":15,"enemies":"3 Shapes","floor":36,"turns":3},{"damage":14,"enemies":"3 Darklings","floor":37,"turns":4},{"damage":40,"enemies":"Sphere and 2 Shapes","floor":38,"turns":3}],"seed_played":"8203008380931089887","potions_obtained":[{"floor":3.0,"key":"Explosive Potion"},{"floor":5.0,"key":"Dexterity Potion"},{"floor":14.0,"key":"LiquidBronze"},{"floor":16.0,"key":"Explosive Potion"},{"floor":21.0,"key":"SkillPotion"},{"floor":24.0,"key":"SteroidPotion"},{"floor":28,"key":"Poison Potion"},{"floor":35,"key":"Fruit Juice"},{"floor":36,"key":"Energy Potion"},{"floor":37,"key":"Strength Potion"}],"is_trial":false,"path_per_floor":["?","?","?","M","T","?"],"character_chosen":"THE_SILENT","items_purchased":["Predator","Poisoned Stab","Dash","Flying Knee","Infinite Blades"],"campfire_rested":7,"item_purchase_floors":[4,4,13,20,20],"current_hp_per_floor":[77,59,59,59,59,77,47,47,47,70,70,77,77,75,75,35,77,68,54,54,54,61,37,34,59,59,84,76,84,80,80,84,32,84,55,42,35,0],"gold":370,"neow_bonus":"TEN_PERCENT_HP_BONUS","is_prod":false,"is_daily":false,"chose_seed":false,"campfire_upgraded":1,"win_rate":0.0,"timestamp":1552072728,"path_taken":["M","?","M","$","M","R","?","M","T","R","M","R","$","M","R","BOSS","M","?","$","?","?","E","M","R","T","R","M","R","M","?","R","BOSS","M","M","M","M"],"build_version":"2019-01-23","purchased_purges":0,"victory":false,"max_hp_per_floor":[77,77,77,77,77,77,77,77,77,77,77,77,77,77,77,77,77,77,77,77,77,84,84,84,84,84,84,84,84,84,84,84,84,84,84,84,89,89],"card_choices":[{"not_picked":["Endless Agony","Escape Plan"],"picked":"Quick Slash","floor":1.0},{"not_picked":["Flechettes","Bane"],"picked":"Sucker Punch","floor":3.0},{"not_picked":["Sucker Punch","Finisher"],"picked":"Blade Dance","floor":5.0},{"not_picked":["Terror","Blade Dance"],"picked":"Masterful Stab","floor":7.0},{"not_picked":["Dagger Throw","Doppelganger"],"picked":"Bane","floor":8.0},{"not_picked":["Underhanded Strike","Outmaneuver"],"picked":"Dagger Spray","floor":11.0},{"not_picked":["Expertise","Underhanded Strike"],"picked":"Outmaneuver","floor":14.0},{"not_picked":["Venomology","Die Die Die"],"picked":"Phantasmal Killer","floor":16.0},{"not_picked":["PiercingWail","Crippling Poison"],"picked":"Dagger Throw","floor":18.0},{"not_picked":["Underhanded Strike","Calculated Gamble"],"picked":"Well Laid Plans","floor":21.0},{"not_picked":["Bane+1","Dagger Spray"],"picked":"Backstab+1","floor":23.0},{"not_picked":["Backstab","Dagger Throw"],"picked":"Quick Slash+1","floor":24.0},{"not_picked":["Flying Knee","Well Laid Plans"],"picked":"Dagger Spray","floor":28},{"not_picked":["Flying Knee","Deadly Poison"],"picked":"Poisoned Stab","floor":30},{"not_picked":["Burst","Glass Knife"],"picked":"Wraith Form v2","floor":33},{"not_picked":["Dodge and Roll","Skewer"],"picked":"Deflect+1","floor":35},{"not_picked":["Quick Slash","Calculated Gamble+1"],"picked":"Acrobatics","floor":36},{"not_picked":["Dodge and Roll+1","Envenom"],"picked":"Noxious Fumes+1","floor":37}],"player_experience":18471,"relics_obtained":[{"floor":7.0,"key":"Odd Mushroom"},{"floor":9.0,"key":"Matryoshka"},{"floor":22.0,"key":"Strawberry"},{"floor":22.0,"key":"Mercury Hourglass"},{"floor":23.0,"key":"War Paint"},{"floor":26.0,"key":"Vajra"},{"floor":26.0,"key":"Blood Vial"}],"event_choices":[{"damage_healed":0.0,"max_hp_gain":0.0,"max_hp_loss":0.0,"gold_gain":0.0,"event_name":"Scrap Ooze","player_choice":"Success","floor":2.0,"gold_loss":0.0,"damage_taken":18.0,"relics_obtained":["StoneCalendar"]},{"damage_healed":0.0,"max_hp_gain":0.0,"max_hp_loss":0.0,"gold_gain":0.0,"event_name":"Mushrooms","player_choice":"Fought Mushrooms","floor":7.0,"gold_loss":0.0,"damage_taken":0.0},{"damage_healed":0.0,"max_hp_gain":0.0,"max_hp_loss":0.0,"gold_gain":0.0,"event_name":"Knowing Skull","player_choice":"POTION ","floor":19.0,"potions_obtained":["Ancient Potion"],"gold_loss":0.0,"damage_taken":14.0,"cards_obtained":[]},{"damage_healed":0,"gold_gain":0,"player_choice":"Opened","damage_taken":0,"relics_obtained":["Regal Pillow"],"max_hp_gain":0,"max_hp_loss":0,"event_name":"The Mausoleum","floor":31,"gold_loss":0}],"is_beta":false,"boss_relics":[{"not_picked":["Ectoplasm","Eternal Feather"],"picked":"Fusion Hammer"},{"not_picked":["HoveringKite","Sozu"],"picked":"White Beast Statue"}],"items_purged_floors":[],"is_endless":false,"potions_floor_spawned":[3,5,14,16,21,24,28,35,36,37],"killed_by":"Sphere and 2 Shapes","ascension_level":0}