{"gold_per_floor":[118,138,150,162,132,157,232,232,259,273,305,318,318],"floor_reached":13,"playtime":713,"items_purged":[],"score":132,"play_id":"fd83f54e-d151-4745-9381-9c541ef5317c","local_time":"20181025013148","is_ascension_mode":true,"campfire_choices":[],"neow_cost":"CURSE","seed_source_timestamp":94142276229208,"circlet_count":0,"master_deck":["Strike_R","Strike_R","Strike_R","Strike_R","Strike_R","Defend_R","Defend_R","Defend_R","Defend_R","Bash","Pain","Feed","Infernal Blade","Inflame","Flame Barrier","Blood for Blood","Regret","Inflame","Pummel"],"relics":["Burning Blood","Boot","Potion Belt","Bag of Preparation","Pen Nib"],"potions_floor_usage":[6,11,11,11,13],"damage_taken":[{"damage":19,"enemies":"Jaw Worm","floor":1,"turns":4},{"damage":8,"enemies":"Cultist","floor":2,"turns":4},{"damage":11,"enemies":"Small Slimes","floor":3,"turns":3},{"damage":17,"enemies":"Exordium Wildlife","floor":4,"turns":5},{"damage":14,"enemies":"Gremlin Nob","floor":6,"turns":4},{"damage":27,"enemies":"3 Louse","floor":10,"turns":5},{"damage":12,"enemies":"Lagavulin","floor":11,"turns":5},{"damage":27,"enemies":"Gremlin Gang","floor":12,"turns":5},{"damage":12,"enemies":"2 Fungi Beasts","floor":13,"turns":3}],"seed_played":"-2213746028850479297","potions_obtained":[{"floor":4,"key":"FearPotion"},{"floor":5,"key":"AttackPotion"},{"floor":5,"key":"SneckoOil"},{"floor":10,"key":"BloodPotion"},{"floor":12,"key":"SneckoOil"}],"is_trial":false,"path_per_floor":["M","M","M","M","?","E","?","?","T","M","E","M"],"character_chosen":"IRONCLAD","items_purchased":[],"campfire_rested":0,"item_purchase_floors":[],"current_hp_per_floor":[70,71,69,61,61,53,42,42,42,24,30,12,0],"gold":318,"neow_bonus":"THREE_RARE_CARDS","is_prod":false,"is_daily":false,"chose_seed":false,"campfire_upgraded":0,"win_rate":0,"timestamp":1540449108,"path_taken":["M","M","M","M","?","E","?","?","T","M","E","M","M"],"build_version":"2018-10-18","purchased_purges":0,"victory":false,"max_hp_per_floor":[83,86,89,92,92,92,92,92,92,95,98,101,101],"card_choices":[{"not_picked":["Immolate","Barricade"],"picked":"Feed","floor":0},{"not_picked":["Armaments","Body Slam"],"picked":"Infernal Blade","floor":1},{"not_picked":["Thunderclap","Twin Strike","Sword Boomerang"],"picked":"SKIP","floor":2},{"not_picked":["Havoc","Blood for Blood"],"picked":"Inflame","floor":3},{"not_picked":["Cleave","Clothesline"],"picked":"Flame Barrier","floor":4},{"not_picked":["Rage","Body Slam"],"picked":"Blood for Blood","floor":6},{"not_picked":["Iron Wave","Headbutt"],"picked":"Inflame","floor":10},{"not_picked":["Evolve","Perfected Strike","Limit Break"],"picked":"SKIP","floor":11},{"not_picked":["Perfected Strike","Corruption"],"picked":"Pummel","floor":12}],"player_experience":191108,"relics_obtained":[{"floor":6,"key":"Boot"},{"floor":9,"key":"Bag of Preparation"},{"floor":11,"key":"Pen Nib"}],"event_choices":[{"damage_healed":0,"gold_gain":0,"player_choice":"Bought 2 Potions","damage_taken":0,"max_hp_gain":0,"max_hp_loss":0,"event_name":"The Woman in Blue","floor":5,"gold_loss":0},{"damage_healed":0,"gold_gain":75,"player_choice":"Gather Gold","damage_taken":11,"max_hp_gain":0,"max_hp_loss":0,"event_name":"World of Goop","floor":7,"gold_loss":0},{"damage_healed":0,"gold_gain":0,"player_choice":"Box","damage_taken":0,"relics_obtained":["Potion Belt"],"max_hp_gain":0,"max_hp_loss":0,"event_name":"Big Fish","floor":8,"gold_loss":0,"cards_obtained":["Regret"]}],"is_beta":false,"boss_relics":[],"items_purged_floors":[],"is_endless":false,"potions_floor_spawned":[4,10,12],"killed_by":"2 Fungi Beasts","ascension_level":2}