{"gold_per_floor":[117,66,16,16,36,36,69,88,88,128,128,148,173,204,204,332,332,352,451,2,0,18,18,43,43],"floor_reached":25,"playtime":992,"items_purged":["Amplify"],"score":268,"play_id":"3a15114e-7329-4b85-9b16-7eb8c89f7dbf","local_time":"20181025115334","is_ascension_mode":true,"campfire_choices":[{"data":"Zap","floor":6,"key":"SMITH"},{"data":"Genetic Algorithm","floor":15,"key":"SMITH"},{"data":"Mayhem","floor":23,"key":"SMITH"}],"neow_cost":"NONE","seed_source_timestamp":131167885087003,"circlet_count":0,"master_deck":["Strike_B","Strike_B","Strike_B","Strike_B","Defend_B","Defend_B","Defend_B","Defend_B","Zap+1","Ball Lightning","Hologram","Scrape","Rebound","Chill","Coolheaded","Loop","Genetic Algorithm+1","Rainbow","Hello World","Mayhem+1"],"relics":["Cracked Core","NeowsBlessing","Golden Idol","Question Card","Cables","Potion Belt","Lantern","Inserter","PrismaticShard","Omamori"],"potions_floor_usage":[12,14,16,18,22],"damage_taken":[{"damage":0,"enemies":"Jaw Worm","floor":1,"turns":1},{"damage":0,"enemies":"2 Louse","floor":5,"turns":1},{"damage":0,"enemies":"3 Sentries","floor":7,"turns":1},{"damage":1,"enemies":"Cultist","floor":8,"turns":3},{"damage":3,"enemies":"Gremlin Nob","floor":10,"turns":3},{"damage":1,"enemies":"Exordium Thugs","floor":12,"turns":2},{"damage":11,"enemies":"Looter","floor":13,"turns":2},{"damage":18,"enemies":"3 Sentries","floor":14,"turns":6},{"damage":45,"enemies":"The Guardian","floor":16,"turns":10},{"damage":32,"enemies":"2 Thieves","floor":18,"turns":4},{"damage":14,"enemies":"Chosen","floor":22,"turns":4},{"damage":29,"enemies":"Snake Plant","floor":25,"turns":2}],"seed_played":"-6102919903448604403","potions_obtained":[{"floor":1,"key":"Regen Potion"},{"floor":7,"key":"Explosive Potion"},{"floor":14,"key":"Block Potion"},{"floor":16,"key":"Fire Potion"},{"floor":18,"key":"Poison Potion"}],"is_trial":false,"path_per_floor":["M","$","?","?","M","R","E","M","T","E","$","M","M","E","R","B",null,"M","?","$","?","M","R","T"],"character_chosen":"DEFECT","items_purchased":["Hologram","Mayhem","PrismaticShard"],"campfire_rested":0,"item_purchase_floors":[2,20,20],"current_hp_per_floor":[75,75,75,69,69,69,69,68,68,65,65,64,53,49,49,4,69,37,37,37,37,23,23,23,0],"gold":43,"neow_bonus":"THREE_ENEMY_KILL","is_prod":false,"is_daily":false,"chose_seed":false,"campfire_upgraded":3,"win_rate":0,"timestamp":1540486414,"path_taken":["M","$","?","?","?","R","E","M","T","E","?","M","M","E","R","BOSS","M","?","$","?","M","R","?","M"],"build_version":"2018-10-18","purchased_purges":1,"victory":false,"max_hp_per_floor":[75,75,75,69,69,69,69,69,69,69,69,69,69,69,69,69,69,69,69,69,69,69,69,69,69],"card_choices":[{"not_picked":["Rip and Tear","Conserve Battery"],"picked":"Ball Lightning","floor":1},{"not_picked":["Defragment","Beam Cell"],"picked":"Scrape","floor":5},{"not_picked":["Heatsinks","Melter"],"picked":"Amplify","floor":7},{"not_picked":["Streamline","Aggregate","Hologram"],"picked":"Rebound","floor":8},{"not_picked":["Rip and Tear","Streamline","Doom and Gloom"],"picked":"Chill","floor":10},{"not_picked":["Rip and Tear","Defragment","Reprogram"],"picked":"Coolheaded","floor":12},{"not_picked":["Consume","Gash","Steam"],"picked":"Loop","floor":13},{"not_picked":["Streamline","Leap","Barrage"],"picked":"Genetic Algorithm","floor":14},{"not_picked":["Multi-Cast","Biased Cognition","Buffer"],"picked":"Rainbow","floor":16},{"not_picked":["Conserve Battery","Undo","Leap"],"picked":"Hello World","floor":18},{"not_picked":["Fusion","Slice","Ball Lightning","Twin Strike"],"picked":"SKIP","floor":22}],"player_experience":196349,"relics_obtained":[{"floor":7,"key":"Question Card"},{"floor":9,"key":"Cables"},{"floor":10,"key":"Potion Belt"},{"floor":14,"key":"Lantern"},{"floor":24,"key":"Omamori"}],"event_choices":[{"cards_removed":["Dualcast"],"damage_healed":0,"gold_gain":0,"player_choice":"Card Removal","damage_taken":0,"max_hp_gain":0,"max_hp_loss":0,"event_name":"The Cleric","floor":3,"gold_loss":50},{"damage_healed":0,"gold_gain":0,"player_choice":"Lose Max HP","damage_taken":0,"relics_obtained":["Golden Idol"],"max_hp_gain":0,"max_hp_loss":6,"event_name":"Golden Idol","floor":4,"gold_loss":0},{"damage_healed":0,"gold_gain":99,"player_choice":"Stole From Cult","damage_taken":0,"max_hp_gain":0,"max_hp_loss":0,"event_name":"Nest","floor":19,"gold_loss":0},{"damage_healed":0,"gold_gain":0,"player_choice":"Paid Fearfully","damage_taken":0,"max_hp_gain":0,"max_hp_loss":0,"event_name":"Masked Bandits","floor":21,"gold_loss":2}],"is_beta":false,"boss_relics":[{"not_picked":["Orrery","Runic Pyramid"],"picked":"Inserter"}],"items_purged_floors":[20],"is_endless":false,"potions_floor_spawned":[1,7,14,16,18],"killed_by":"Snake Plant","ascension_level":2}