{"gold_per_floor":[116,127,142,217,33,33,53,82,107,107,17,35,35,66,66,145,145,157,157,157,157,169,169,39,39],"floor_reached":25,"playtime":1035,"items_purged":["Streamline+1"],"score":376,"play_id":"09361a22-030b-4a01-8eba-f60619432659","local_time":"20190315234329","is_ascension_mode":true,"campfire_choices":[{"floor":6.0,"key":"REST"},{"floor":10.0,"key":"REST"},{"floor":13,"key":"REST"},{"floor":15,"key":"REST"},{"floor":23,"key":"REST"}],"neow_cost":"NONE","seed_source_timestamp":256825961908196,"circlet_count":0,"master_deck":["AscendersBane","Defend_B","Defend_B","Defend_B","Defend_B","Zap","Dualcast","Genetic Algorithm","Defragment","Cold Snap","The Bomb","Hello World","Capacitor","Chill","Creative AI","Core Surge+1","Loop+1","FTL","Genetic Algorithm","Stack"],"special_seed":0,"relics":["Eternal Feather","Lantern","Juzu Bracelet","Happy Flower","Astrolabe"],"potions_floor_usage":[12,14,25],"damage_taken":[{"damage":1.0,"enemies":"Cultist","floor":1.0,"turns":4.0},{"damage":14.0,"enemies":"Small Slimes","floor":2.0,"turns":4.0},{"damage":13.0,"enemies":"Jaw Worm","floor":3.0,"turns":5.0},{"damage":5.0,"enemies":"Lots of Slimes","floor":7.0,"turns":3.0},{"damage":18.0,"enemies":"3 Sentries","floor":8.0,"turns":3.0},{"damage":17,"enemies":"Red Slaver","floor":12,"turns":4},{"damage":57,"enemies":"Gremlin Nob","floor":14,"turns":5},{"damage":31,"enemies":"The Guardian","floor":16,"turns":12},{"damage":24,"enemies":"Spheric Guardian","floor":18,"turns":6},{"damage":3,"enemies":"3 Byrds","floor":22,"turns":5},{"damage":65,"enemies":"Book of Stabbing","floor":25,"turns":7}],"seed_played":"318735942442277263","potions_obtained":[{"floor":2.0,"key":"Explosive Potion"},{"floor":3.0,"key":"PowerPotion"},{"floor":7.0,"key":"Swift Potion"},{"floor":8.0,"key":"AttackPotion"},{"floor":22,"key":"FearPotion"}],"is_trial":false,"path_per_floor":["M","M","M","?","$","R","M","E","T","R","$","M","R","E","R","B",null,"M","?","?","?","M","R","$","E"],"character_chosen":"DEFECT","items_purchased":["The Bomb","Capacitor","AttackPotion"],"campfire_rested":5,"item_purchase_floors":[5,11,24],"current_hp_per_floor":[63,49,36,25,25,55,50,32,32,62,62,45,71,14,44,13,57,33,33,33,33,30,63,63,0],"gold":39,"neow_bonus":"BOSS_RELIC","is_prod":false,"is_daily":false,"chose_seed":false,"campfire_upgraded":0,"win_rate":0,"timestamp":1552711409,"path_taken":["M","M","M","?","$","R","M","E","T","R","$","M","R","E","R","BOSS","M","?","?","?","M","R","$","E"],"build_version":"2019-01-23","purchased_purges":1,"victory":false,"max_hp_per_floor":[71,71,71,71,71,71,71,71,71,71,71,71,71,71,71,71,71,71,71,71,71,71,71,71,71],"card_choices":[{"not_picked":["Go for the Eyes","Double Energy"],"picked":"Genetic Algorithm","floor":1.0},{"not_picked":["Go for the Eyes","Undo"],"picked":"Defragment","floor":2.0},{"not_picked":["Hologram","Turbo"],"picked":"Cold Snap","floor":3.0},{"not_picked":["Lockon","Chaos","Aggregate"],"picked":"SKIP","floor":7.0},{"not_picked":["Static Discharge","Turbo"],"picked":"Hello World","floor":8.0},{"not_picked":["Chaos","Streamline"],"picked":"Chill","floor":12},{"not_picked":["Sunder","Beam Cell","Heatsinks"],"picked":"SKIP","floor":14},{"not_picked":["Rainbow","Biased Cognition"],"picked":"Creative AI","floor":16},{"not_picked":["Consume","Sweeping Beam"],"picked":"FTL","floor":18},{"not_picked":["Gash","Genetic Algorithm"],"picked":"Stack","floor":22}],"player_experience":727870,"relics_obtained":[{"floor":8.0,"key":"Lantern"},{"floor":9.0,"key":"Juzu Bracelet"},{"floor":14,"key":"Happy Flower"}],"event_choices":[{"damage_healed":0.0,"max_hp_gain":0.0,"max_hp_loss":0.0,"gold_gain":75.0,"event_name":"World of Goop","player_choice":"Gather Gold","floor":4.0,"gold_loss":0.0,"damage_taken":11.0},{"damage_healed":0,"gold_gain":0,"player_choice":"Ignored","damage_taken":0,"max_hp_gain":0,"max_hp_loss":0,"event_name":"Cursed Tome","floor":19,"gold_loss":0},{"damage_healed":0,"gold_gain":0,"player_choice":"Copied","damage_taken":0,"max_hp_gain":0,"max_hp_loss":0,"event_name":"Duplicator","floor":20,"gold_loss":0,"cards_obtained":["Genetic Algorithm"]},{"cards_removed":["Strike_B"],"damage_healed":0,"gold_gain":0,"player_choice":"Purged","damage_taken":0,"max_hp_gain":0,"max_hp_loss":0,"event_name":"Purifier","floor":21,"gold_loss":0}],"is_beta":false,"boss_relics":[{"not_picked":["Pandora\u0027s Box","Lizard Tail"],"picked":"Astrolabe"}],"items_purged_floors":[24],"is_endless":false,"potions_floor_spawned":[2,3,7,8,22],"killed_by":"Book of Stabbing","ascension_level":16}