{"gold_per_floor":[113,113,38,53,71,101,116,131,213,313,326,326,102,119,119,216,216,228,248,261,3,3,3,36,36,36,36,18,18,18,31,31,31],"floor_reached":33,"playtime":1562,"items_purged":["Zap","Defend_B"],"score":267,"play_id":"52224bfa-11fb-45be-a427-7a1e28545438","local_time":"20190406162649","is_ascension_mode":false,"campfire_choices":[{"floor":12,"key":"REST"},{"floor":15,"key":"REST"},{"floor":23,"key":"REST"},{"floor":25,"key":"RECALL"},{"data":"Conserve Battery","floor":27,"key":"SMITH"},{"floor":30,"key":"REST"},{"floor":32,"key":"REST"}],"neow_cost":"NONE","seed_source_timestamp":80067588331990,"circlet_count":0,"master_deck":["Strike_B","Defend_B","Defend_B","Defend_B","Ball Lightning","Static Discharge","Cold Snap","Conserve Battery","Conserve Battery+1","Blizzard","Core Surge","Heatsinks+1","Seek+1","Steam Power+1","Consume+1","Conserve Battery","Ball Lightning","Defragment"],"relics":["Cracked Core","NeowsBlessing","Shuriken","Bottled Tornado","Astrolabe","Membership Card","Ice Cream"],"potions_floor_usage":[6,14,16,19,24,24,24,33],"damage_taken":[{"damage":0,"enemies":"Jaw Worm","floor":1,"turns":1},{"damage":0,"enemies":"2 Louse","floor":4,"turns":1},{"damage":0,"enemies":"Cultist","floor":5,"turns":1},{"damage":30,"enemies":"Lagavulin","floor":6,"turns":6},{"damage":8,"enemies":"Red Slaver","floor":7,"turns":5},{"damage":8,"enemies":"2 Fungi Beasts","floor":8,"turns":3},{"damage":5,"enemies":"Blue Slaver","floor":11,"turns":3},{"damage":0,"enemies":"3 Louse","floor":14,"turns":3},{"damage":44,"enemies":"The Guardian","floor":16,"turns":13},{"damage":12,"enemies":"3 Byrds","floor":18,"turns":4},{"damage":10,"enemies":"Chosen","floor":19,"turns":6},{"damage":4,"enemies":"Centurion and Healer","floor":20,"turns":12},{"damage":16,"enemies":"Book of Stabbing","floor":24,"turns":6},{"damage":21,"enemies":"Colosseum Slavers","floor":29,"turns":5},{"damage":19,"enemies":"Shelled Parasite and Fungi","floor":31,"turns":8},{"damage":69,"enemies":"Champ","floor":33,"turns":10}],"seed_played":"-7810191821578114177","potions_obtained":[{"floor":5,"key":"Ancient Potion"},{"floor":8,"key":"Weak Potion"},{"floor":14,"key":"Regen Potion"},{"floor":19,"key":"Ancient Potion"},{"floor":20,"key":"Dexterity Potion"},{"floor":31,"key":"PowerPotion"}],"is_trial":false,"path_per_floor":["M","?","$","M","M","E","M","M","T","?","M","R","$","M","R","B",null,"M","M","M","$","?","R","E","R","T","R","$","?","R","M","R","B"],"character_chosen":"DEFECT","items_purchased":["Blizzard","PowerPotion","Membership Card","Explosive Potion","Ball Lightning","Defragment"],"campfire_rested":5,"item_purchase_floors":[13,13,21,21,21,28],"current_hp_per_floor":[75,68,68,68,68,38,30,22,22,22,17,39,39,39,61,32,75,63,53,49,49,49,71,55,55,55,55,55,34,56,37,59,0],"gold":31,"neow_bonus":"THREE_ENEMY_KILL","is_prod":false,"is_daily":false,"chose_seed":false,"campfire_upgraded":1,"win_rate":0,"timestamp":1554593209,"path_taken":["M","?","$","M","M","E","M","M","T","?","?","R","?","M","R","BOSS","M","M","M","$","?","R","E","R","T","R","$","?","R","M","R","BOSS"],"build_version":"2019-01-23","purchased_purges":2,"victory":false,"max_hp_per_floor":[75,75,75,75,75,75,75,75,75,75,75,75,75,75,75,75,75,75,75,75,75,75,75,75,75,75,75,75,75,75,75,75,75],"card_choices":[{"not_picked":["Turbo","Fusion","Aggregate"],"picked":"SKIP","floor":1},{"not_picked":["Double Energy","White Noise"],"picked":"Ball Lightning","floor":4},{"not_picked":["Scrape","Stack","Compile Driver"],"picked":"SKIP","floor":5},{"not_picked":["BootSequence","Heatsinks"],"picked":"Static Discharge","floor":6},{"not_picked":["Redo","Rebound"],"picked":"Cold Snap","floor":7},{"not_picked":["Reinforced Body","Fusion"],"picked":"Conserve Battery","floor":8},{"not_picked":["Redo","Fusion"],"picked":"Conserve Battery","floor":11},{"not_picked":["Doom and Gloom","Steam","Barrage"],"picked":"SKIP","floor":14},{"not_picked":["All For One","Creative AI"],"picked":"Core Surge","floor":16},{"not_picked":["Reprogram","Melter+1"],"picked":"Consume+1","floor":18},{"not_picked":["Conserve Battery","Go for the Eyes","Compile Driver+1"],"picked":"SKIP","floor":19},{"not_picked":["Go for the Eyes","Compile Driver+1"],"picked":"Conserve Battery","floor":19},{"not_picked":["Darkness","Beam Cell","Go for the Eyes"],"picked":"SKIP","floor":20},{"not_picked":["Reprogram","Turbo","Machine Learning"],"picked":"SKIP","floor":24},{"not_picked":["Beam Cell+1","Leap+1","Redo+1"],"picked":"SKIP","floor":31}],"player_experience":302994,"relics_obtained":[{"floor":6,"key":"Shuriken"},{"floor":9,"key":"Bottled Tornado"},{"floor":24,"key":"Ice Cream"}],"event_choices":[{"cards_removed":["Dualcast"],"damage_healed":0,"gold_gain":0,"player_choice":"Card Removal","damage_taken":7,"max_hp_gain":0,"max_hp_loss":0,"event_name":"Golden Wing","floor":2,"gold_loss":0},{"damage_healed":0,"gold_gain":100,"player_choice":"Pray","damage_taken":0,"max_hp_gain":0,"max_hp_loss":0,"event_name":"Golden Shrine","floor":10,"gold_loss":0},{"damage_healed":0,"gold_gain":0,"player_choice":"Fight","damage_taken":0,"max_hp_gain":0,"max_hp_loss":0,"event_name":"Colosseum","floor":29,"gold_loss":0},{"damage_healed":0,"gold_gain":0,"player_choice":"Fled From Nobs","damage_taken":0,"max_hp_gain":0,"max_hp_loss":0,"event_name":"Colosseum","floor":29,"gold_loss":0}],"is_beta":false,"boss_relics":[{"not_picked":["Sozu","Lizard Tail"],"picked":"Astrolabe"}],"items_purged_floors":[3,13],"is_endless":false,"potions_floor_spawned":[5,8,14,19,20,31],"killed_by":"Champ","ascension_level":0}