{"gold_per_floor":[113,129,145,157,157,191,206,206,206,218,218,248,265,278,278,278],"floor_reached":16,"playtime":672,"items_purged":[],"score":147,"play_id":"0f84c3b7-3645-49ba-af83-a085a7f4ee37","local_time":"20190313000719","is_ascension_mode":true,"campfire_choices":[{"data":"Dagger Spray","floor":8,"key":"SMITH"},{"data":"Footwork","floor":15,"key":"SMITH"}],"neow_cost":"NONE","seed_source_timestamp":971923178657502,"circlet_count":0,"master_deck":["Defend_G","Defend_G","Defend_G","Defend_G","Defend_G","Strike_G","Strike_G","Strike_G","Strike_G","Strike_G","Survivor","Neutralize","Backstab","Dagger Spray+1","Outmaneuver","Dagger Spray+1","Neutralize","Dagger Spray","Backstab","Slice","Footwork+1","Backstab","Dagger Spray"],"relics":["Ring of the Snake","Incense Burner","Mummified Hand","Lantern"],"potions_floor_usage":[4,7,12],"damage_taken":[{"damage":2,"enemies":"Small Slimes","floor":1,"turns":2},{"damage":0,"enemies":"Cultist","floor":2,"turns":3},{"damage":0,"enemies":"2 Louse","floor":3,"turns":3},{"damage":5,"enemies":"Lots of Slimes","floor":4,"turns":3},{"damage":9,"enemies":"3 Sentries","floor":6,"turns":4},{"damage":0,"enemies":"3 Louse","floor":7,"turns":1},{"damage":0,"enemies":"Blue Slaver","floor":10,"turns":3},{"damage":14,"enemies":"Erikyupuro","floor":12,"turns":5},{"damage":0,"enemies":"Lots of Slimes","floor":13,"turns":1},{"damage":0,"enemies":"Large Slime","floor":14,"turns":3},{"damage":20,"enemies":"Fading Forest","floor":16,"turns":9}],"seed_played":"-7394845685588788637","potions_obtained":[{"floor":2,"key":"SpeedPotion"},{"floor":3,"key":"conspire:EchoDraught"},{"floor":6,"key":"SkillPotion"},{"floor":12,"key":"Elixir"},{"floor":13,"key":"SpeedPotion"}],"is_trial":false,"path_per_floor":["M","M","M","M","?","E","M","R","T","M","?","E","M","M","R","B"],"character_chosen":"THE_SILENT","items_purchased":[],"campfire_rested":0,"item_purchase_floors":[],"current_hp_per_floor":[68,68,68,63,63,54,54,54,54,54,54,40,40,40,40,30],"gold":278,"neow_bonus":"THREE_CARDS","is_prod":false,"is_daily":false,"chose_seed":false,"campfire_upgraded":2,"win_rate":0,"timestamp":1552460839,"path_taken":["M","M","M","M","?","E","M","R","T","?","?","E","?","M","R","BOSS"],"build_version":"2019-01-23","purchased_purges":0,"victory":false,"max_hp_per_floor":[70,70,70,70,70,70,70,70,70,70,70,70,70,70,70,70],"card_choices":[{"not_picked":["Backflip","Hidden Blade"],"picked":"Backstab","floor":0},{"not_picked":["Concentrate","Sneak Up"],"picked":"Dagger Spray","floor":1},{"not_picked":["Deflect","Quick Slash"],"picked":"Outmaneuver","floor":2},{"not_picked":["Poisoned Stab","Flechettes"],"picked":"Dagger Spray","floor":3},{"not_picked":["Deflect","Cloak And Dagger","Hidden Blade"],"picked":"SKIP","floor":4},{"not_picked":["ReplayTheSpireMod:Tripwire","ReplayTheSpireMod:Scrap Shanks","Fluid Movement"],"picked":"SKIP","floor":6},{"not_picked":["Fluid Movement","Predator"],"picked":"Backstab","floor":7},{"not_picked":["Hidden Blade","Calculated Gamble"],"picked":"Slice","floor":10},{"not_picked":["Predator","Replay:Poison Smokescreen"],"picked":"Footwork","floor":12},{"not_picked":["Eviscerate","Draining Mist"],"picked":"Backstab","floor":13},{"not_picked":["Dagger Throw","Quick Slash"],"picked":"Dagger Spray","floor":14}],"player_experience":269143,"relics_obtained":[{"floor":6,"key":"Incense Burner"},{"floor":9,"key":"Mummified Hand"},{"floor":12,"key":"Lantern"}],"event_choices":[{"damage_healed":0,"gold_gain":0,"player_choice":"2 cards matched","damage_taken":0,"max_hp_gain":0,"max_hp_loss":0,"event_name":"Match and Keep!","floor":5,"gold_loss":0,"cards_obtained":["Neutralize","Dagger Spray"]}],"is_beta":false,"boss_relics":[],"items_purged_floors":[],"is_endless":false,"potions_floor_spawned":[2,3,6,12,13],"killed_by":"Fading Forest","ascension_level":1}