{"gold_per_floor":[119,119,44,44,44,72,72,72,99,117,142,142,172,191,191,191],"floor_reached":16,"playtime":539,"items_purged":["Strike_B"],"score":157,"play_id":"b1436af6-9600-40af-93b6-1c6a22b2fc14","local_time":"20190219024010","is_ascension_mode":true,"campfire_choices":[{"floor":8,"key":"REST"},{"floor":12,"key":"REST"},{"floor":15,"key":"REST"}],"neow_cost":"NONE","seed_source_timestamp":206596161635597,"circlet_count":0,"master_deck":["Strike_B","Strike_B","Strike_B","Defend_B","Defend_B","Defend_B","Defend_B","Zap","Dualcast","All For One","Beam Cell","Self Repair","Cold Snap","Beam Cell","Coolheaded"],"relics":["Cracked Core","Lantern","Darkstone Periapt","Happy Flower","Potion Belt","Centennial Puzzle"],"potions_floor_usage":[],"damage_taken":[{"damage":1,"enemies":"Cultist","floor":1,"turns":3},{"damage":25,"enemies":"Lagavulin","floor":6,"turns":5},{"damage":2,"enemies":"Jaw Worm","floor":10,"turns":4},{"damage":25,"enemies":"3 Sentries","floor":11,"turns":8},{"damage":33,"enemies":"Lagavulin","floor":13,"turns":7},{"damage":0,"enemies":"Small Slimes","floor":14,"turns":2},{"damage":64,"enemies":"Hexaghost","floor":16,"turns":11}],"seed_played":"-2702698885968207272","potions_obtained":[{"floor":1,"key":"SmokeBomb"},{"floor":11,"key":"Strength Potion"}],"is_trial":false,"path_per_floor":["M","?","$","?","$","E","$","R","T","M","E","R","E","M","R","B"],"character_chosen":"DEFECT","items_purchased":[],"campfire_rested":3,"item_purchase_floors":[],"current_hp_per_floor":[67,60,60,53,53,28,28,50,50,55,37,59,33,40,62,0],"gold":191,"neow_bonus":"ONE_RANDOM_RARE_CARD","is_prod":false,"is_daily":false,"chose_seed":false,"campfire_upgraded":0,"win_rate":0,"timestamp":1550540410,"path_taken":["M","?","$","?","$","E","$","R","T","M","E","R","E","M","R","BOSS"],"build_version":"2019-01-23","purchased_purges":1,"victory":false,"max_hp_per_floor":[75,75,75,75,75,75,75,75,75,75,75,75,75,75,75,75],"card_choices":[{"not_picked":["Hologram","Conserve Battery"],"picked":"Beam Cell","floor":1},{"not_picked":["Beam Cell","Conserve Battery"],"picked":"Self Repair","floor":6},{"not_picked":["Steam","Hologram"],"picked":"Cold Snap","floor":10},{"not_picked":["Ball Lightning","Compile Driver","Turbo"],"picked":"SKIP","floor":11},{"not_picked":["Turbo","Steam"],"picked":"Beam Cell","floor":13},{"not_picked":["Genetic Algorithm","Turbo"],"picked":"Coolheaded","floor":14}],"player_experience":239897,"relics_obtained":[{"floor":6,"key":"Darkstone Periapt"},{"floor":9,"key":"Happy Flower"},{"floor":11,"key":"Potion Belt"},{"floor":13,"key":"Centennial Puzzle"}],"event_choices":[{"damage_healed":0,"gold_gain":0,"player_choice":"Success","damage_taken":7,"relics_obtained":["Lantern"],"max_hp_gain":0,"max_hp_loss":0,"event_name":"Scrap Ooze","floor":2,"gold_loss":0},{"damage_healed":0,"gold_gain":0,"player_choice":"Damaged","damage_taken":7,"max_hp_gain":0,"max_hp_loss":0,"event_name":"Wheel of Change","floor":4,"gold_loss":0}],"is_beta":false,"boss_relics":[],"items_purged_floors":[3],"is_endless":false,"potions_floor_spawned":[1,11],"killed_by":"Hexaghost","ascension_level":7}