{"gold_per_floor":[116,127,143,159,159,159,184,184,229,229,248,248,272,272,272,391,391,391,18,18,18,18,18,18,18,18,18,18,18,18,18,18,18,18,18,18,18,18,18,18,18,18,18,18,18,18,18,18,18,18],"floor_reached":51,"playtime":7193,"items_purged":[],"score":740,"play_id":"99dae91d-fdea-4b0f-8145-334d397601f6","local_time":"20190311211849","is_ascension_mode":false,"campfire_choices":[{"floor":6,"key":"REST"},{"floor":8,"key":"REST"},{"floor":12,"key":"REST"},{"data":"Dualcast","floor":15,"key":"SMITH"},{"floor":24,"key":"REST"},{"floor":28,"key":"REST"},{"data":"Creative AI","floor":32,"key":"SMITH"},{"floor":40,"key":"REST"},{"floor":49,"key":"REST"}],"neow_cost":"NONE","seed_source_timestamp":81423712434989,"circlet_count":0,"master_deck":["Strike_B+1","Strike_B+1","Strike_B+1","Strike_B+1","Defend_B+1","Defend_B+1","Defend_B+1","Defend_B+1","Zap","Dualcast+1","Genetic Algorithm","Cold Snap","Sweeping Beam","Auto Shields+1","Self Repair","Beam Cell+1","Sweeping Beam+1","Creative AI+1","Double Energy","Transmutation","Skim","Blizzard+1","Chaos","Gash+1","Electrodynamics","Go for the Eyes+1","Darkness+1","Streamline+1","Buffer","Rip and Tear+1","Storm+1","Flash of Steel+1","The Bomb","Panacea","Redo+1","Sweeping Beam+1","Force Field+1","Double Energy+1","Rainbow","Coolheaded+1"],"relics":["Cracked Core","Molten Egg 2","Vajra","Ancient Tea Set","Ectoplasm","PreservedInsect","Torii","Omamori","Bronze Scales","Strawberry","WarpedTongs","Fusion Hammer","Anchor","Gremlin Horn","Bottled Tornado","Pocketwatch","Du-Vu Doll"],"potions_floor_usage":[7,16,33,33,33,46,50],"damage_taken":[{"damage":1,"enemies":"Cultist","floor":1,"turns":4},{"damage":6,"enemies":"Small Slimes","floor":2,"turns":4},{"damage":0,"enemies":"2 Louse","floor":3,"turns":3},{"damage":6,"enemies":"Exordium Wildlife","floor":4,"turns":4},{"damage":39,"enemies":"Gremlin Nob","floor":7,"turns":6},{"damage":8,"enemies":"2 Fungi Beasts","floor":11,"turns":4},{"damage":0,"enemies":"Looter","floor":13,"turns":2},{"damage":28,"enemies":"The Guardian","floor":16,"turns":10},{"damage":21,"enemies":"3 Byrds","floor":18,"turns":5},{"damage":14,"enemies":"Shell Parasite","floor":22,"turns":9},{"damage":8,"enemies":"Gremlin Leader","floor":23,"turns":5},{"damage":8,"enemies":"Book of Stabbing","floor":25,"turns":3},{"damage":32,"enemies":"Slavers","floor":27,"turns":4},{"damage":2,"enemies":"Cultist and Chosen","floor":30,"turns":3},{"damage":1,"enemies":"3 Cultists","floor":31,"turns":3},{"damage":65,"enemies":"Collector","floor":33,"turns":8},{"damage":8,"enemies":"3 Darklings","floor":35,"turns":2},{"damage":0,"enemies":"Orb Walker","floor":36,"turns":2},{"damage":6,"enemies":"Transient","floor":38,"turns":5},{"damage":16,"enemies":"Reptomancer","floor":42,"turns":4},{"damage":0,"enemies":"Mind Bloom Boss Battle","floor":45,"turns":4},{"damage":1,"enemies":"Sphere and 2 Shapes","floor":46,"turns":3},{"damage":2,"enemies":"Nemesis","floor":47,"turns":5},{"damage":31,"enemies":"3 Darklings","floor":48,"turns":3},{"damage":27,"enemies":"Awakened One","floor":50,"turns":8}],"seed_played":"-1534878734371522726","potions_obtained":[{"floor":1,"key":"Energy Potion"},{"floor":2,"key":"Ancient Potion"},{"floor":4,"key":"PowerPotion"},{"floor":7,"key":"FearPotion"},{"floor":23,"key":"Ancient Potion"},{"floor":27,"key":"Swift Potion"},{"floor":42,"key":"Energy Potion"},{"floor":45,"key":"Explosive Potion"}],"is_trial":false,"path_per_floor":["M","?","?","?","?","?","?","M","?","$","?","T","?","M"],"character_chosen":"DEFECT","items_purchased":["PreservedInsect","Transmutation","Skim"],"campfire_rested":7,"item_purchase_floors":[19,19,19],"current_hp_per_floor":[81,75,75,69,62,82,43,67,67,47,46,70,77,77,77,56,82,68,68,68,68,61,60,82,74,74,56,82,82,87,86,86,21,89,81,81,71,72,72,89,89,80,80,80,87,86,89,65,89,72],"gold":18,"neow_bonus":"TEN_PERCENT_HP_BONUS","is_prod":false,"is_daily":false,"chose_seed":false,"campfire_upgraded":2,"win_rate":0.0,"timestamp":1552335529,"path_taken":["M","M","?","M","?","R","E","R","T","?","M","R","M","?","R","BOSS","M","$","?","?","M","E","R","E","T","E","R","?","M","M","R","BOSS","M","?","?","M","?","R","?","E","T","?","?","M","E","?","R","BOSS"],"build_version":"2019-01-23","purchased_purges":0,"victory":true,"max_hp_per_floor":[82,82,82,82,82,82,82,82,82,82,82,82,82,82,82,82,82,82,82,82,82,82,82,82,82,82,89,89,89,89,89,89,89,89,89,89,89,89,89,89,89,89,89,89,89,89,89,89,89,89],"card_choices":[{"not_picked":["Coolheaded","Gash"],"picked":"Genetic Algorithm","floor":1},{"not_picked":["Melter","Force Field"],"picked":"Cold Snap","floor":2},{"not_picked":["Cold Snap","Stack"],"picked":"Sweeping Beam","floor":3},{"not_picked":["Stack","Streamline"],"picked":"Auto Shields","floor":4},{"not_picked":["Leap","Fission"],"picked":"Self Repair","floor":7},{"not_picked":["Coolheaded","Hologram"],"picked":"Beam Cell+1","floor":11},{"not_picked":["Conserve Battery","Redo"],"picked":"Sweeping Beam+1","floor":13},{"not_picked":["Reboot","Electrodynamics"],"picked":"Creative AI","floor":16},{"not_picked":["Hello World","Go for the Eyes+1"],"picked":"Double Energy","floor":18},{"not_picked":["Compile Driver+1","Gash+1"],"picked":"Chaos","floor":22},{"not_picked":["Stack","Capacitor"],"picked":"Gash+1","floor":23},{"not_picked":["Leap+1","Coolheaded"],"picked":"Electrodynamics","floor":25},{"not_picked":["Beam Cell+1","Compile Driver+1"],"picked":"Go for the Eyes+1","floor":27},{"not_picked":["Hologram+1","Sweeping Beam+1"],"picked":"Darkness+1","floor":30},{"not_picked":["Skim","Redo"],"picked":"Streamline+1","floor":31},{"not_picked":["Reboot","Biased Cognition"],"picked":"Buffer","floor":33},{"not_picked":["Cold Snap+1","Coolheaded+1"],"picked":"Rip and Tear+1","floor":35},{"not_picked":["Beam Cell+1","Coolheaded"],"picked":"Storm+1","floor":36},{"not_picked":["Secret Weapon","Secret Technique"],"picked":"Flash of Steel+1","floor":37},{"not_picked":["Panacea","Madness"],"picked":"The Bomb","floor":37},{"not_picked":["Impatience","Mayhem"],"picked":"Panacea","floor":37},{"not_picked":["Steam+1","Loop"],"picked":"Redo+1","floor":38},{"not_picked":["Auto Shields","Chaos"],"picked":"Sweeping Beam+1","floor":42},{"not_picked":["Tempest","Go for the Eyes+1"],"picked":"Force Field+1","floor":45},{"not_picked":["Go for the Eyes+1","Cold Snap+1"],"picked":"Double Energy+1","floor":46},{"not_picked":["Steam","Heatsinks"],"picked":"Rainbow","floor":47},{"not_picked":["Glacier","Hologram+1"],"picked":"Coolheaded+1","floor":48}],"player_experience":67683,"relics_obtained":[{"floor":7,"key":"Vajra"},{"floor":9,"key":"Ancient Tea Set"},{"floor":23,"key":"Torii"},{"floor":25,"key":"Omamori"},{"floor":26,"key":"Bronze Scales"},{"floor":27,"key":"Strawberry"},{"floor":42,"key":"Anchor"},{"floor":43,"key":"Gremlin Horn"},{"floor":44,"key":"Bottled Tornado"},{"floor":45,"key":"Pocketwatch"},{"floor":47,"key":"Du-Vu Doll"}],"event_choices":[{"damage_healed":0,"gold_gain":0,"player_choice":"Success","damage_taken":7,"relics_obtained":["Molten Egg 2"],"max_hp_gain":0,"max_hp_loss":0,"event_name":"Scrap Ooze","floor":5,"gold_loss":0},{"damage_healed":0,"gold_gain":0,"player_choice":"Take Damage","damage_taken":20,"relics_obtained":["Golden Idol"],"max_hp_gain":0,"max_hp_loss":0,"event_name":"Golden Idol","floor":10,"gold_loss":0},{"damage_healed":0,"gold_gain":0,"player_choice":"Grow","damage_taken":0,"max_hp_gain":0,"max_hp_loss":0,"event_name":"Living Wall","floor":14,"gold_loss":0,"cards_upgraded":["Auto Shields"]},{"damage_healed":0,"gold_gain":0,"player_choice":"Read","damage_taken":0,"max_hp_gain":0,"max_hp_loss":0,"event_name":"The Library","floor":20,"gold_loss":0,"cards_obtained":["Blizzard"]},{"damage_healed":0,"gold_gain":0,"player_choice":"Simplicity","damage_taken":0,"max_hp_gain":0,"max_hp_loss":0,"event_name":"Back to Basics","floor":21,"gold_loss":0,"cards_upgraded":["Strike_B","Strike_B","Strike_B","Strike_B","Defend_B","Defend_B","Defend_B","Defend_B"]},{"damage_healed":0,"gold_gain":0,"player_choice":"Rummage","damage_taken":0,"relics_obtained":["WarpedTongs"],"max_hp_gain":0,"max_hp_loss":0,"event_name":"Accursed Blacksmith","floor":29,"gold_loss":0,"cards_obtained":["Pain"]},{"damage_healed":0,"gold_gain":0,"player_choice":"Memory 3","damage_taken":10,"max_hp_gain":0,"max_hp_loss":0,"event_name":"SensoryStone","floor":37,"gold_loss":0},{"damage_healed":0,"gold_gain":333,"player_choice":"Gave Idol","damage_taken":0,"max_hp_gain":0,"max_hp_loss":0,"event_name":"The Moai Head","floor":41,"relics_lost":["Golden Idol"],"gold_loss":0},{"damage_healed":0,"gold_gain":0,"player_choice":"Fight","damage_taken":0,"max_hp_gain":0,"max_hp_loss":0,"event_name":"MindBloom","floor":45,"gold_loss":0}],"is_beta":false,"boss_relics":[{"not_picked":["Cursed Key","Runic Dome"],"picked":"Ectoplasm"},{"not_picked":["Lizard Tail","Astrolabe"],"picked":"Fusion Hammer"}],"items_purged_floors":[],"is_endless":false,"potions_floor_spawned":[1,2,4,7,23,25,27,30,42,45],"ascension_level":0}