{"gold_per_floor":[118,118,24,43,61,61,14,14,39,52,68,68,94,105,105,177,227,243,243,243,243,263,263,13,43,43,62,62,88,100,112,112,190,190,206,221,321,321,337,337,362,362,385,405,405,415,415,98,98,98],"floor_reached":51,"playtime":4340,"items_purged":["Strike_B"],"score":1126,"play_id":"1e75dab8-a5f3-4b32-a38f-6e2ea56f8795","local_time":"20190306003808","is_ascension_mode":true,"campfire_choices":[{"data":"Tempest","floor":6.0,"key":"SMITH"},{"data":"Redo","floor":12.0,"key":"SMITH"},{"floor":15.0,"key":"REST"},{"data":"Self Repair","floor":23.0,"key":"SMITH"},{"floor":28.0,"key":"REST"},{"floor":32.0,"key":"REST"},{"data":"Reboot","floor":40.0,"key":"SMITH"},{"data":"Echo Form","floor":42.0,"key":"SMITH"},{"floor":47.0,"key":"REST"},{"floor":49.0,"key":"REST"}],"neow_cost":"NONE","seed_source_timestamp":346633262080,"circlet_count":0,"master_deck":["AscendersBane","Strike_B+1","Defend_B+1","Defend_B","Defend_B","Defend_B","Zap+1","Dualcast","Coolheaded","Coolheaded","Cold Snap","Cold Snap","Tempest+1","Ball Lightning","Coolheaded+1","Redo+1","Coolheaded","Reboot","Defragment+1","Cold Snap","Coolheaded","Self Repair+1","Leap","Reboot+1","Stack+1","Defragment+1","Redo+1","Electrodynamics","Self Repair","Coolheaded+1","Barrage+1","Echo Form+1","Blizzard+1"],"special_seed":0,"relics":["Cracked Core","Letter Opener","Strawberry","Oddly Smooth Stone","Tiny House","Kunai","Cables","Ancient Tea Set","Sundial","Orichalcum","Inserter","Dead Branch","Boot","War Paint","Dodecahedron"],"potions_floor_usage":[],"damage_taken":[{"damage":10.0,"enemies":"Small Slimes","floor":1.0,"turns":4.0},{"damage":0.0,"enemies":"Cultist","floor":4.0,"turns":3.0},{"damage":3.0,"enemies":"Jaw Worm","floor":5.0,"turns":4.0},{"damage":6.0,"enemies":"2 Fungi Beasts","floor":10.0,"turns":2.0},{"damage":2.0,"enemies":"Exordium Wildlife","floor":11.0,"turns":3.0},{"damage":2.0,"enemies":"Lagavulin","floor":13.0,"turns":5.0},{"damage":4.0,"enemies":"Looter","floor":14.0,"turns":2.0},{"damage":34.0,"enemies":"Hexaghost","floor":16.0,"turns":16.0},{"damage":7.0,"enemies":"Spheric Guardian","floor":18.0,"turns":4.0},{"damage":8.0,"enemies":"Chosen","floor":22.0,"turns":3.0},{"damage":59.0,"enemies":"Slavers","floor":25.0,"turns":6.0},{"damage":9.0,"enemies":"3 Cultists","floor":27.0,"turns":6.0},{"damage":24.0,"enemies":"Book of Stabbing","floor":29.0,"turns":5.0},{"damage":4.0,"enemies":"Shelled Parasite and Fungi","floor":30.0,"turns":9.0},{"damage":9.0,"enemies":"Cultist and Chosen","floor":31.0,"turns":6.0},{"damage":44.0,"enemies":"Champ","floor":33.0,"turns":26.0},{"damage":0.0,"enemies":"Orb Walker","floor":35.0,"turns":6.0},{"damage":3.0,"enemies":"3 Shapes","floor":36.0,"turns":3.0},{"damage":0.0,"enemies":"Mind Bloom Boss Battle","floor":37.0,"turns":5.0},{"damage":17.0,"enemies":"Spire Growth","floor":39.0,"turns":7.0},{"damage":25.0,"enemies":"Giant Head","floor":41.0,"turns":14.0},{"damage":1.0,"enemies":"Transient","floor":44.0,"turns":5.0},{"damage":31.0,"enemies":"4 Shapes","floor":46.0,"turns":4.0},{"damage":26,"enemies":"Time Eater","floor":50,"turns":13}],"seed_played":"-6399785774959204090","potions_obtained":[{"floor":4.0,"key":"EssenceOfSteel"},{"floor":5.0,"key":"FocusPotion"},{"floor":17.0,"key":"FearPotion"},{"floor":22.0,"key":"Strength Potion"},{"floor":27.0,"key":"Energy Potion"},{"floor":30.0,"key":"FairyPotion"},{"floor":36.0,"key":"LiquidBronze"}],"is_trial":false,"path_per_floor":["M","?","$","M","M","R","$","T","T","M","M","R","E","M","R","B",null,"M","?","T","?","M","R","$","E","T","M","R","E","M","M","R","B",null,"M","M","?","?","M","R","E","R","T","M","?","M","R","$","R","B",null],"character_chosen":"DEFECT","items_purchased":["Coolheaded","Cold Snap","Ball Lightning","Cables","Dodecahedron"],"campfire_rested":5,"item_purchase_floors":[3,3,7,24,48],"current_hp_per_floor":[58,58,58,58,55,55,55,55,62,56,54,54,52,48,72,38,76,69,69,69,69,61,61,61,12,12,13,39,15,21,22,48,14,69,79,76,86,86,69,69,61,61,61,70,70,39,65,65,87,78],"gold":98,"neow_bonus":"REMOVE_CARD","is_prod":false,"is_daily":false,"chose_seed":false,"campfire_upgraded":5,"win_rate":0,"timestamp":1551854288,"path_taken":["M","?","$","M","M","R","$","?","T","?","M","R","E","M","R","BOSS","M","?","?","?","M","R","$","E","T","M","R","E","M","M","R","BOSS","M","?","?","?","M","R","E","R","T","?","?","?","R","?","R","BOSS"],"build_version":"2019-01-23","purchased_purges":1,"victory":true,"max_hp_per_floor":[75,75,75,75,75,75,75,75,82,82,82,82,82,82,82,82,87,87,87,87,87,87,87,87,87,87,87,87,87,87,87,87,87,87,87,87,87,87,87,87,87,87,87,87,87,87,87,87,87,87],"card_choices":[{"not_picked":["Streamline","Redo"],"picked":"Coolheaded","floor":1.0},{"not_picked":["Hologram","Rebound"],"picked":"Cold Snap","floor":4.0},{"not_picked":["Streamline","Recycle"],"picked":"Tempest","floor":5.0},{"not_picked":["Hologram","Turbo"],"picked":"Coolheaded","floor":10.0},{"not_picked":["Conserve Battery","Barrage"],"picked":"Redo","floor":11.0},{"not_picked":["Ball Lightning","Rebound"],"picked":"Coolheaded","floor":13.0},{"not_picked":["Beam Cell","Steam"],"picked":"Reboot","floor":14.0},{"not_picked":["Compile Driver","Double Energy"],"picked":"Defragment","floor":17.0},{"not_picked":["Doom and Gloom","Barrage"],"picked":"Cold Snap","floor":18.0},{"not_picked":["Tempest","Beam Cell+1"],"picked":"Self Repair","floor":22.0},{"not_picked":["Go for the Eyes","Steam"],"picked":"Leap","floor":25.0},{"not_picked":["Conserve Battery","Reinforced Body"],"picked":"Reboot","floor":27.0},{"not_picked":["Rebound","Cold Snap"],"picked":"Stack+1","floor":29.0},{"not_picked":["Reprogram+1","Leap"],"picked":"Defragment","floor":30.0},{"not_picked":["Coolheaded","Core Surge"],"picked":"Redo+1","floor":31.0},{"not_picked":["Buffer","Core Surge"],"picked":"Electrodynamics","floor":33.0},{"not_picked":["Compile Driver","Melter","Cold Snap"],"picked":"SKIP","floor":35.0},{"not_picked":["Go for the Eyes","Beam Cell+1"],"picked":"Self Repair","floor":36.0},{"not_picked":["Chill","Gash"],"picked":"Coolheaded+1","floor":37.0},{"not_picked":["White Noise","Melter"],"picked":"Barrage+1","floor":39.0},{"not_picked":["Conserve Battery","Stack"],"picked":"Echo Form","floor":41.0},{"not_picked":["Compile Driver+1","Scrape","Static Discharge"],"picked":"SKIP","floor":44.0},{"not_picked":["Turbo+1","Redo"],"picked":"Blizzard+1","floor":46.0}],"player_experience":640182,"relics_obtained":[{"floor":8.0,"key":"Letter Opener"},{"floor":9.0,"key":"Strawberry"},{"floor":13.0,"key":"Oddly Smooth Stone"},{"floor":20.0,"key":"Kunai"},{"floor":25.0,"key":"Ancient Tea Set"},{"floor":26.0,"key":"Sundial"},{"floor":29.0,"key":"Orichalcum"},{"floor":37.0,"key":"Dead Branch"},{"floor":41.0,"key":"Boot"},{"floor":43.0,"key":"War Paint"}],"event_choices":[{"damage_healed":0.0,"max_hp_gain":0.0,"max_hp_loss":0.0,"gold_gain":0.0,"event_name":"Upgrade Shrine","player_choice":"Upgraded","floor":2.0,"gold_loss":0.0,"damage_taken":0.0,"cards_upgraded":["Zap"]},{"damage_healed":0.0,"max_hp_gain":0.0,"max_hp_loss":0.0,"gold_gain":0.0,"event_name":"The Library","player_choice":"Read","floor":19.0,"gold_loss":0.0,"damage_taken":0.0,"cards_obtained":["Coolheaded"]},{"damage_healed":0.0,"max_hp_gain":0.0,"max_hp_loss":0.0,"gold_gain":0.0,"event_name":"Upgrade Shrine","player_choice":"Upgraded","floor":21.0,"gold_loss":0.0,"damage_taken":0.0,"cards_upgraded":["Defragment"]},{"damage_healed":0.0,"max_hp_gain":0.0,"max_hp_loss":0.0,"gold_gain":0.0,"event_name":"MindBloom","player_choice":"Fight","floor":37.0,"gold_loss":0.0,"damage_taken":0.0},{"damage_healed":0.0,"max_hp_gain":0.0,"max_hp_loss":0.0,"gold_gain":0.0,"event_name":"Upgrade Shrine","player_choice":"Upgraded","floor":38.0,"gold_loss":0.0,"damage_taken":0.0,"cards_upgraded":["Defragment"]},{"cards_removed":["Strike_B"],"damage_healed":0.0,"max_hp_gain":0.0,"max_hp_loss":0.0,"gold_gain":0.0,"event_name":"Wheel of Change","player_choice":"Card Removal","floor":45.0,"gold_loss":0.0,"damage_taken":0.0}],"is_beta":false,"boss_relics":[{"not_picked":["Fusion Hammer","Empty Cage"],"picked":"Tiny House"},{"not_picked":["Astrolabe","Runic Dome"],"picked":"Inserter"}],"items_purged_floors":[48],"is_endless":false,"potions_floor_spawned":[4,5,10,22,27,30,31,33,36,39,44,46],"ascension_level":13}