{"path_per_floor":["M","?","M","?","?","E","M","E","T","E","R","$","E","M","R","B",null,"M","?","?","?","$","E","M","E","T","R","E","$","R","E","R","B",null,"M","M","?","?","$","E","R","M","T","M","?","R","E","M","R","B"],"character_chosen":"THE_SILENT","items_purchased":["Well Laid Plans","Terror","After Image","Footwork"],"gold_per_floor":[113,113,131,131,131,161,176,202,281,306,306,125,158,172,172,271,271,288,314,314,314,74,100,116,148,172,172,198,4,4,38,38,142,142,157,177,177,177,27,54,54,65,88,100,100,100,125,145,145,145],"floor_reached":51,"campfire_rested":0,"playtime":4737,"current_hp_per_floor":[68,68,63,63,68,56,55,55,55,46,46,46,46,46,46,47,75,66,57,57,57,57,55,55,52,52,52,52,52,52,52,52,75,75,75,64,55,55,55,43,43,43,43,34,66,66,51,51,51,61],"items_purged":["Strike_G","Distraction","Skewer","Bane"],"gold":145,"score":858,"play_id":"bba8ec25-3c0e-47dd-b00f-0669d8bdc2b4","local_time":"20180301005040","is_prod":false,"is_daily":false,"is_ascension_mode":true,"campfire_upgraded":8,"timestamp":1519894240,"path_taken":["M","?","?","?","?","E","M","E","T","E","R","$","E","M","R","BOSS","M","?","?","?","?","E","M","E","T","R","E","$","R","E","R","BOSS","M","M","?","?","$","E","R","?","T","M","?","R","E","M","R","BOSS"],"build_version":"2018-02-28-BETA2","purchased_purges":6,"victory":true,"master_deck":["Survivor","Neutralize+1","Footwork+1","Quick Slash+1","After Image+1","Endless Agony","Cloak And Dagger+1","Sucker Punch+1","Well Laid Plans+1","Terror","Choke+1","Outmaneuver+1","Burst+1","Dagger Throw+1","PiercingWail","Noxious Fumes","PiercingWail","Backflip","Dodge and Roll+1","Cloak And Dagger+1","Tools of the Trade","After Image+1","Endless Agony+1","Infinite Blades+1","Concentrate","Cloak And Dagger+1","Footwork","Footwork","Wraith Form","Flying Knee+1","Noxious Fumes+1","Madness","Madness","Flying Knee+1","Blur","Noxious Fumes+1"],"max_hp_per_floor":[70,70,70,70,75,75,75,75,75,75,75,75,75,75,75,75,75,75,75,75,75,75,75,75,75,75,75,75,75,75,75,75,75,75,75,75,75,75,75,75,75,75,75,75,66,66,66,66,66,66],"relics":["Ring of the Snake","Anchor","Ancient Tea Set","Molten Egg 2","Pantograph","Ninja Scroll","Pandora\u0027s Box","Red Mask","Matryoshka","Ice Cream","Bag of Preparation","Orichalcum","Whetstone","Kunai","White Beast Statue","Smiling Mask","Prayer Wheel","Oddly Smooth Stone","Art of War"],"card_choices":[{"not_picked":["Outmaneuver","Dagger Throw"],"picked":"Footwork"},{"not_picked":["Bane","Outmaneuver"],"picked":"Quick Slash"},{"not_picked":["Prepared","Dagger Throw"],"picked":"After Image"},{"not_picked":["Slice","Prepared"],"picked":"Endless Agony"},{"not_picked":["Malaise","PiercingWail"],"picked":"Cloak And Dagger"},{"not_picked":["Bouncing Flask","Distraction"],"picked":"Sucker Punch"},{"not_picked":["Underhanded Strike","Heel Hook"],"picked":"Choke"},{"not_picked":["Deadly Poison","Underhanded Strike"],"picked":"Outmaneuver"},{"not_picked":["Die Die Die","Envenom"],"picked":"Burst"},{"not_picked":["Dagger Spray","Backflip"],"picked":"Dodge and Roll"},{"not_picked":["Poisoned Stab","Dagger Spray"],"picked":"Cloak And Dagger"},{"not_picked":["Dagger Throw","Finisher"],"picked":"Endless Agony"},{"not_picked":["Heel Hook","Sucker Punch"],"picked":"Infinite Blades"},{"not_picked":["Acrobatics","Leg Sweep"],"picked":"Concentrate"},{"not_picked":["Expertise","Backflip"],"picked":"Cloak And Dagger"},{"not_picked":["Catalyst","Acrobatics"],"picked":"Footwork"},{"not_picked":["Tools of the Trade","Phantasmal Killer"],"picked":"Wraith Form"},{"not_picked":["Deadly Poison","Setup"],"picked":"Flying Knee"},{"not_picked":["Deadly Poison","Masterful Stab"],"picked":"Noxious Fumes"},{"not_picked":["Underhanded Strike","Distraction"],"picked":"Flying Knee"},{"not_picked":["Bane","Deflect"],"picked":"Blur"},{"not_picked":["Underhanded Strike","Choke"],"picked":"Noxious Fumes"}],"player_experience":131645,"potions_floor_usage":[8,10,23,23,31,40,40,44,50,50],"damage_taken":[{"damage":2,"enemies":"Jaw Worm","floor":1,"turns":7},{"damage":5,"enemies":"Small Slimes","floor":3,"turns":8},{"damage":12,"enemies":"3 Sentries","floor":6,"turns":13},{"damage":1,"enemies":"Cultist","floor":7,"turns":5},{"damage":0,"enemies":"Gremlin Nob","floor":8,"turns":5},{"damage":9,"enemies":"3 Sentries","floor":10,"turns":13},{"damage":0,"enemies":"Lagavulin","floor":13,"turns":8},{"damage":0,"enemies":"Blue Slaver","floor":14,"turns":3},{"damage":24,"enemies":"Hexaghost","floor":16,"turns":9},{"damage":9,"enemies":"3 Byrds","floor":18,"turns":7},{"damage":9,"enemies":"Masked Bandits","floor":19,"turns":6},{"damage":2,"enemies":"Slavers","floor":23,"turns":7},{"damage":0,"enemies":"Chosen","floor":24,"turns":6},{"damage":3,"enemies":"Gremlin Leader","floor":25,"turns":10},{"damage":0,"enemies":"Book of Stabbing","floor":28,"turns":6},{"damage":0,"enemies":"Slavers","floor":31,"turns":6},{"damage":0,"enemies":"Champ","floor":33,"turns":11},{"damage":0,"enemies":"3 Darklings","floor":35,"turns":7},{"damage":11,"enemies":"3 Shapes","floor":36,"turns":6},{"damage":27,"enemies":"2 Orb Walkers","floor":40,"turns":8},{"damage":0,"enemies":"Flame Bruiser 2 Orb","floor":42,"turns":6},{"damage":9,"enemies":"Sphere and 2 Shapes","floor":44,"turns":7},{"damage":15,"enemies":"Giant Head","floor":47,"turns":8},{"damage":0,"enemies":"4 Shapes","floor":48,"turns":7},{"damage":5,"enemies":"Awakened One","floor":50,"turns":12}],"event_choices":[{"event_name":"Living Wall","player_choice":"Forget","floor":2,"damage_taken":0},{"event_name":"Liars Game","player_choice":"disagreed","floor":4,"damage_taken":0},{"event_name":"Big Fish","player_choice":"Donut","floor":5,"damage_taken":0},{"event_name":"Masked Bandits","player_choice":"Fought over 288 gold","floor":19,"damage_taken":0},{"event_name":"The Library","player_choice":"Read","floor":20,"damage_taken":0},{"event_name":"Vampires","player_choice":"Ignored","floor":21,"damage_taken":0},{"event_name":"Winding Halls","player_choice":"Embrace Madness","floor":37,"damage_taken":0},{"event_name":"Upgrade Shrine","player_choice":"Upgraded","floor":38,"damage_taken":0},{"event_name":"The Moai Head","player_choice":"Heal","floor":45,"damage_taken":0}],"boss_relics":[{"not_picked":["Snecko Eye","Velvet Choker"],"picked":"Pandora\u0027s Box"},{"not_picked":["Calling Bell","The Specimen"],"picked":"White Beast Statue"}],"potions_floor_spawned":[3,6,8,16,19,25,33,35,36,40,42,44,47,48],"seed_played":"2535033551305156684","ascension_level":2,"is_trial":false}