{"gold_per_floor":[116,116,116,41,55,55,55,89,89,105,134,148,148,164,164,259,259,271,371,389,209,209,209,234,246,295,295],"floor_reached":27,"playtime":819,"items_purged":["Defend_B","Strike_B"],"score":374,"play_id":"83e1bcfa-966f-4088-8808-e2f5677546c2","local_time":"20190325230236","is_ascension_mode":true,"campfire_choices":[{"data":"Zap","floor":6,"key":"SMITH"},{"floor":15,"key":"REST"},{"data":"Beam Cell","floor":23,"key":"SMITH"}],"neow_cost":"NONE","seed_source_timestamp":2949245056456960,"circlet_count":0,"master_deck":["AscendersBane","Defend_B","Defend_B","Zap+1","Dualcast","Cold Snap","Cold Snap","Go for the Eyes","Hello World","Capacitor","Chill","Seek","Beam Cell+1","Coolheaded+1","Core Surge","RitualDagger","Tempest","Chill"],"relics":["Cracked Core","Potion Belt","Anchor","Happy Flower","Vajra","Empty Cage","Bronze Scales","Art of War"],"potions_floor_usage":[11,16,16,24],"damage_taken":[{"damage":2,"enemies":"2 Louse","floor":1,"turns":3},{"damage":7,"enemies":"Jaw Worm","floor":5,"turns":3},{"damage":20,"enemies":"Gremlin Nob","floor":8,"turns":5},{"damage":2,"enemies":"Cultist","floor":10,"turns":3},{"damage":4,"enemies":"Lagavulin","floor":11,"turns":6},{"damage":0,"enemies":"Looter","floor":12,"turns":3},{"damage":3,"enemies":"3 Louse","floor":14,"turns":3},{"damage":18,"enemies":"Slime Boss","floor":16,"turns":6},{"damage":0,"enemies":"Chosen","floor":18,"turns":6},{"damage":3,"enemies":"Shell Parasite","floor":20,"turns":6},{"damage":13,"enemies":"Slavers","floor":24,"turns":7},{"damage":21,"enemies":"Cultist and Chosen","floor":25,"turns":7},{"damage":31,"enemies":"Gremlin Leader","floor":27,"turns":6}],"seed_played":"-7928401856757796192","potions_obtained":[{"floor":5,"key":"PowerPotion"},{"floor":10,"key":"Dexterity Potion"},{"floor":14,"key":"AttackPotion"},{"floor":18,"key":"GamblersBrew"}],"is_trial":false,"path_per_floor":["M","?","?","$","M","R","?","E","T","M","E","M","?","M","R","B",null,"M","?","M","$","?","R","E","M","T","E"],"character_chosen":"DEFECT","items_purchased":["Core Surge"],"campfire_rested":1,"item_purchase_floors":[21],"current_hp_per_floor":[73,78,71,71,64,64,64,44,44,42,38,38,31,28,54,36,74,74,74,71,71,65,65,52,31,31,0],"gold":295,"neow_bonus":"TEN_PERCENT_HP_BONUS","is_prod":false,"is_daily":false,"chose_seed":false,"campfire_upgraded":2,"win_rate":0,"timestamp":1553551356,"path_taken":["M","?","?","$","M","R","?","E","T","M","E","?","?","M","R","BOSS","M","?","M","?","?","R","E","M","T","E"],"build_version":"2019-01-23","purchased_purges":2,"victory":false,"max_hp_per_floor":[82,87,87,87,87,87,87,87,87,87,87,87,87,87,87,87,87,87,87,87,87,87,87,87,87,87,87],"card_choices":[{"not_picked":["Coolheaded","Leap"],"picked":"Cold Snap","floor":1},{"not_picked":["Beam Cell","Conserve Battery"],"picked":"Cold Snap","floor":5},{"not_picked":["Leap","Hello World"],"picked":"Go for the Eyes","floor":8},{"not_picked":["Static Discharge","Reprogram"],"picked":"Hello World","floor":10},{"not_picked":["Redo","Scrape"],"picked":"Capacitor","floor":11},{"not_picked":["Scrape","Seek"],"picked":"Chill","floor":12},{"not_picked":["Recycle","Reprogram","Stack"],"picked":"SKIP","floor":14},{"not_picked":["Multi-Cast","Hyperbeam"],"picked":"Seek","floor":16},{"not_picked":["Static Discharge","Steam Power"],"picked":"Beam Cell","floor":18},{"not_picked":["Sweeping Beam","Go for the Eyes"],"picked":"Coolheaded+1","floor":20},{"not_picked":["Recycle","Stack"],"picked":"Tempest","floor":24},{"not_picked":["Redo+1","Sweeping Beam"],"picked":"Chill","floor":25}],"player_experience":318273,"relics_obtained":[{"floor":8,"key":"Potion Belt"},{"floor":9,"key":"Anchor"},{"floor":11,"key":"Happy Flower"},{"floor":24,"key":"Bronze Scales"},{"floor":26,"key":"Art of War"}],"event_choices":[{"damage_healed":0,"gold_gain":0,"player_choice":"Donut","damage_taken":0,"max_hp_gain":5,"max_hp_loss":0,"event_name":"Big Fish","floor":2,"gold_loss":0},{"cards_removed":["Strike_B"],"damage_healed":0,"gold_gain":0,"player_choice":"Card Removal","damage_taken":7,"max_hp_gain":0,"max_hp_loss":0,"event_name":"Golden Wing","floor":3,"gold_loss":0},{"cards_removed":["Strike_B"],"damage_healed":0,"gold_gain":0,"player_choice":"Offered Basic","damage_taken":0,"max_hp_gain":0,"max_hp_loss":0,"event_name":"Bonfire Elementals","floor":7,"gold_loss":0},{"damage_healed":0,"gold_gain":0,"player_choice":"Success","damage_taken":7,"relics_obtained":["Vajra"],"max_hp_gain":0,"max_hp_loss":0,"event_name":"Scrap Ooze","floor":13,"gold_loss":0},{"damage_healed":0,"gold_gain":100,"player_choice":"Pray","damage_taken":0,"max_hp_gain":0,"max_hp_loss":0,"event_name":"Golden Shrine","floor":19,"gold_loss":0},{"damage_healed":0,"gold_gain":0,"player_choice":"Joined the Cult","damage_taken":6,"max_hp_gain":0,"max_hp_loss":0,"event_name":"Nest","floor":22,"gold_loss":0,"cards_obtained":["RitualDagger"]}],"is_beta":false,"boss_relics":[{"not_picked":["Philosopher\u0027s Stone","Tiny House"],"picked":"Empty Cage"}],"items_purged_floors":[4,21],"is_endless":false,"potions_floor_spawned":[5,10,14,18],"killed_by":"Gremlin Leader","ascension_level":11}