{"gold_per_floor":[18,193,193,209,221,221,146,177,177,177,188,188,62,76,76,172,172,189,389,405,424,167,167,21,21,72,72,72,33,33,65,65,166,166,183,183,1182,1182,1182,1182,1182,1195,1222,1276,1286,301,301,311,311,311],"floor_reached":51,"playtime":2683,"items_purged":["Doubt","Normality"],"score":1094,"play_id":"54c36a25-f06f-49c2-afbf-8a642fea581e","local_time":"20190305140853","is_ascension_mode":true,"campfire_choices":[{"data":"Dualcast","floor":6.0,"key":"SMITH"},{"data":"Coolheaded","floor":10.0,"key":"SMITH"},{"floor":12.0,"key":"REST"},{"floor":15.0,"key":"REST"},{"floor":23.0,"key":"REST"},{"floor":25.0,"key":"REST"},{"data":"Blizzard","floor":27.0,"key":"SMITH"},{"data":"Reinforced Body","floor":30.0,"key":"SMITH"},{"floor":32.0,"key":"REST"},{"floor":40.0,"key":"REST"},{"floor":49.0,"key":"REST"}],"neow_cost":"NO_GOLD","seed_source_timestamp":0,"circlet_count":0,"master_deck":["AscendersBane","Strike_B","Strike_B","Strike_B","Defend_B","Defend_B","Defend_B","Defend_B","Zap+1","Dualcast+1","Leap","Leap","Coolheaded+1","Blizzard+1","Reinforced Body+1","Glacier","Cold Snap","Undo","Seek","Leap","Cold Snap","Coolheaded+1","Shame","Capacitor+1","Reboot","Rebound+1","Magnetism+1","Mind Blast","Discovery","Normality","Stack+1","Capacitor+1","Conserve Battery+1","Apotheosis","Blizzard","Coolheaded"],"special_seed":0,"relics":["Cracked Core","FossilizedHelix","Bronze Scales","Matryoshka","White Beast Statue","DataDisk","Strawberry","Frozen Egg 2","Art of War","Mercury Hourglass","Juzu Bracelet","Fusion Hammer","Bottled Flame","Vajra","Incense Burner","Toolbox","PreservedInsect","Du-Vu Doll"],"potions_floor_usage":[50,50],"damage_taken":[{"damage":0.0,"enemies":"2 Louse","floor":1.0,"turns":2.0},{"damage":1.0,"enemies":"Jaw Worm","floor":4.0,"turns":5.0},{"damage":0.0,"enemies":"Cultist","floor":5.0,"turns":4.0},{"damage":24.0,"enemies":"Gremlin Nob","floor":8.0,"turns":5.0},{"damage":19.0,"enemies":"Gremlin Gang","floor":11.0,"turns":4.0},{"damage":0.0,"enemies":"Blue Slaver","floor":14.0,"turns":4.0},{"damage":2.0,"enemies":"Hexaghost","floor":16.0,"turns":15.0},{"damage":0.0,"enemies":"Chosen","floor":18.0,"turns":6.0},{"damage":1.0,"enemies":"Spheric Guardian","floor":20.0,"turns":9.0},{"damage":53.0,"enemies":"Centurion and Healer","floor":21.0,"turns":15.0},{"damage":11.0,"enemies":"Book of Stabbing","floor":31.0,"turns":7.0},{"damage":22.0,"enemies":"Collector","floor":33.0,"turns":16.0},{"damage":0.0,"enemies":"3 Shapes","floor":35.0,"turns":6.0},{"damage":0.0,"enemies":"Reptomancer","floor":41.0,"turns":1.0},{"damage":1.0,"enemies":"Orb Walker","floor":42.0,"turns":3.0},{"damage":41.0,"enemies":"2 Orb Walkers","floor":44.0,"turns":6.0},{"damage":0.0,"enemies":"4 Shapes","floor":45.0,"turns":7.0},{"damage":0.0,"enemies":"Transient","floor":47.0,"turns":1.0},{"damage":18.0,"enemies":"3 Darklings","floor":48.0,"turns":5.0},{"damage":38,"enemies":"Donu and Deca","floor":50,"turns":12}],"seed_played":"-6780832590683962423","potions_obtained":[{"floor":1.0,"key":"SkillPotion"},{"floor":11.0,"key":"Ancient Potion"},{"floor":14.0,"key":"FocusPotion"},{"floor":18.0,"key":"SkillPotion"},{"floor":20.0,"key":"Weak Potion"},{"floor":21.0,"key":"SkillPotion"},{"floor":31.0,"key":"AttackPotion"},{"floor":33.0,"key":"SteroidPotion"},{"floor":42.0,"key":"Block Potion"},{"floor":44.0,"key":"EssenceOfSteel"},{"floor":45.0,"key":"SmokeBomb"},{"floor":48.0,"key":"Energy Potion"}],"is_trial":false,"path_per_floor":["M","?","?","M","M","R","$","E","T","R","M","R","$","M","R","B",null,"M","?","M","M","$","R","$","R","T","R","?","$","R","E","R","B",null,"M","?","?","?","?","R","E","M","T","?","M","$","M","M","R","B",null],"character_chosen":"DEFECT","items_purchased":["Glacier","Cold Snap","DataDisk","SmokeBomb","Strawberry","Capacitor+1","Apotheosis","Blizzard","Toolbox","PreservedInsect","Du-Vu Doll"],"campfire_rested":7,"item_purchase_floors":[13,13,22,22,24,29,46,46,46,46,46],"current_hp_per_floor":[68,68,68,67,67,67,67,43,43,43,24,46,46,46,68,66,73,73,73,72,19,19,41,48,72,72,72,72,72,72,61,82,60,77,77,67,67,67,67,82,82,81,81,40,40,40,40,22,46,8],"gold":311,"neow_bonus":"ONE_RARE_RELIC","is_prod":false,"is_daily":false,"chose_seed":false,"campfire_upgraded":4,"win_rate":0,"timestamp":1551816533,"path_taken":["M","?","?","?","M","R","$","E","T","R","M","R","$","?","R","BOSS","M","?","?","M","$","R","$","R","T","R","?","?","R","E","R","BOSS","M","?","?","?","?","R","E","M","T","?","M","$","M","M","R","BOSS"],"build_version":"2019-01-23","purchased_purges":2,"victory":true,"max_hp_per_floor":[75,75,75,75,75,75,75,75,75,75,75,75,75,75,75,75,75,75,75,75,75,75,75,82,82,82,82,82,82,82,82,82,82,82,82,82,82,82,82,82,82,82,82,82,82,82,82,82,82,82],"card_choices":[{"not_picked":["Sunder","Skim"],"picked":"Leap","floor":1.0},{"not_picked":["Stack","Go for the Eyes"],"picked":"Leap","floor":4.0},{"not_picked":["Blizzard","Static Discharge"],"picked":"Coolheaded","floor":5.0},{"not_picked":["Scrape","Lockon"],"picked":"Blizzard","floor":8.0},{"not_picked":["Fusion","Steam"],"picked":"Reinforced Body","floor":11.0},{"not_picked":["Go for the Eyes","Heatsinks"],"picked":"Undo","floor":14.0},{"not_picked":["Biased Cognition","Meteor Strike"],"picked":"Seek","floor":16.0},{"not_picked":["Steam","Beam Cell"],"picked":"Leap","floor":18.0},{"not_picked":["Sweeping Beam","Streamline"],"picked":"Cold Snap","floor":20.0},{"not_picked":["Steam","Fusion"],"picked":"Coolheaded+1","floor":21.0},{"not_picked":["Redo","Sweeping Beam","Consume"],"picked":"SKIP","floor":31.0},{"not_picked":["Seek","Multi-Cast"],"picked":"Reboot","floor":33.0},{"not_picked":["Self Repair+1","Turbo+1"],"picked":"Rebound+1","floor":35.0},{"not_picked":["Enlightenment","Good Instincts"],"picked":"Magnetism+1","floor":36.0},{"not_picked":["HandOfGreed","Madness"],"picked":"Mind Blast","floor":36.0},{"not_picked":["Flash of Steel","Panacea"],"picked":"Discovery","floor":36.0},{"not_picked":["Beam Cell+1","Self Repair+1"],"picked":"Stack+1","floor":42.0},{"not_picked":["Cold Snap","Double Energy"],"picked":"Capacitor+1","floor":44.0},{"not_picked":["Streamline+1","Rip and Tear+1"],"picked":"Conserve Battery+1","floor":45.0},{"not_picked":["Scrape","Doom and Gloom"],"picked":"Coolheaded","floor":48.0}],"player_experience":631178,"relics_obtained":[{"floor":8.0,"key":"Bronze Scales"},{"floor":9.0,"key":"Matryoshka"},{"floor":26.0,"key":"Frozen Egg 2"},{"floor":26.0,"key":"Art of War"},{"floor":31.0,"key":"Juzu Bracelet"},{"floor":43.0,"key":"Bottled Flame"},{"floor":43.0,"key":"Vajra"},{"floor":44.0,"key":"Incense Burner"}],"event_choices":[{"damage_healed":0.0,"max_hp_gain":0.0,"max_hp_loss":0.0,"gold_gain":175.0,"event_name":"Liars Game","player_choice":"AGREE","floor":2.0,"gold_loss":0.0,"damage_taken":0.0,"cards_obtained":["Doubt"]},{"damage_healed":0.0,"max_hp_gain":0.0,"max_hp_loss":0.0,"gold_gain":0.0,"event_name":"Upgrade Shrine","player_choice":"Upgraded","floor":3.0,"gold_loss":0.0,"damage_taken":0.0,"cards_upgraded":["Zap"]},{"damage_healed":0.0,"max_hp_gain":0.0,"max_hp_loss":0.0,"gold_gain":250.0,"event_name":"The Joust","player_choice":"Bet on Owner","floor":19.0,"gold_loss":50.0,"damage_taken":0.0},{"damage_healed":0.0,"max_hp_gain":0.0,"max_hp_loss":0.0,"gold_gain":0.0,"event_name":"Addict","player_choice":"Stole Relic","floor":28.0,"gold_loss":0.0,"damage_taken":0.0,"relics_obtained":["Mercury Hourglass"],"cards_obtained":["Shame"]},{"damage_healed":0.0,"max_hp_gain":0.0,"max_hp_loss":0.0,"gold_gain":0.0,"event_name":"SensoryStone","player_choice":"Memory 3","floor":36.0,"gold_loss":0.0,"damage_taken":10.0},{"damage_healed":0.0,"max_hp_gain":0.0,"max_hp_loss":0.0,"gold_gain":999.0,"event_name":"MindBloom","player_choice":"Gold","floor":37.0,"gold_loss":0.0,"damage_taken":0.0,"cards_obtained":["Normality","Normality"]},{"cards_removed":["Strike_B"],"damage_healed":0.0,"max_hp_gain":0.0,"max_hp_loss":0.0,"gold_gain":0.0,"event_name":"Falling","player_choice":"Removed Attack","floor":38.0,"gold_loss":0.0,"damage_taken":0.0},{"damage_healed":0.0,"max_hp_gain":0.0,"max_hp_loss":0.0,"gold_gain":0.0,"event_name":"Tomb of Lord Red Mask","player_choice":"Ignored","floor":39.0,"gold_loss":0.0,"damage_taken":0.0},{"damage_healed":0.0,"max_hp_gain":0.0,"max_hp_loss":0.0,"gold_gain":0.0,"event_name":"Mysterious Sphere","player_choice":"Fight","floor":44.0,"gold_loss":0.0,"damage_taken":0.0}],"is_beta":false,"boss_relics":[{"not_picked":["Sozu","Busted Crown"],"picked":"White Beast Statue"},{"not_picked":["Philosopher\u0027s Stone","Runic Dome"],"picked":"Fusion Hammer"}],"items_purged_floors":[7,46],"is_endless":false,"potions_floor_spawned":[1,11,14,18,20,21,31,33,35,41,42,44,45,47,48],"ascension_level":11}