{"gold_per_floor":[112,184,259,259,273,273,299,313,313,331,331,181,181,181,181,286,286,301,211,211,230,307,307],"floor_reached":23,"playtime":2218,"items_purged":["Strike_R"],"score":212,"play_id":"92c05a5a-de87-4dcc-8c60-6852a6967634","local_time":"20190309023448","is_ascension_mode":false,"campfire_choices":[{"data":"Metallicize","floor":6,"key":"SMITH"},{"data":"Bash","floor":11,"key":"SMITH"},{"data":"Fire Breathing","floor":13,"key":"SMITH"},{"floor":15,"key":"REST"}],"neow_cost":"NONE","seed_source_timestamp":5594149311449,"circlet_count":0,"master_deck":["Strike_R","Defend_R+1","Defend_R","Defend_R","Bash+1","Heavy Blade+1","Metallicize+1","Pommel Strike","Rage+1","Cleave+1","Fire Breathing+1","Barricade","Rupture+1","Shockwave+1","Searing Blow+1","Uppercut+1","Flame Barrier+1"],"relics":["Burning Blood","NeowsBlessing","Toxic Egg 2","Strawberry","Molten Egg 2","Dodecahedron","Astrolabe","Sundial"],"potions_floor_usage":[23,23],"damage_taken":[{"damage":0,"enemies":"Cultist","floor":1,"turns":1},{"damage":0,"enemies":"Jaw Worm","floor":5,"turns":1},{"damage":0,"enemies":"Lagavulin","floor":7,"turns":2},{"damage":0,"enemies":"Small Slimes","floor":8,"turns":3},{"damage":1,"enemies":"Exordium Wildlife","floor":10,"turns":5},{"damage":3,"enemies":"Slime Boss","floor":16,"turns":12},{"damage":43,"enemies":"3 Byrds","floor":18,"turns":6},{"damage":25,"enemies":"2 Thieves","floor":21,"turns":5},{"damage":49,"enemies":"Gremlin Leader","floor":23,"turns":4}],"seed_played":"1137285821817704583","potions_obtained":[{"floor":1,"key":"Regen Potion"},{"floor":5,"key":"GamblersBrew"},{"floor":8,"key":"BloodPotion"}],"is_trial":false,"path_per_floor":["M","T","?","?","M","R","E","M","T","M","R","$","R","?","R","B",null,"M","?","$","M","T","E"],"character_chosen":"IRONCLAD","items_purchased":["Fire Breathing"],"campfire_rested":1,"item_purchase_floors":[12],"current_hp_per_floor":[80,80,69,69,75,75,87,87,87,87,87,87,87,80,87,87,87,50,50,50,31,31,0],"gold":307,"neow_bonus":"THREE_ENEMY_KILL","is_prod":false,"is_daily":false,"chose_seed":false,"campfire_upgraded":3,"win_rate":0.0,"timestamp":1552095288,"path_taken":["M","?","?","?","M","R","E","?","T","M","R","$","R","?","R","BOSS","M","?","?","M","?","E"],"build_version":"2019-01-23","purchased_purges":1,"victory":false,"max_hp_per_floor":[80,80,80,80,80,80,87,87,87,87,87,87,87,87,87,87,87,87,87,87,87,87,87],"card_choices":[{"not_picked":["Disarm","Hemokinesis"],"picked":"Heavy Blade","floor":1},{"not_picked":["Armaments+1","Bloodletting+1"],"picked":"Metallicize","floor":5},{"not_picked":["Flex+1","Reckless Charge"],"picked":"Pommel Strike","floor":7},{"not_picked":["Reckless Charge","Thunderclap"],"picked":"Rage+1","floor":8},{"not_picked":["Second Wind+1","Shockwave+1"],"picked":"Cleave+1","floor":10},{"not_picked":["Dark Embrace","Demon Form"],"picked":"Barricade","floor":16},{"not_picked":["Pommel Strike+1","Seeing Red+1"],"picked":"Uppercut+1","floor":18},{"not_picked":["Sword Boomerang+1","Whirlwind+1"],"picked":"Flame Barrier+1","floor":21}],"player_experience":22213,"relics_obtained":[{"floor":2,"key":"Toxic Egg 2"},{"floor":7,"key":"Strawberry"},{"floor":9,"key":"Molten Egg 2"},{"floor":22,"key":"Sundial"}],"event_choices":[{"damage_healed":0,"gold_gain":75,"player_choice":"Gather Gold","damage_taken":11,"max_hp_gain":0,"max_hp_loss":0,"event_name":"World of Goop","floor":3,"gold_loss":0},{"damage_healed":0,"gold_gain":0,"player_choice":"Grow","damage_taken":0,"max_hp_gain":0,"max_hp_loss":0,"event_name":"Living Wall","floor":4,"gold_loss":0,"cards_upgraded":["Heavy Blade"]},{"damage_healed":0,"gold_gain":0,"player_choice":"Success","damage_taken":7,"relics_obtained":["Dodecahedron"],"max_hp_gain":0,"max_hp_loss":0,"event_name":"Scrap Ooze","floor":14,"gold_loss":0},{"cards_removed":["Strike_R"],"damage_healed":0,"gold_gain":0,"player_choice":"Upgrade and Remove","damage_taken":0,"max_hp_gain":0,"max_hp_loss":0,"event_name":"Designer","floor":19,"gold_loss":90,"cards_upgraded":["Defend_R"]}],"is_beta":false,"boss_relics":[{"not_picked":["Fusion Hammer","Empty Cage"],"picked":"Astrolabe"}],"items_purged_floors":[12],"is_endless":false,"potions_floor_spawned":[1,5,8,18],"killed_by":"Gremlin Leader","ascension_level":0}