{"gold_per_floor":[109,122,136,136,136,136,161,161,161,191,191,204,222,233,233,331,331,256,266,276,276,58,69,69,69,147,161,161,161,186,186,186,186],"floor_reached":33,"playtime":2240,"items_purged":["Defend_G"],"score":303,"play_id":"895d4485-4bc6-4d3b-8b7e-1ce8244d1865","local_time":"20180712045946","is_ascension_mode":true,"campfire_choices":[{"data":"Neutralize","floor":6.0,"key":"SMITH"},{"data":"Noxious Fumes","floor":8.0,"key":"SMITH"},{"data":"Cloak And Dagger","floor":11.0,"key":"SMITH"},{"floor":15.0,"key":"REST"},{"data":"Corpse Explosion","floor":24,"key":"SMITH"},{"floor":28,"key":"REST"},{"floor":32,"key":"REST"}],"neow_cost":"","seed_source_timestamp":877511942620710,"circlet_count":0,"master_deck":["Defend_G+1","Defend_G+1","Strike_G+1","Strike_G+1","Strike_G+1","Strike_G+1","Strike_G+1","Survivor","Neutralize+1","Cloak And Dagger+1","Backflip","Infinite Blades+1","Noxious Fumes+1","Prepared","Malaise","Dodge and Roll","PiercingWail","Flechettes","Bane","Corpse Explosion+1","Blade Dance","Prepared+1"],"special_seed":0,"relics":["Ring of the Snake","Pear","Blood Vial","Unceasing Top","Bottled Flame","Empty Cage","Tiny Chest","Torii","GremlinMask"],"potions_floor_usage":[19,20,27,30,30,33],"damage_taken":[{"damage":11.0,"enemies":"Jaw Worm","floor":1.0,"turns":8.0},{"damage":2.0,"enemies":"Cultist","floor":2.0,"turns":5.0},{"damage":0.0,"enemies":"2 Louse","floor":3.0,"turns":5.0},{"damage":25.0,"enemies":"Lagavulin","floor":7.0,"turns":10.0},{"damage":11.0,"enemies":"3 Sentries","floor":10.0,"turns":8.0},{"damage":13.0,"enemies":"Large Slime","floor":12.0,"turns":6.0},{"damage":6.0,"enemies":"Blue Slaver","floor":13.0,"turns":4.0},{"damage":0.0,"enemies":"2 Fungi Beasts","floor":14.0,"turns":4.0},{"damage":5,"enemies":"The Guardian","floor":16,"turns":14},{"damage":20,"enemies":"2 Thieves","floor":18,"turns":5},{"damage":3,"enemies":"Chosen","floor":19,"turns":7},{"damage":10,"enemies":"Snake Plant","floor":20,"turns":7},{"damage":23,"enemies":"Snecko","floor":23,"turns":7},{"damage":6,"enemies":"Centurion and Healer","floor":27,"turns":6},{"damage":4,"enemies":"Book of Stabbing","floor":30,"turns":6},{"damage":87,"enemies":"Automaton","floor":33,"turns":10}],"seed_played":"-8433348558403702519","potions_obtained":[{"floor":7.0,"key":"Swift Potion"},{"floor":13.0,"key":"Dexterity Potion"},{"floor":14.0,"key":"GhostInAJar"},{"floor":16,"key":"SpeedPotion"},{"floor":20,"key":"SmokeBomb"},{"floor":27,"key":"PowerPotion"},{"floor":29,"key":"Strength Potion"},{"floor":30,"key":"FearPotion"}],"is_trial":false,"path_per_floor":["M","M","M","?","T","R","E","R","T","E","R","M","M","M","R","B",null,"M","M","M","?","$","M","R","?","T","M","R","?","E","?","R"],"character_chosen":"THE_SILENT","items_purchased":["Corpse Explosion"],"campfire_rested":3,"item_purchase_floors":[22],"current_hp_per_floor":[59,57,57,57,67,67,42,42,42,33,33,22,18,20,44,41,80,60,59,51,51,51,30,30,30,30,26,50,50,48,48,72,0],"gold":186,"neow_bonus":"","is_prod":false,"is_daily":false,"chose_seed":false,"campfire_upgraded":4,"win_rate":0,"timestamp":1531393186,"path_taken":["M","M","M","?","?","R","E","R","T","E","R","?","M","?","R","BOSS","M","M","M","?","$","M","R","?","T","M","R","?","E","?","R","BOSS"],"build_version":"2018-07-05","purchased_purges":1,"victory":false,"max_hp_per_floor":[70,70,70,70,80,80,80,80,80,80,80,80,80,80,80,80,80,80,80,80,80,80,80,80,80,80,80,80,80,80,80,80,80],"card_choices":[{"not_picked":["Outmaneuver","Deflect"],"picked":"Cloak And Dagger","floor":1.0},{"not_picked":["Bouncing Flask","Backstab"],"picked":"Backflip","floor":2.0},{"not_picked":["Dagger Throw","Sucker Punch"],"picked":"Infinite Blades","floor":3.0},{"not_picked":["Grand Finale","Night Terror"],"picked":"Noxious Fumes","floor":7.0},{"not_picked":["Skewer","Bane"],"picked":"Prepared","floor":10.0},{"not_picked":["Expertise","Poisoned Stab"],"picked":"Malaise","floor":12.0},{"not_picked":["Slice","Outmaneuver"],"picked":"Dodge and Roll","floor":13.0},{"not_picked":["Backflip","Dagger Spray","Flying Knee"],"picked":"SKIP","floor":14.0},{"not_picked":["Cloak And Dagger","Prepared+1","Reflex+1"],"picked":"SKIP","floor":18},{"not_picked":["Endless Agony","Backflip"],"picked":"PiercingWail","floor":19},{"not_picked":["Underhanded Strike+1","Deflect"],"picked":"Flechettes","floor":20},{"not_picked":["Bouncing Flask","Underhanded Strike+1"],"picked":"Blade Dance","floor":23},{"not_picked":["Backflip","Outmaneuver","Choke+1"],"picked":"SKIP","floor":27},{"not_picked":["Quick Slash+1","Endless Agony"],"picked":"Prepared+1","floor":30}],"player_experience":102894,"relics_obtained":[{"floor":5.0,"key":"Pear"},{"floor":7.0,"key":"Blood Vial"},{"floor":9.0,"key":"Unceasing Top"},{"floor":10.0,"key":"Bottled Flame"},{"floor":26,"key":"Tiny Chest"},{"floor":30,"key":"Torii"}],"event_choices":[{"event_name":"Upgrade Shrine","player_choice":"Upgraded","floor":4.0,"damage_taken":0.0},{"event_name":"The Library","player_choice":"Read","floor":21,"damage_taken":0},{"event_name":"Back to Basics","player_choice":"Simplicity","floor":25,"damage_taken":0},{"event_name":"The Lab","player_choice":"Got Potions","floor":29,"damage_taken":0},{"event_name":"FaceTrader","player_choice":"Trade","floor":31,"damage_taken":0}],"boss_relics":[{"not_picked":["White Beast Statue","Runic Pyramid"],"picked":"Empty Cage"}],"items_purged_floors":[22],"is_endless":false,"potions_floor_spawned":[7,13,14,16,20,27,30],"killed_by":"Automaton","ascension_level":2}