{"gold_per_floor":[119,119,134,145,145,179,6,38,38,49,76,151,151,181,181,283,283,295,314,330,60,60],"floor_reached":22,"playtime":1558,"items_purged":["Strike_B"],"score":342,"play_id":"f4935871-f29f-405f-9021-e37119abbd04","local_time":"20190410191225","is_ascension_mode":true,"campfire_choices":[{"data":"Zap","floor":13,"key":"SMITH"},{"floor":15,"key":"DIG"}],"neow_cost":"NONE","seed_source_timestamp":23441779915714,"circlet_count":0,"master_deck":["AscendersBane","Strike_B","Strike_B","Defend_B","Defend_B","Defend_B","Defend_B","Zap+1","Dualcast","Chill","Self Repair","Ball Lightning","Conserve Battery","Master of Strategy","Steam","Go for the Eyes","Undo","Echo Form","Turbo","Glacier+1","Capacitor","Amplify","Defragment","Conserve Battery"],"relics":["Cracked Core","Anchor","Ornamental Fan","PreservedInsect","Shovel","Dream Catcher","Pantograph","Nuclear Battery"],"potions_floor_usage":[8,14,16,22],"damage_taken":[{"damage":4,"enemies":"Small Slimes","floor":1,"turns":3},{"damage":0,"enemies":"2 Louse","floor":3,"turns":3},{"damage":5,"enemies":"Jaw Worm","floor":4,"turns":4},{"damage":33,"enemies":"Gremlin Nob","floor":6,"turns":4},{"damage":3,"enemies":"3 Sentries","floor":8,"turns":8},{"damage":0,"enemies":"Gremlin Gang","floor":10,"turns":6},{"damage":32,"enemies":"Gremlin Nob","floor":11,"turns":4},{"damage":5,"enemies":"Lagavulin","floor":14,"turns":7},{"damage":49,"enemies":"Hexaghost","floor":16,"turns":14},{"damage":19,"enemies":"3 Byrds","floor":18,"turns":6},{"damage":11,"enemies":"Chosen","floor":19,"turns":7},{"damage":45,"enemies":"Centurion and Healer","floor":20,"turns":31},{"damage":14,"enemies":"3 Cultists","floor":22,"turns":4}],"seed_played":"-4842200999008059048","potions_obtained":[{"floor":4,"key":"Fire Potion"},{"floor":6,"key":"Regen Potion"},{"floor":11,"key":"Strength Potion"},{"floor":18,"key":"Poison Potion"},{"floor":19,"key":"EssenceOfSteel"}],"is_trial":false,"path_per_floor":["M","?","M","M","?","E","$","E","T","M","E","?","R","E","R","B",null,"M","M","M","$","M"],"character_chosen":"DEFECT","items_purchased":["Master of Strategy","Amplify","Defragment","Conserve Battery"],"campfire_rested":0,"item_purchase_floors":[7,21,21,21],"current_hp_per_floor":[71,76,76,78,71,45,45,49,49,49,24,13,13,29,29,12,68,49,52,14,14,0],"gold":60,"neow_bonus":"TEN_PERCENT_HP_BONUS","is_prod":false,"is_daily":false,"chose_seed":false,"campfire_upgraded":1,"win_rate":0,"timestamp":1554948745,"path_taken":["M","?","M","M","?","E","$","E","T","M","E","?","R","E","R","BOSS","M","M","M","$","M"],"build_version":"2019-01-23","purchased_purges":1,"victory":false,"max_hp_per_floor":[82,87,87,87,87,87,87,87,87,87,87,87,87,87,87,87,87,87,87,87,87,87],"card_choices":[{"not_picked":["Rebound","Reprogram"],"picked":"Chill","floor":1},{"not_picked":["Rebound","Rip and Tear"],"picked":"Self Repair","floor":3},{"not_picked":["Coolheaded","Sunder"],"picked":"Ball Lightning","floor":4},{"not_picked":["Leap","Seek"],"picked":"Conserve Battery","floor":6},{"not_picked":["Cold Snap","Leap"],"picked":"Steam","floor":8},{"not_picked":["Sunder","Fusion","Chaos"],"picked":"SKIP","floor":10},{"not_picked":["Hello World","Sweeping Beam"],"picked":"Go for the Eyes","floor":11},{"not_picked":["Redo","Reprogram"],"picked":"Undo","floor":14},{"not_picked":["Machine Learning","Biased Cognition"],"picked":"Echo Form","floor":16},{"not_picked":["Genetic Algorithm","Coolheaded"],"picked":"Turbo","floor":18},{"not_picked":["Rebound","Stack"],"picked":"Glacier+1","floor":19},{"not_picked":["Beam Cell","Coolheaded"],"picked":"Capacitor","floor":20}],"player_experience":356102,"relics_obtained":[{"floor":6,"key":"Anchor"},{"floor":8,"key":"Ornamental Fan"},{"floor":9,"key":"PreservedInsect"},{"floor":11,"key":"Shovel"},{"floor":14,"key":"Dream Catcher"},{"floor":15,"key":"Pantograph"}],"event_choices":[{"damage_healed":0,"gold_gain":0,"player_choice":"Donut","damage_taken":0,"max_hp_gain":5,"max_hp_loss":0,"event_name":"Big Fish","floor":2,"gold_loss":0},{"cards_removed":["Strike_B"],"damage_healed":0,"gold_gain":0,"player_choice":"Card Removal","damage_taken":7,"max_hp_gain":0,"max_hp_loss":0,"event_name":"Golden Wing","floor":5,"gold_loss":0},{"damage_healed":0,"gold_gain":75,"player_choice":"Gather Gold","damage_taken":11,"max_hp_gain":0,"max_hp_loss":0,"event_name":"World of Goop","floor":12,"gold_loss":0}],"is_beta":false,"boss_relics":[{"not_picked":["Runic Pyramid","Black Star"],"picked":"Nuclear Battery"}],"items_purged_floors":[21],"is_endless":false,"potions_floor_spawned":[4,6,11,18,19],"killed_by":"3 Cultists","ascension_level":12}