{"gold_per_floor":[111,130,130,17,31,31,50,50,50,64,64,64,80,80,80,178,178,188,188,65,65,65,97,7,7,54,54,72,72],"floor_reached":29,"playtime":1213,"items_purged":["Regret","Pain"],"score":352,"play_id":"9be17e6b-af9c-4778-9891-97a4971dd7d6","local_time":"20181101200500","is_ascension_mode":true,"campfire_choices":[{"data":"Predator","floor":6,"key":"SMITH"},{"data":"Dagger Spray","floor":8,"key":"SMITH"},{"data":"Burst","floor":11,"key":"SMITH"},{"floor":15,"key":"REST"},{"floor":25,"key":"REST"},{"floor":27,"key":"REST"}],"neow_cost":"TEN_PERCENT_HP_LOSS","seed_source_timestamp":323257273302457,"circlet_count":0,"master_deck":["Defend_G","Defend_G","Defend_G+1","Defend_G","Defend_G","Strike_G","Strike_G+1","Strike_G","Survivor","Neutralize","Burst+1","Blade Dance","Cloak And Dagger","Predator+1","Dagger Spray+1","Blade Dance+1","Outmaneuver+1","After Image","Dodge and Roll+1","Grand Finale+1","Prepared+1","Good Instincts+1","PanicButton+1","Panacea+1","Panacea+1","Blade Dance+1","Backflip+1","Dodge and Roll+1"],"relics":["Ring of the Snake","Toxic Egg 2","Shuriken","WarpedTongs","Black Star","Potion Belt","Whetstone","Art of War"],"potions_floor_usage":[23,23],"damage_taken":[{"damage":0,"enemies":"2 Louse","floor":1,"turns":4},{"damage":20,"enemies":"Jaw Worm","floor":2,"turns":4},{"damage":0,"enemies":"Cultist","floor":5,"turns":5},{"damage":0,"enemies":"Gremlin Gang","floor":7,"turns":3},{"damage":9,"enemies":"2 Fungi Beasts","floor":10,"turns":3},{"damage":0,"enemies":"Large Slime","floor":13,"turns":3},{"damage":14,"enemies":"Slime Boss","floor":16,"turns":7},{"damage":20,"enemies":"Shell Parasite","floor":18,"turns":6},{"damage":0,"enemies":"Gremlin Leader","floor":23,"turns":5},{"damage":12,"enemies":"3 Byrds","floor":28,"turns":4},{"damage":25,"enemies":"Slavers","floor":29,"turns":4}],"seed_played":"6871382617093226887","potions_obtained":[{"floor":1,"key":"SpeedPotion"},{"floor":10,"key":"GhostInAJar"},{"floor":18,"key":"AttackPotion"},{"floor":23,"key":"Strength Potion"}],"is_trial":false,"path_per_floor":["M","M","?","$","M","R","M","R","T","M","R","?","M","?","R","B",null,"M","?","$","?","$","E","?","R","T","R","M"],"character_chosen":"THE_SILENT","items_purchased":["Predator","Blade Dance+1"],"campfire_rested":3,"item_purchase_floors":[4,20],"current_hp_per_floor":[63,43,43,43,43,43,43,43,43,34,34,34,34,34,52,38,63,43,13,13,13,13,13,13,31,31,49,37,12],"gold":72,"neow_bonus":"THREE_RARE_CARDS","is_prod":false,"is_daily":false,"chose_seed":false,"campfire_upgraded":3,"win_rate":0,"timestamp":1541120700,"path_taken":["M","M","?","$","M","R","?","R","T","?","R","?","M","?","R","BOSS","M","?","$","?","$","E","?","R","T","R","?","E"],"build_version":"2018-10-25v2","purchased_purges":2,"victory":false,"max_hp_per_floor":[63,63,63,63,63,63,63,63,63,63,63,63,63,63,63,63,63,63,63,63,63,63,63,63,63,63,63,63,63],"card_choices":[{"not_picked":["A Thousand Cuts","Storm of Steel"],"picked":"Burst","floor":0},{"not_picked":["Bane","Underhanded Strike"],"picked":"Blade Dance","floor":1},{"not_picked":["Quick Slash","Choke"],"picked":"Cloak And Dagger","floor":2},{"not_picked":["Heel Hook","Skewer"],"picked":"Dagger Spray","floor":5},{"not_picked":["Escape Plan+1","Catalyst+1"],"picked":"Blade Dance+1","floor":7},{"not_picked":["Expertise+1","Footwork"],"picked":"Outmaneuver+1","floor":10},{"not_picked":["Skewer","Bouncing Flask+1"],"picked":"Dodge and Roll+1","floor":13},{"not_picked":["Corpse Explosion+1","Envenom"],"picked":"Grand Finale","floor":16},{"not_picked":["Slice","Well Laid Plans"],"picked":"Prepared+1","floor":18},{"not_picked":["Underhanded Strike","Deflect+1"],"picked":"Backflip+1","floor":23},{"not_picked":["PiercingWail+1","Noxious Fumes"],"picked":"Dodge and Roll+1","floor":28}],"player_experience":252746,"relics_obtained":[{"floor":9,"key":"Shuriken"},{"floor":23,"key":"Potion Belt"},{"floor":23,"key":"Whetstone"},{"floor":26,"key":"Art of War"}],"event_choices":[{"damage_healed":0,"gold_gain":0,"player_choice":"Box","damage_taken":0,"relics_obtained":["Toxic Egg 2"],"max_hp_gain":0,"max_hp_loss":0,"event_name":"Big Fish","floor":3,"gold_loss":0,"cards_obtained":["Regret"]},{"damage_healed":0,"gold_gain":0,"cards_transformed":["Strike_G"],"player_choice":"Change","damage_taken":0,"max_hp_gain":0,"max_hp_loss":0,"event_name":"Living Wall","floor":12,"gold_loss":0,"cards_obtained":["After Image"]},{"damage_healed":0,"gold_gain":0,"player_choice":"Rummage","damage_taken":0,"relics_obtained":["WarpedTongs"],"max_hp_gain":0,"max_hp_loss":0,"event_name":"Accursed Blacksmith","floor":14,"gold_loss":0,"cards_obtained":["Pain"]},{"damage_healed":0,"gold_gain":0,"player_choice":"CARD CARD CARD CARD ","damage_taken":30,"max_hp_gain":0,"max_hp_loss":0,"event_name":"Knowing Skull","floor":19,"potions_obtained":[],"gold_loss":0,"cards_obtained":["Good Instincts","PanicButton","Panacea","Panacea"]},{"damage_healed":0,"gold_gain":0,"player_choice":"Ignored","damage_taken":0,"max_hp_gain":0,"max_hp_loss":0,"event_name":"Cursed Tome","floor":21,"gold_loss":0},{"cards_removed":["Strike_G"],"damage_healed":0,"gold_gain":0,"player_choice":"Upgrade and Remove","damage_taken":0,"max_hp_gain":0,"max_hp_loss":0,"event_name":"Designer","floor":24,"gold_loss":90,"cards_upgraded":["Defend_G"]}],"is_beta":false,"boss_relics":[{"not_picked":["Busted Crown","WristBlade"],"picked":"Black Star"}],"items_purged_floors":[4,20],"is_endless":false,"potions_floor_spawned":[1,10,18,23],"killed_by":"Slavers","ascension_level":3}