{"gold_per_floor":[111,127,127,189,56,56,26,42,93,130,152,302,302,302,302,385,385,309,309,309,199,213,213,106,106,132,163,163,198,200],"floor_reached":30,"playtime":885,"items_purged":["Writhe"],"score":472,"play_id":"b75a24c5-6c7f-485f-aa2f-89816d1dcf33","local_time":"20190331185221","is_ascension_mode":true,"campfire_choices":[{"floor":6,"key":"REST"},{"floor":15,"key":"REST"},{"floor":25,"key":"REST"},{"floor":28,"key":"REST"}],"neow_cost":"NONE","seed_source_timestamp":941729922935434,"circlet_count":0,"master_deck":["AscendersBane","Defend_B","Defend_B","Defend_B","Zap","Dualcast","Amplify+1","Storm+1","BootSequence+1","Time Bomb+1","Hello World","Conserve Battery","Redo+1","Hello World","Hello World","Coolheaded+1","Redo+1","ReplayGash","Static Discharge","Crystallizer+1","Mirror Shield","Coolheaded","Redo","Mirror Shield","BasicCrystalCard+1","Leap","Leap","Cold Snap","BasicCrystalCard+1"],"relics":["Astrolabe","Blue Doll","Bandana","Blue Candle","Inserter","Chameleon Ring","Gremlin Food","Juzu Bracelet"],"potions_floor_usage":[2,8,10,18,27,29],"damage_taken":[{"damage":23,"enemies":"Cultist","floor":1,"turns":6},{"damage":7,"enemies":"Jaw Worm","floor":2,"turns":5},{"damage":5,"enemies":"Small Slimes","floor":8,"turns":3},{"damage":21,"enemies":"Erikyupuro","floor":10,"turns":6},{"damage":0,"enemies":"Blue Slaver","floor":11,"turns":4},{"damage":21,"enemies":"Hexaghost","floor":16,"turns":5},{"damage":14,"enemies":"2 Thieves","floor":18,"turns":4},{"damage":4,"enemies":"3 Byrds","floor":22,"turns":3},{"damage":10,"enemies":"Snecko","floor":27,"turns":3},{"damage":67,"enemies":"Slavers","floor":29,"turns":5},{"damage":10,"enemies":"Centurion and Healer","floor":30,"turns":1}],"seed_played":"-3230937403122827930","potions_obtained":[{"floor":1,"key":"SkillPotion"},{"floor":4,"key":"FocusPotion"},{"floor":4,"key":"Adrenaline Potion"},{"floor":16,"key":"Venom Potion"},{"floor":22,"key":"Explosive Potion"},{"floor":23,"key":"Death Potion"},{"floor":29,"key":"GamblersBrew"}],"is_trial":false,"path_per_floor":["M","M","?","?","$","R","$","M","T","E","M","?","?","?","R","B",null,"M","?","?","?","M","R","$","R","T","M","R","E","M"],"character_chosen":"DEFECT","items_purchased":["Redo+1","Hello World","Coolheaded","Redo+1","Leap"],"campfire_rested":4,"item_purchase_floors":[5,5,5,7,24],"current_hp_per_floor":[41,34,34,6,6,27,27,22,22,1,1,1,1,24,45,24,59,45,45,45,45,41,41,41,62,62,52,71,4,0],"gold":200,"neow_bonus":"BOSS_RELIC","is_prod":false,"is_daily":false,"chose_seed":false,"campfire_upgraded":0,"win_rate":0,"timestamp":1554076341,"path_taken":["M","M","?","?","$","R","$","M","T","E","?","?","?","?","R","BOSS","M","?","?","?","M","R","$","R","T","M","R","E","M"],"build_version":"2019-01-23","purchased_purges":1,"victory":false,"max_hp_per_floor":[71,71,71,71,71,71,71,71,71,71,71,71,71,71,71,71,71,71,71,71,71,71,71,71,71,71,71,71,71,71],"card_choices":[{"not_picked":["Force Field","Reinforced Body"],"picked":"Time Bomb","floor":1},{"not_picked":["ReplayTheSpireMod:GoodbyeWorld","ReplayGash"],"picked":"Hello World","floor":2},{"not_picked":["Aggregate","Rebound"],"picked":"Conserve Battery","floor":4},{"not_picked":["Hologram","ReplayTheSpireMod:System Scan"],"picked":"ReplayGash","floor":8},{"not_picked":["Lockon","Panic Button"],"picked":"Static Discharge","floor":10},{"not_picked":["Barrage","Cold Snap"],"picked":"Crystallizer","floor":11},{"not_picked":["Rainbow","Fission"],"picked":"Mirror Shield","floor":16},{"not_picked":["Redo","Conserve Battery"],"picked":"Coolheaded","floor":18},{"not_picked":["Tempest","Doom and Gloom"],"picked":"BasicCrystalCard+1","floor":22},{"not_picked":["Redo","Barrage"],"picked":"Cold Snap","floor":27},{"not_picked":["Hologram","Go for the Eyes"],"picked":"BasicCrystalCard+1","floor":29}],"player_experience":874887,"relics_obtained":[{"floor":4,"key":"Blue Doll"},{"floor":9,"key":"Bandana"},{"floor":10,"key":"Blue Candle"},{"floor":26,"key":"Gremlin Food"},{"floor":29,"key":"Juzu Bracelet"}],"event_choices":[{"damage_healed":0,"gold_gain":0,"player_choice":"Grow","damage_taken":0,"max_hp_gain":0,"max_hp_loss":0,"event_name":"Living Wall","floor":3,"gold_loss":0,"cards_upgraded":["Time Bomb"]},{"damage_healed":0,"gold_gain":150,"player_choice":"AGREE","damage_taken":0,"max_hp_gain":0,"max_hp_loss":0,"event_name":"Liars Game","floor":12,"gold_loss":0,"cards_obtained":["Doubt"]},{"damage_healed":0,"gold_gain":0,"player_choice":"Ignored","damage_taken":0,"max_hp_gain":0,"max_hp_loss":0,"event_name":"Golden Wing","floor":13,"gold_loss":0},{"damage_healed":23,"gold_gain":0,"player_choice":"Banana","damage_taken":0,"max_hp_gain":0,"max_hp_loss":0,"event_name":"Big Fish","floor":14,"gold_loss":0},{"damage_healed":0,"gold_gain":0,"player_choice":"Opened","damage_taken":0,"relics_obtained":["Chameleon Ring"],"max_hp_gain":0,"max_hp_loss":0,"event_name":"The Mausoleum","floor":19,"gold_loss":0,"cards_obtained":["Writhe"]},{"damage_healed":0,"gold_gain":0,"cards_transformed":["Strike_B","Defend_B"],"player_choice":"Became Test Subject","damage_taken":0,"max_hp_gain":0,"max_hp_loss":0,"event_name":"Drug Dealer","floor":20,"gold_loss":0,"cards_obtained":["Redo","Mirror Shield"]},{"cards_removed":["Doubt"],"damage_healed":0,"gold_gain":0,"player_choice":"Upgrade and Remove","damage_taken":0,"max_hp_gain":0,"max_hp_loss":0,"event_name":"Designer","floor":21,"gold_loss":110,"cards_upgraded":["Crystallizer"]}],"is_beta":false,"boss_relics":[{"not_picked":["Painkiller Herb","Philosopher\u0027s Stone"],"picked":"Inserter"}],"items_purged_floors":[24],"is_endless":false,"potions_floor_spawned":[1,16,22,29],"killed_by":"Centurion and Healer","ascension_level":19}