{"gold_per_floor":[119,21,37,37,51,79,79,105,105,105,119,119,139,158,158,263,263,280,78,93,105,124,124,144,144,144,144,144,159,159,179,179,179],"floor_reached":33,"playtime":2317,"items_purged":["Decay"],"score":325,"play_id":"feb1ac09-8ab3-47e3-aace-f3ed13cbd174","local_time":"20190219134406","is_ascension_mode":true,"campfire_choices":[{"data":"Flex","floor":7.0,"key":"SMITH"},{"floor":10.0,"key":"REST"},{"data":"Bludgeon","floor":12.0,"key":"SMITH"},{"floor":15.0,"key":"REST"},{"floor":23.0,"key":"REST"},{"floor":27.0,"key":"RECALL"},{"data":"Demon Form","floor":32.0,"key":"SMITH"}],"neow_cost":"CURSE","seed_source_timestamp":0,"circlet_count":0,"master_deck":["Strike_R","Strike_R","Defend_R","Defend_R","Defend_R","Bash","Bludgeon+1","Flame Barrier","Pummel","Sword Boomerang","Dual Wield+1","Flex+1","Clash","Battle Trance","Demon Form+1","Battle Trance","Iron Wave+1","Ghostly Armor+1","Combust","Fire Breathing"],"special_seed":0,"relics":["Black Blood","Dream Catcher","Pear","Lee\u0027s Waffle","Boot","Toxic Egg 2"],"potions_floor_usage":[33],"damage_taken":[{"damage":0.0,"enemies":"Cultist","floor":1.0,"turns":3.0},{"damage":0.0,"enemies":"Small Slimes","floor":3.0,"turns":2.0},{"damage":8.0,"enemies":"2 Louse","floor":5.0,"turns":3.0},{"damage":8.0,"enemies":"Gremlin Nob","floor":6.0,"turns":3.0},{"damage":68.0,"enemies":"3 Sentries","floor":8.0,"turns":15.0},{"damage":0.0,"enemies":"2 Fungi Beasts","floor":11.0,"turns":1.0},{"damage":1.0,"enemies":"Exordium Wildlife","floor":13.0,"turns":3.0},{"damage":0.0,"enemies":"3 Louse","floor":14.0,"turns":2.0},{"damage":58.0,"enemies":"The Guardian","floor":16.0,"turns":9.0},{"damage":21.0,"enemies":"2 Thieves","floor":18.0,"turns":4.0},{"damage":32.0,"enemies":"Shell Parasite","floor":20.0,"turns":6.0},{"damage":26.0,"enemies":"Shelled Parasite and Fungi","floor":21.0,"turns":4.0},{"damage":28.0,"enemies":"Centurion and Healer","floor":22.0,"turns":4.0},{"damage":22.0,"enemies":"Sentry and Sphere","floor":24.0,"turns":4.0},{"damage":29.0,"enemies":"Snake Plant","floor":29.0,"turns":5.0},{"damage":7.0,"enemies":"Centurion and Healer","floor":31.0,"turns":4.0},{"damage":15,"enemies":"Collector","floor":33,"turns":3}],"seed_played":"3900341077922512164","potions_obtained":[{"floor":3.0,"key":"Energy Potion"},{"floor":8.0,"key":"Weak Potion"},{"floor":11.0,"key":"SkillPotion"},{"floor":14.0,"key":"LiquidBronze"},{"floor":16.0,"key":"GamblersBrew"},{"floor":22.0,"key":"GamblersBrew"},{"floor":29.0,"key":"Regen Potion"}],"is_trial":false,"path_per_floor":["M","$","M","?","M","E","R","E","T","R","M","R","M","M","R","B",null,"M","$","M","M","M","R","M","?","T","R","?","M","?","M","R","B"],"character_chosen":"IRONCLAD","items_purchased":["Sword Boomerang","Lee\u0027s Waffle"],"campfire_rested":3,"item_purchase_floors":[2,19],"current_hp_per_floor":[80,80,80,80,78,76,76,24,24,51,57,57,62,68,90,38,90,79,97,75,59,41,70,58,58,58,58,90,71,71,74,74,64],"gold":179,"neow_bonus":"TRANSFORM_TWO_CARDS","is_prod":false,"is_daily":false,"chose_seed":false,"campfire_upgraded":3,"win_rate":0,"timestamp":1550605446,"path_taken":["M","$","M","?","M","E","R","E","T","R","?","R","M","M","R","BOSS","M","$","M","M","M","R","M","?","T","R","?","M","?","M","R","BOSS"],"build_version":"2019-01-23","purchased_purges":1,"victory":false,"max_hp_per_floor":[80,80,80,80,80,80,80,90,90,90,90,90,90,90,90,90,90,90,97,97,97,97,97,97,97,97,97,97,97,97,97,97,97],"card_choices":[{"not_picked":["Rage","Perfected Strike"],"picked":"Pummel","floor":1.0},{"not_picked":["Armaments","Iron Wave"],"picked":"Dual Wield","floor":3.0},{"not_picked":["Rupture","Seeing Red","True Grit"],"picked":"SKIP","floor":5.0},{"not_picked":["Anger","True Grit"],"picked":"Flex","floor":6.0},{"not_picked":["Twin Strike","Pommel Strike"],"picked":"Clash","floor":8.0},{"not_picked":["Bludgeon","Uppercut","Cleave"],"picked":"SKIP","floor":11.0},{"not_picked":["Carnage","Warcry","Clothesline"],"picked":"SKIP","floor":13.0},{"not_picked":["Flex","Thunderclap"],"picked":"Battle Trance","floor":14.0},{"not_picked":["Feed","Brutality"],"picked":"Demon Form","floor":16.0},{"not_picked":["Ghostly Armor","Pommel Strike+1","Combust"],"picked":"SKIP","floor":18.0},{"not_picked":["Havoc","Rage"],"picked":"Battle Trance","floor":20.0},{"not_picked":["True Grit","Reckless Charge","Combust"],"picked":"SKIP","floor":21.0},{"not_picked":["Armaments","Rupture+1"],"picked":"Iron Wave+1","floor":22.0},{"not_picked":["Sword Boomerang","Body Slam","Havoc+1"],"picked":"SKIP","floor":24.0},{"not_picked":["True Grit+1","Blood for Blood"],"picked":"Ghostly Armor+1","floor":29.0},{"not_picked":["Second Wind+1","Wild Strike","Flame Barrier+1"],"picked":"SKIP","floor":31.0}],"player_experience":496922,"relics_obtained":[{"floor":6.0,"key":"Dream Catcher"},{"floor":8.0,"key":"Pear"},{"floor":26.0,"key":"Toxic Egg 2"}],"event_choices":[{"damage_healed":0.0,"max_hp_gain":0.0,"max_hp_loss":0.0,"gold_gain":0.0,"event_name":"Upgrade Shrine","player_choice":"Upgraded","floor":4.0,"gold_loss":0.0,"damage_taken":0.0,"cards_upgraded":["Dual Wield"]},{"damage_healed":0.0,"max_hp_gain":0.0,"max_hp_loss":0.0,"gold_gain":0.0,"event_name":"The Mausoleum","player_choice":"Opened","floor":25.0,"gold_loss":0.0,"damage_taken":0.0,"relics_obtained":["Boot"]},{"damage_healed":32.0,"max_hp_gain":0.0,"max_hp_loss":0.0,"gold_gain":0.0,"event_name":"The Library","player_choice":"Heal","floor":28.0,"gold_loss":0.0,"damage_taken":0.0},{"damage_healed":0.0,"max_hp_gain":0.0,"max_hp_loss":0.0,"gold_gain":0.0,"cards_transformed":["Strike_R","Strike_R"],"event_name":"Drug Dealer","player_choice":"Became Test Subject","floor":30.0,"gold_loss":0.0,"damage_taken":0.0,"cards_obtained":["Combust","Fire Breathing"]}],"is_beta":false,"boss_relics":[{"not_picked":["Velvet Choker","White Beast Statue"],"picked":"Black Blood"}],"items_purged_floors":[2],"is_endless":false,"potions_floor_spawned":[3,8,11,14,16,22,29],"killed_by":"Collector","ascension_level":3}