{"gold_per_floor":[112,128,52,52,64,107,119,131,143,155,183,206,218,240,252,366,378,410,437,449,461],"floor_reached":21,"playtime":704,"items_purged":[],"score":197,"play_id":"85225971-958e-4e39-b2d7-5777b07c7fcd","local_time":"20181025120535","is_ascension_mode":true,"campfire_choices":[{"data":"Zap","floor":8,"key":"SMITH"},{"data":"Gash","floor":10,"key":"SMITH"},{"floor":15,"key":"REST"}],"neow_cost":"NONE","seed_source_timestamp":132176688586780,"circlet_count":0,"master_deck":["Strike_B","Strike_B+1","Strike_B","Defend_B","Defend_B","Defend_B","Defend_B+1","Zap+1","Dualcast","Skim","Sunder","Gash+1","Ball Lightning","Core Surge","Capacitor+1","Echo Form+1","Storm+1","Consume"],"relics":["Cracked Core","MawBank","Frozen Egg 2","Singing Bowl","Black Star"],"potions_floor_usage":[16,18,21],"damage_taken":[{"damage":10,"enemies":"2 Louse","floor":1,"turns":2},{"damage":2,"enemies":"Jaw Worm","floor":2,"turns":3},{"damage":26,"enemies":"3 Sentries","floor":6,"turns":6},{"damage":0,"enemies":"Cultist","floor":11,"turns":2},{"damage":6,"enemies":"Looter","floor":12,"turns":2},{"damage":4,"enemies":"2 Fungi Beasts","floor":14,"turns":2},{"damage":35,"enemies":"The Guardian","floor":16,"turns":11},{"damage":33,"enemies":"2 Thieves","floor":18,"turns":4},{"damage":19,"enemies":"Chosen","floor":19,"turns":5},{"damage":2,"enemies":"Centurion and Healer","floor":21,"turns":2}],"seed_played":"-3721865404788444183","potions_obtained":[{"floor":0,"key":"Swift Potion"},{"floor":0,"key":"Dexterity Potion"},{"floor":0,"key":"FairyPotion"},{"floor":6,"key":"GamblersBrew"},{"floor":12,"key":"Energy Potion"},{"floor":16,"key":"LiquidBronze"}],"is_trial":false,"path_per_floor":["M","M","$","?","?","E","?","R","T","R","M","M","?","M","R","B",null,"M","M","?"],"character_chosen":"DEFECT","items_purchased":["Gash","Ball Lightning"],"campfire_rested":1,"item_purchase_floors":[3,3],"current_hp_per_floor":[65,63,63,56,75,49,42,42,42,42,42,38,23,21,44,9,79,46,27,18,16],"gold":461,"neow_bonus":"THREE_SMALL_POTIONS","is_prod":false,"is_daily":false,"chose_seed":false,"campfire_upgraded":2,"win_rate":0,"timestamp":1540487135,"path_taken":["M","M","$","?","?","E","?","R","T","R","M","M","?","M","R","BOSS","M","M","?","M"],"build_version":"2018-10-18","purchased_purges":0,"victory":false,"max_hp_per_floor":[75,75,75,75,75,75,75,75,75,75,75,77,77,79,79,79,79,79,79,79,79],"card_choices":[{"not_picked":["Recycle","Reprogram"],"picked":"Skim","floor":1},{"not_picked":["Stack","Chill"],"picked":"Sunder","floor":2},{"not_picked":["Sweeping Beam","FTL"],"picked":"Core Surge","floor":6},{"not_picked":["Rebound","Scrape"],"picked":"Capacitor+1","floor":11},{"not_picked":["Scrape","Beam Cell","Leap"],"picked":"Singing Bowl","floor":12},{"not_picked":["Ball Lightning","Beam Cell","Cold Snap"],"picked":"Singing Bowl","floor":14},{"not_picked":["Fission","Rainbow"],"picked":"Echo Form+1","floor":16},{"not_picked":["Turbo","Go for the Eyes"],"picked":"Storm+1","floor":18},{"not_picked":["Streamline+1","Sweeping Beam+1"],"picked":"Consume","floor":19}],"player_experience":197341,"relics_obtained":[{"floor":6,"key":"Frozen Egg 2"},{"floor":9,"key":"Singing Bowl"}],"event_choices":[{"damage_healed":0,"gold_gain":0,"player_choice":"Success","damage_taken":7,"relics_obtained":["MawBank"],"max_hp_gain":0,"max_hp_loss":0,"event_name":"Scrap Ooze","floor":4,"gold_loss":0},{"damage_healed":25,"gold_gain":0,"player_choice":"Banana","damage_taken":0,"max_hp_gain":0,"max_hp_loss":0,"event_name":"Big Fish","floor":5,"gold_loss":0},{"cards_removed":["Strike_B"],"damage_healed":0,"gold_gain":0,"player_choice":"Card Removal","damage_taken":7,"max_hp_gain":0,"max_hp_loss":0,"event_name":"Golden Wing","floor":7,"gold_loss":0},{"damage_healed":0,"gold_gain":0,"player_choice":"Entered Light","damage_taken":15,"max_hp_gain":0,"max_hp_loss":0,"event_name":"Shining Light","floor":13,"gold_loss":0,"cards_upgraded":["Strike_B","Defend_B"]},{"damage_healed":0,"gold_gain":0,"player_choice":"Stopped","damage_taken":9,"max_hp_gain":0,"max_hp_loss":0,"event_name":"Cursed Tome","floor":20,"gold_loss":0}],"is_beta":false,"boss_relics":[{"not_picked":["Ectoplasm","Calling Bell"],"picked":"Black Star"}],"items_purged_floors":[],"is_endless":false,"potions_floor_spawned":[6,12,16],"killed_by":"Centurion and Healer","ascension_level":2}