{"gold_per_floor":[114,134,186,199,374,374,374,374,399,417,431,456,456,489,489,589,589,603,674,674],"floor_reached":20,"playtime":867,"items_purged":["ReplayTheSpireMod:Restless Dread"],"score":228,"play_id":"956928dd-2ffa-40da-bb93-7e8fa6059dfb","local_time":"20190410032117","is_ascension_mode":true,"campfire_choices":[{"data":"True Grit","floor":6,"key":"SMITH"},{"data":"ReplayTheSpireMod:Strike From Hell","floor":8,"key":"SMITH"},{"floor":13,"key":"REST"},{"floor":15,"key":"REST"}],"neow_cost":"NONE","seed_source_timestamp":32340851255775,"circlet_count":0,"master_deck":["Strike_R","Strike_R","Strike_R","Strike_R","Strike_R","Defend_R","Defend_R","Defend_R","Defend_R","Bash","Rage","ReplayTheSpireMod:Strike From Hell+1","True Grit+1","Seeing Red","Havoc","Spot Weakness","Armaments","Hemogenesis","Heavy Blade+1"],"relics":["Burning Blood","NeowsBlessing","ReplayTheSpireMod:CursedCoin","Bag of Preparation","infinitespire:PuzzleCube","ReplayTheSpireMod:Shallot","Replay:Ringing Soul"],"potions_floor_usage":[11,16],"damage_taken":[{"damage":0,"enemies":"conspire:RoseBush","floor":1,"turns":1},{"damage":0,"enemies":"Small Slimes","floor":2,"turns":1},{"damage":0,"enemies":"Cultist","floor":4,"turns":1},{"damage":0,"enemies":"Exordium Wildlife","floor":10,"turns":4},{"damage":7,"enemies":"3 Louse","floor":11,"turns":3},{"damage":50,"enemies":"Lagavulin","floor":12,"turns":8},{"damage":37,"enemies":"3 Sentries","floor":14,"turns":9},{"damage":43,"enemies":"Fading Forest","floor":16,"turns":11},{"damage":32,"enemies":"Spheric Guardian","floor":18,"turns":6},{"damage":27,"enemies":"conspire:FuzzyDice","floor":20,"turns":2}],"seed_played":"7997136546156502485","potions_obtained":[{"floor":4,"key":"PowerPotion"},{"floor":12,"key":"LifebloodPotion"},{"floor":18,"key":"SpeedPotion"}],"is_trial":false,"path_per_floor":["M","M","$","M","?","R","?","R","T","M","M","E","R","E","R","B",null,"M","T","M"],"character_chosen":"IRONCLAD","items_purchased":["ReplayTheSpireMod:CursedCoin","True Grit"],"campfire_rested":2,"item_purchase_floors":[3,3],"current_hp_per_floor":[80,80,80,80,80,80,80,80,80,80,79,35,59,28,52,38,70,44,44,17],"gold":674,"neow_bonus":"THREE_ENEMY_KILL","is_prod":false,"is_daily":false,"chose_seed":false,"campfire_upgraded":2,"win_rate":0,"timestamp":1554884477,"path_taken":["M","M","$","M","?","R","?","R","T","M","M","E","R","E","R","BOSS","M","?","M"],"build_version":"2019-01-23","purchased_purges":1,"victory":false,"max_hp_per_floor":[80,80,80,80,80,80,80,80,80,80,80,80,80,80,80,80,80,80,80,80],"card_choices":[{"not_picked":["Body Slam","Anger"],"picked":"Rage","floor":1},{"not_picked":["conspire:Charge","Shrug It Off"],"picked":"ReplayTheSpireMod:Strike From Hell","floor":2},{"not_picked":["Sword Boomerang","Searing Blow"],"picked":"Seeing Red","floor":4},{"not_picked":["Perfected Strike","Iron Wave","Reckless Charge"],"picked":"SKIP","floor":10},{"not_picked":["Clothesline","Fire Breathing"],"picked":"Havoc","floor":11},{"not_picked":["Clash","Hemokinesis"],"picked":"Spot Weakness","floor":12},{"not_picked":["Anger","Whirlwind"],"picked":"Armaments","floor":14},{"not_picked":["Barricade","Brutality"],"picked":"Hemogenesis","floor":16},{"not_picked":["Cleave","Power Through"],"picked":"Heavy Blade+1","floor":18}],"player_experience":908269,"relics_obtained":[{"floor":9,"key":"Bag of Preparation"},{"floor":12,"key":"infinitespire:PuzzleCube"},{"floor":14,"key":"ReplayTheSpireMod:Shallot"},{"floor":19,"key":"Replay:Ringing Soul"}],"event_choices":[{"damage_healed":0,"gold_gain":175,"player_choice":"AGREE","damage_taken":0,"max_hp_gain":0,"max_hp_loss":0,"event_name":"Liars Game","floor":5,"gold_loss":0,"cards_obtained":["Doubt"]},{"cards_removed":["Doubt"],"damage_healed":0,"gold_gain":0,"player_choice":"Removed Curses","damage_taken":0,"max_hp_gain":0,"max_hp_loss":0,"event_name":"Fountain of Cleansing","floor":7,"gold_loss":0}],"is_beta":false,"boss_relics":[{"not_picked":["Ooze Armor","ChewingGum","ReplayTheSpireMod:DimensionalGlitch"]}],"items_purged_floors":[3],"is_endless":false,"potions_floor_spawned":[4,12,18],"killed_by":"conspire:FuzzyDice","ascension_level":5}