{"gold_per_floor":[111,286,300,300,27,52,62,62,62,62,82,82,107,138,138,138],"floor_reached":16,"playtime":354,"items_purged":["Doubt"],"score":149,"play_id":"f7a2eb75-8835-4f60-8e69-ac2405d920f2","local_time":"20190219024657","is_ascension_mode":true,"campfire_choices":[{"floor":8,"key":"REST"},{"floor":12,"key":"REST"},{"floor":15,"key":"REST"}],"neow_cost":"NONE","seed_source_timestamp":207188286079421,"circlet_count":0,"master_deck":["Strike_B","Strike_B","Strike_B","Strike_B","Defend_B+1","Defend_B","Defend_B","Defend_B+1","Zap","Dualcast","Madness","Melter","Sweeping Beam","Creative AI","Cold Snap+1","Gash+1","Gash+1"],"relics":["Cracked Core","Sling","Molten Egg 2","Lantern","Golden Idol","Meat on the Bone"],"potions_floor_usage":[6,11,16],"damage_taken":[{"damage":1,"enemies":"Cultist","floor":1,"turns":3},{"damage":0,"enemies":"Small Slimes","floor":3,"turns":2},{"damage":32,"enemies":"Gremlin Nob","floor":6,"turns":4},{"damage":7,"enemies":"Jaw Worm","floor":7,"turns":2},{"damage":1,"enemies":"Looter","floor":11,"turns":3},{"damage":16,"enemies":"Exordium Wildlife","floor":13,"turns":4},{"damage":23,"enemies":"Lagavulin","floor":14,"turns":4},{"damage":37,"enemies":"The Guardian","floor":16,"turns":8}],"seed_played":"-4985398605402028960","potions_obtained":[{"floor":3,"key":"Regen Potion"},{"floor":7,"key":"Weak Potion"},{"floor":11,"key":"Ancient Potion"},{"floor":14,"key":"Ancient Potion"}],"is_trial":false,"path_per_floor":["M","?","M","?","$","E","M","R","T","?","M","R","M","E","R","B"],"character_chosen":"DEFECT","items_purchased":["Sling"],"campfire_rested":3,"item_purchase_floors":[5],"current_hp_per_floor":[67,67,67,52,52,32,25,47,47,29,28,50,34,11,33,0],"gold":138,"neow_bonus":"RANDOM_COLORLESS","is_prod":false,"is_daily":false,"chose_seed":false,"campfire_upgraded":0,"win_rate":0,"timestamp":1550540817,"path_taken":["M","?","M","?","?","E","M","R","T","?","M","R","?","E","R","BOSS"],"build_version":"2019-01-23","purchased_purges":1,"victory":false,"max_hp_per_floor":[75,75,75,75,75,75,75,75,75,75,75,75,75,75,75,75],"card_choices":[{"not_picked":["Chill","Redo"],"picked":"Melter","floor":1},{"not_picked":["Rebound","Barrage"],"picked":"Sweeping Beam","floor":3},{"not_picked":["Genetic Algorithm","Barrage"],"picked":"Creative AI","floor":6},{"not_picked":["Conserve Battery","Sunder+1"],"picked":"Cold Snap+1","floor":7},{"not_picked":["Beam Cell+1","Hologram"],"picked":"Gash+1","floor":11},{"not_picked":["Undo","Sunder+1"],"picked":"Gash+1","floor":13},{"not_picked":["Double Energy","Creative AI","Compile Driver+1"],"picked":"SKIP","floor":14}],"player_experience":240436,"relics_obtained":[{"floor":6,"key":"Molten Egg 2"},{"floor":9,"key":"Lantern"},{"floor":14,"key":"Meat on the Bone"}],"event_choices":[{"damage_healed":0,"gold_gain":175,"player_choice":"AGREE","damage_taken":0,"max_hp_gain":0,"max_hp_loss":0,"event_name":"Liars Game","floor":2,"gold_loss":0,"cards_obtained":["Doubt"]},{"damage_healed":0,"gold_gain":0,"player_choice":"Entered Light","damage_taken":15,"max_hp_gain":0,"max_hp_loss":0,"event_name":"Shining Light","floor":4,"gold_loss":0,"cards_upgraded":["Defend_B","Defend_B"]},{"damage_healed":0,"gold_gain":0,"player_choice":"Take Damage","damage_taken":18,"relics_obtained":["Golden Idol"],"max_hp_gain":0,"max_hp_loss":0,"event_name":"Golden Idol","floor":10,"gold_loss":0}],"is_beta":false,"boss_relics":[],"items_purged_floors":[5],"is_endless":false,"potions_floor_spawned":[3,7,11,14],"killed_by":"The Guardian","ascension_level":7}