{"gold_per_floor":[113,113,63,63,75,75,90,102,102,118,147,147,159,10,10,115,115,102,102,102,113,113,113,127,127,153,179,179,179,234,251,251,251],"floor_reached":33,"playtime":2973,"items_purged":[],"score":360,"play_id":"4f0dc38e-2658-4598-bbcf-49f0b2457a86","local_time":"20190413000411","is_ascension_mode":false,"campfire_choices":[{"data":"Shrug It Off","floor":6,"key":"SMITH"},{"data":"Body Slam","floor":12,"key":"SMITH"},{"data":"Cleave","floor":15,"key":"SMITH"},{"data":"Barricade","floor":23,"key":"SMITH"},{"data":"J.A.X.","floor":25,"key":"SMITH"},{"data":"Impervious","floor":32,"key":"SMITH"}],"neow_cost":"NONE","seed_source_timestamp":510891002561844,"circlet_count":0,"master_deck":["Defend_R","Defend_R","Defend_R","Defend_R+1","Bash","Shrug It Off+1","Twin Strike","Cleave+1","Shrug It Off+1","Sword Boomerang","Shrug It Off","Headbutt","Body Slam+1","Impervious+1","Barricade+1","Iron Wave","J.A.X.+1","Bite","Bite","Bite","Bite","Bite","True Grit","Flame Barrier+1","Rampage","Necronomicurse","Shrug It Off"],"relics":["Burning Blood","Sundial","Ginger","Lantern","Philosopher\u0027s Stone","Pen Nib","Magic Flower","Necronomicon","Tiny Chest"],"potions_floor_usage":[16,18,27,33],"damage_taken":[{"damage":5,"enemies":"Small Slimes","floor":1,"turns":4},{"damage":1,"enemies":"2 Louse","floor":5,"turns":2},{"damage":0,"enemies":"Jaw Worm","floor":7,"turns":4},{"damage":0,"enemies":"Large Slime","floor":8,"turns":7},{"damage":7,"enemies":"2 Fungi Beasts","floor":10,"turns":4},{"damage":5,"enemies":"3 Sentries","floor":11,"turns":7},{"damage":5,"enemies":"Looter","floor":13,"turns":3},{"damage":49,"enemies":"The Guardian","floor":16,"turns":18},{"damage":9,"enemies":"2 Thieves","floor":18,"turns":4},{"damage":3,"enemies":"Spheric Guardian","floor":21,"turns":5},{"damage":29,"enemies":"Cultist and Chosen","floor":24,"turns":8},{"damage":3,"enemies":"Book of Stabbing","floor":27,"turns":5},{"damage":37,"enemies":"Slavers","floor":30,"turns":7},{"damage":4,"enemies":"Centurion and Healer","floor":31,"turns":8},{"damage":87,"enemies":"Automaton","floor":33,"turns":12}],"seed_played":"1884898969279386390","potions_obtained":[{"floor":5,"key":"Weak Potion"},{"floor":7,"key":"AttackPotion"},{"floor":10,"key":"Fire Potion"},{"floor":16,"key":"SkillPotion"},{"floor":18,"key":"Dexterity Potion"},{"floor":21,"key":"SmokeBomb"}],"is_trial":false,"path_per_floor":["M","?","$","?","M","R","M","M","T","M","E","R","M","$","R","B",null,"M","?","?","M","$","R","M","R","T","E","?","?","E","M","R","B"],"character_chosen":"IRONCLAD","items_purchased":["Cleave","Lantern"],"campfire_rested":0,"item_purchase_floors":[3,14],"current_hp_per_floor":[80,73,73,57,62,62,68,74,74,73,74,74,75,75,75,32,80,77,77,56,56,56,56,42,42,42,53,37,55,43,56,56,0],"gold":251,"neow_bonus":"THREE_CARDS","is_prod":false,"is_daily":false,"chose_seed":false,"campfire_upgraded":6,"win_rate":0.0,"timestamp":1555139051,"path_taken":["M","?","$","?","M","R","M","M","T","M","E","R","M","?","R","BOSS","M","?","?","M","$","R","M","R","T","E","?","?","E","M","R","BOSS"],"build_version":"2019-01-23","purchased_purges":0,"victory":false,"max_hp_per_floor":[80,80,80,80,80,80,80,80,80,80,80,80,80,80,80,80,80,80,80,56,56,56,56,56,56,56,56,56,56,56,56,56,56],"card_choices":[{"not_picked":["Perfected Strike","Second Wind"],"picked":"Shrug It Off","floor":0},{"not_picked":["Headbutt","Reckless Charge"],"picked":"Twin Strike","floor":1},{"not_picked":["Reckless Charge","Twin Strike"],"picked":"Shrug It Off","floor":5},{"not_picked":["Whirlwind","Heavy Blade"],"picked":"Sword Boomerang","floor":7},{"not_picked":["Hemokinesis","Clash"],"picked":"Shrug It Off","floor":8},{"not_picked":["Wild Strike","Twin Strike"],"picked":"Headbutt","floor":10},{"not_picked":["Armaments","Cleave"],"picked":"Body Slam","floor":11},{"not_picked":["Corruption","Pommel Strike"],"picked":"Impervious","floor":13},{"not_picked":["Bludgeon","Dark Embrace"],"picked":"Barricade","floor":16},{"not_picked":["Shockwave","Hemokinesis"],"picked":"Iron Wave","floor":18},{"not_picked":["Burning Pact","Anger"],"picked":"True Grit","floor":21},{"not_picked":["Wild Strike","Twin Strike"],"picked":"Flame Barrier+1","floor":24},{"not_picked":["Immolate","Searing Blow"],"picked":"Rampage","floor":27},{"not_picked":["Spot Weakness","Clothesline","Heavy Blade"],"picked":"SKIP","floor":30},{"not_picked":["True Grit","Combust"],"picked":"Shrug It Off","floor":31}],"player_experience":51398,"relics_obtained":[{"floor":9,"key":"Sundial"},{"floor":11,"key":"Ginger"},{"floor":26,"key":"Pen Nib"},{"floor":27,"key":"Magic Flower"},{"floor":28,"key":"Necronomicon"},{"floor":30,"key":"Tiny Chest"}],"event_choices":[{"cards_removed":["Strike_R"],"damage_healed":0,"gold_gain":0,"player_choice":"Card Removal","damage_taken":7,"max_hp_gain":0,"max_hp_loss":0,"event_name":"Golden Wing","floor":2,"gold_loss":0},{"damage_healed":0,"gold_gain":0,"player_choice":"Entered Light","damage_taken":16,"max_hp_gain":0,"max_hp_loss":0,"event_name":"Shining Light","floor":4,"gold_loss":0,"cards_upgraded":["Shrug It Off","Defend_R"]},{"damage_healed":0,"gold_gain":0,"player_choice":"Obtain J.A.X.","damage_taken":0,"max_hp_gain":0,"max_hp_loss":0,"event_name":"Drug Dealer","floor":19,"gold_loss":0,"cards_obtained":["J.A.X."]},{"damage_healed":0,"gold_gain":0,"player_choice":"Became a vampire","damage_taken":0,"max_hp_gain":0,"max_hp_loss":24,"event_name":"Vampires","floor":20,"gold_loss":0,"cards_obtained":["Bite","Bite","Bite","Bite","Bite"]},{"damage_healed":0,"gold_gain":0,"player_choice":"Obtained Book","damage_taken":16,"max_hp_gain":0,"max_hp_loss":0,"event_name":"Cursed Tome","floor":28,"gold_loss":0},{"damage_healed":18,"gold_gain":0,"player_choice":"Heal","damage_taken":0,"max_hp_gain":0,"max_hp_loss":0,"event_name":"The Library","floor":29,"gold_loss":0}],"is_beta":false,"boss_relics":[{"not_picked":["Calling Bell","Fusion Hammer"],"picked":"Philosopher\u0027s Stone"}],"items_purged_floors":[],"is_endless":false,"potions_floor_spawned":[5,7,10,13,16,18,21],"killed_by":"Automaton","ascension_level":0}