{"gold_per_floor":[116,116,135,152,171,204,204,379,449,460,489,489,515,533,533,628,628,638,638,638,657,657,657],"floor_reached":23,"playtime":1099,"items_purged":[],"score":211,"play_id":"07bb4a09-2c63-49c6-b12e-d64647f9bbef","local_time":"20190130044302","is_ascension_mode":true,"campfire_choices":[{"data":"Infernal Blade","floor":12,"key":"SMITH"},{"data":"Inflame","floor":15,"key":"SMITH"}],"neow_cost":"NONE","seed_source_timestamp":51181983685419,"circlet_count":0,"master_deck":["Strike_R","Strike_R","Strike_R","Strike_R","Strike_R","Defend_R","Defend_R","Defend_R","Defend_R","Bash","Pommel Strike","Uppercut","Anger","Infernal Blade+1","Doubt","Inflame+1","Pommel Strike","Thunderclap","Brutality","Writhe","Armaments","Demon Form"],"relics":["Burning Blood","NeowsBlessing","Ice Cream","Lantern","Bottled Lightning","Paper Frog","Oddly Smooth Stone","Runic Pyramid","Omamori","MutagenicStrength"],"potions_floor_usage":[11,11],"damage_taken":[{"damage":0,"enemies":"Cultist","floor":1,"turns":1},{"damage":0,"enemies":"Jaw Worm","floor":3,"turns":1},{"damage":0,"enemies":"Small Slimes","floor":4,"turns":1},{"damage":19,"enemies":"Red Slaver","floor":5,"turns":5},{"damage":36,"enemies":"3 Sentries","floor":6,"turns":6},{"damage":9,"enemies":"Exordium Wildlife","floor":10,"turns":3},{"damage":6,"enemies":"Gremlin Nob","floor":11,"turns":3},{"damage":0,"enemies":"Looter","floor":14,"turns":1},{"damage":20,"enemies":"Hexaghost","floor":16,"turns":7},{"damage":20,"enemies":"2 Thieves","floor":18,"turns":4},{"damage":25,"enemies":"3 Byrds","floor":21,"turns":6},{"damage":47,"enemies":"Slavers","floor":23,"turns":3}],"seed_played":"6335039609863980854","potions_obtained":[{"floor":4,"key":"BloodPotion"},{"floor":5,"key":"Poison Potion"},{"floor":6,"key":"Dexterity Potion"}],"is_trial":false,"path_per_floor":["M","$","M","M","M","E","?","?","T","M","E","R","T","M","R","B",null,"M","?","?","M","?","E"],"character_chosen":"IRONCLAD","items_purchased":[],"campfire_rested":0,"item_purchase_floors":[],"current_hp_per_floor":[80,80,80,80,67,37,30,30,30,27,35,35,35,41,41,27,80,66,66,66,47,47,0],"gold":657,"neow_bonus":"THREE_ENEMY_KILL","is_prod":false,"is_daily":false,"chose_seed":false,"campfire_upgraded":2,"win_rate":0,"timestamp":1548844982,"path_taken":["M","$","?","M","M","E","?","?","T","M","E","R","?","M","R","BOSS","M","?","?","M","?","E"],"build_version":"2019-01-23","purchased_purges":0,"victory":false,"max_hp_per_floor":[80,80,80,80,80,80,80,80,80,80,80,80,80,80,80,80,80,80,80,80,80,80,80],"card_choices":[{"not_picked":["Sword Boomerang","Body Slam"],"picked":"Pommel Strike","floor":1},{"not_picked":["Havoc","Clothesline"],"picked":"Uppercut","floor":3},{"not_picked":["Metallicize","Armaments"],"picked":"Anger","floor":4},{"not_picked":["Headbutt","Flame Barrier"],"picked":"Infernal Blade","floor":5},{"not_picked":["Intimidate","Sever Soul","Ghostly Armor"],"picked":"SKIP","floor":6},{"not_picked":["Iron Wave","Body Slam"],"picked":"Inflame","floor":10},{"not_picked":["Intimidate","Body Slam"],"picked":"Pommel Strike","floor":11},{"not_picked":["Armaments","Wild Strike"],"picked":"Thunderclap","floor":14},{"not_picked":["Dark Embrace","Juggernaut"],"picked":"Brutality","floor":16},{"not_picked":["Feel No Pain","Warcry"],"picked":"Dual Wield","floor":18},{"not_picked":["Heavy Blade","Perfected Strike"],"picked":"Armaments","floor":21}],"player_experience":416884,"relics_obtained":[{"floor":6,"key":"Ice Cream"},{"floor":9,"key":"Bottled Lightning"},{"floor":11,"key":"Paper Frog"},{"floor":13,"key":"Oddly Smooth Stone"}],"event_choices":[{"damage_healed":0,"gold_gain":0,"player_choice":"Success","damage_taken":7,"relics_obtained":["Lantern"],"max_hp_gain":0,"max_hp_loss":0,"event_name":"Scrap Ooze","floor":7,"gold_loss":0},{"damage_healed":0,"gold_gain":175,"player_choice":"AGREE","damage_taken":0,"max_hp_gain":0,"max_hp_loss":0,"event_name":"Liars Game","floor":8,"gold_loss":0,"cards_obtained":["Doubt"]},{"damage_healed":0,"gold_gain":0,"player_choice":"Opened","damage_taken":0,"relics_obtained":["Omamori"],"max_hp_gain":0,"max_hp_loss":0,"event_name":"The Mausoleum","floor":19,"gold_loss":0,"cards_obtained":["Writhe"]},{"damage_healed":0,"gold_gain":0,"player_choice":"Inject Mutagens","damage_taken":0,"relics_obtained":["MutagenicStrength"],"max_hp_gain":0,"max_hp_loss":0,"event_name":"Drug Dealer","floor":20,"gold_loss":0},{"damage_healed":0,"gold_gain":0,"cards_transformed":["Dual Wield"],"player_choice":"Transformed","damage_taken":0,"max_hp_gain":0,"max_hp_loss":0,"event_name":"Transmorgrifier","floor":22,"gold_loss":0,"cards_obtained":["Demon Form"]}],"is_beta":false,"boss_relics":[{"not_picked":["Runic Dome","Snecko Eye"],"picked":"Runic Pyramid"}],"items_purged_floors":[],"is_endless":false,"potions_floor_spawned":[4,5,6],"killed_by":"Slavers","ascension_level":1}