{"gold_per_floor":[111,61,71,81,81,81,100,100,124,140,169,169,180,203,203,304,304,321,321,321,341,352,381,381,405,405,421,421,440,474,490,490,590,590,606,606,623,634,157,190,209,226,226,226,246,256,256,62,62,62],"floor_reached":51,"playtime":3513,"items_purged":["Strike_R"],"score":748,"play_id":"cedb6332-d1b8-46b1-893d-d6c98314ee28","local_time":"20190407010624","is_ascension_mode":false,"campfire_choices":[{"data":"Double Tap","floor":6,"key":"SMITH"},{"data":"Battle Trance","floor":8,"key":"SMITH"},{"data":"Heavy Blade","floor":12,"key":"SMITH"},{"data":"Brutality","floor":15,"key":"SMITH"},{"floor":24,"key":"REST"},{"floor":28,"key":"REST"},{"floor":32,"key":"REST"},{"floor":47,"key":"REST"},{"floor":49,"key":"REST"}],"neow_cost":"PERCENT_DAMAGE","seed_source_timestamp":6621513776604383,"circlet_count":0,"master_deck":["Strike_R","Strike_R","Defend_R","Bash","Double Tap+1","Inflame+1","Twin Strike","Heavy Blade+1","Battle Trance+1","Heavy Blade","Brutality+1","Necronomicurse","Flex+1","Inflame","Heavy Blade","Heavy Blade","Offering","Flex","Shockwave+1","Armaments+1","Burning Pact+1","Heavy Blade+1"],"relics":["Burning Blood","Dream Catcher","Happy Flower","Odd Mushroom","Fusion Hammer","Necronomicon","WingedGreaves","Potion Belt","Letter Opener","Ice Cream","Empty Cage","Toxic Egg 2","PreservedInsect","Omamori","Ornamental Fan","Brimstone"],"potions_floor_usage":[18,23,33,33,38,38,38,38,38,46,50,50,50,50,50],"damage_taken":[{"damage":12,"enemies":"2 Louse","floor":1,"turns":2},{"damage":6,"enemies":"Jaw Worm","floor":3,"turns":3},{"damage":0,"enemies":"Cultist","floor":4,"turns":3},{"damage":12,"enemies":"Blue Slaver","floor":7,"turns":2},{"damage":3,"enemies":"2 Fungi Beasts","floor":10,"turns":3},{"damage":18,"enemies":"Lagavulin","floor":11,"turns":4},{"damage":10,"enemies":"Looter","floor":13,"turns":2},{"damage":17,"enemies":"The Mushroom Lair","floor":14,"turns":3},{"damage":22,"enemies":"Slime Boss","floor":16,"turns":7},{"damage":24,"enemies":"Shell Parasite","floor":18,"turns":3},{"damage":6,"enemies":"Chosen","floor":21,"turns":2},{"damage":21,"enemies":"Centurion and Healer","floor":22,"turns":3},{"damage":36,"enemies":"Slavers","floor":23,"turns":4},{"damage":12,"enemies":"Cultist and Chosen","floor":27,"turns":3},{"damage":11,"enemies":"Chosen and Byrds","floor":29,"turns":2},{"damage":27,"enemies":"Book of Stabbing","floor":30,"turns":3},{"damage":1,"enemies":"Sentry and Sphere","floor":31,"turns":2},{"damage":30,"enemies":"Champ","floor":33,"turns":3},{"damage":11,"enemies":"Orb Walker","floor":35,"turns":2},{"damage":18,"enemies":"3 Shapes","floor":37,"turns":2},{"damage":10,"enemies":"Transient","floor":38,"turns":5},{"damage":25,"enemies":"Reptomancer","floor":40,"turns":2},{"damage":21,"enemies":"Jaw Worm Horde","floor":41,"turns":2},{"damage":7,"enemies":"Spire Growth","floor":42,"turns":2},{"damage":7,"enemies":"3 Darklings","floor":45,"turns":2},{"damage":30,"enemies":"Maw","floor":46,"turns":4},{"damage":64,"enemies":"Awakened One","floor":50,"turns":4}],"seed_played":"-8528934266185016000","potions_obtained":[{"floor":4,"key":"Energy Potion"},{"floor":7,"key":"BloodPotion"},{"floor":10,"key":"GamblersBrew"},{"floor":21,"key":"BloodPotion"},{"floor":22,"key":"SteroidPotion"},{"floor":23,"key":"EntropicBrew"},{"floor":29,"key":"BloodPotion"},{"floor":30,"key":"Dexterity Potion"},{"floor":38,"key":"BloodPotion"},{"floor":45,"key":"FearPotion"},{"floor":46,"key":"LiquidBronze"}],"is_trial":false,"path_per_floor":["M","?","M","M","?","R","M","R","T","M","E","R","M","?","R","B",null,"M","?","?","M","M","E","R","T","T","M","R","M","E","M","R","B",null,"M","?","M","M","$","E","M","M","T","?","M","M","R","$","R","B",null],"character_chosen":"IRONCLAD","items_purchased":["Toxic Egg 2","PreservedInsect","Brimstone"],"campfire_rested":5,"item_purchase_floors":[39,39,48],"current_hp_per_floor":[50,50,50,56,56,56,50,50,50,53,41,41,37,26,26,10,80,62,46,46,46,31,9,33,33,33,27,51,46,25,30,54,30,80,75,75,63,67,67,48,33,32,32,32,31,15,39,39,63,17],"gold":62,"neow_bonus":"THREE_RARE_CARDS","is_prod":false,"is_daily":false,"chose_seed":false,"campfire_upgraded":4,"win_rate":0.0,"timestamp":1554613584,"path_taken":["M","?","M","M","?","R","M","R","T","M","E","R","?","?","R","BOSS","M","?","?","?","M","E","R","?","T","M","R","?","E","M","R","BOSS","M","?","M","M","$","E","M","M","T","?","M","?","R","$","R","BOSS"],"build_version":"2019-01-23","purchased_purges":1,"victory":true,"max_hp_per_floor":[80,80,80,80,80,80,80,80,80,80,80,80,80,80,80,80,80,80,80,80,80,80,80,80,80,80,80,80,80,80,80,80,80,80,80,80,80,80,80,80,80,80,80,80,80,80,80,80,80,80],"card_choices":[{"not_picked":["Impervious","Reaper"],"picked":"Double Tap","floor":0},{"not_picked":["Heavy Blade","Battle Trance"],"picked":"Inflame","floor":1},{"not_picked":["Armaments","Ghostly Armor"],"picked":"Twin Strike","floor":3},{"not_picked":["Cleave","Flex"],"picked":"Heavy Blade","floor":4},{"not_picked":["Metallicize","Perfected Strike"],"picked":"Battle Trance","floor":7},{"not_picked":["True Grit","Ghostly Armor","Headbutt"],"picked":"SKIP","floor":10},{"not_picked":["Iron Wave","Cleave"],"picked":"Heavy Blade","floor":11},{"not_picked":["Blood for Blood","Feel No Pain"],"picked":"Brutality","floor":13},{"not_picked":["Perfected Strike","Bloodletting","Intimidate"],"picked":"SKIP","floor":18},{"not_picked":["Body Slam+1","Shrug It Off","Iron Wave"],"picked":"SKIP","floor":21},{"not_picked":["Dual Wield","Clothesline"],"picked":"Flex+1","floor":22},{"not_picked":["Demon Form","Anger+1"],"picked":"Inflame","floor":23},{"not_picked":["Twin Strike+1","Armaments+1"],"picked":"Heavy Blade","floor":24},{"not_picked":["Intimidate","Shrug It Off+1","Sever Soul"],"picked":"SKIP","floor":27},{"not_picked":["Combust+1","Cleave"],"picked":"Heavy Blade","floor":29},{"not_picked":["Carnage+1","Shockwave","Blood for Blood"],"picked":"SKIP","floor":30},{"not_picked":["Corruption","Berserk","Body Slam"],"picked":"SKIP","floor":31},{"not_picked":["Dark Embrace","Bludgeon"],"picked":"Offering","floor":33},{"not_picked":["Disarm+1","Headbutt","Infernal Blade+1"],"picked":"SKIP","floor":35},{"not_picked":["Searing Blow+1","Anger","Clothesline"],"picked":"SKIP","floor":37},{"not_picked":["Perfected Strike","Warcry+1"],"picked":"Flex","floor":38},{"not_picked":["Bloodletting+1","Corruption"],"picked":"Shockwave+1","floor":40},{"not_picked":["Clothesline","Pommel Strike+1","Bloodletting+1"],"picked":"SKIP","floor":41},{"not_picked":["Clash","Shrug It Off+1"],"picked":"Armaments+1","floor":42},{"not_picked":["Brutality","Headbutt"],"picked":"Burning Pact+1","floor":45},{"not_picked":["Burning Pact+1","Flame Barrier+1","Pommel Strike+1"],"picked":"SKIP","floor":46},{"not_picked":["True Grit+1","Cleave+1"],"picked":"Heavy Blade+1","floor":49}],"player_experience":189948,"relics_obtained":[{"floor":9,"key":"Dream Catcher"},{"floor":11,"key":"Happy Flower"},{"floor":14,"key":"Odd Mushroom"},{"floor":19,"key":"Necronomicon"},{"floor":23,"key":"WingedGreaves"},{"floor":25,"key":"Potion Belt"},{"floor":26,"key":"Letter Opener"},{"floor":30,"key":"Ice Cream"},{"floor":40,"key":"Omamori"},{"floor":43,"key":"Ornamental Fan"}],"event_choices":[{"cards_removed":["Defend_R"],"damage_healed":0,"gold_gain":0,"player_choice":"Card Removal","damage_taken":0,"max_hp_gain":0,"max_hp_loss":0,"event_name":"The Cleric","floor":2,"gold_loss":50},{"damage_healed":0,"gold_gain":0,"player_choice":"Upgraded","damage_taken":0,"max_hp_gain":0,"max_hp_loss":0,"event_name":"Upgrade Shrine","floor":5,"gold_loss":0,"cards_upgraded":["Inflame"]},{"damage_healed":0,"gold_gain":0,"player_choice":"Fought Mushrooms","damage_taken":0,"max_hp_gain":0,"max_hp_loss":0,"event_name":"Mushrooms","floor":14,"gold_loss":0},{"damage_healed":0,"gold_gain":0,"player_choice":"Obtained Book","damage_taken":16,"max_hp_gain":0,"max_hp_loss":0,"event_name":"Cursed Tome","floor":19,"gold_loss":0},{"damage_healed":0,"gold_gain":0,"player_choice":"Ignored","damage_taken":0,"max_hp_gain":0,"max_hp_loss":0,"event_name":"NoteForYourself","floor":20,"gold_loss":0},{"cards_removed":["Defend_R"],"damage_healed":0,"gold_gain":0,"player_choice":"Removed Skill","damage_taken":0,"max_hp_gain":0,"max_hp_loss":0,"event_name":"Falling","floor":36,"gold_loss":0},{"cards_removed":["Strike_R"],"damage_healed":0,"gold_gain":0,"player_choice":"Offered Basic","damage_taken":0,"max_hp_gain":0,"max_hp_loss":0,"event_name":"Bonfire Elementals","floor":44,"gold_loss":0}],"is_beta":false,"boss_relics":[{"not_picked":["Mark of Pain","Lizard Tail"],"picked":"Fusion Hammer"},{"not_picked":["Orrery","Runic Dome"],"picked":"Empty Cage"}],"items_purged_floors":[39],"is_endless":false,"potions_floor_spawned":[4,7,10,21,22,23,29,30,38,45,46],"ascension_level":0}