{"gold_per_floor":[114,134,148,161,174,200,200,200,223,223,238,266,45,58,58,159,159,176,189,114,114,131,131,131,131,131,158,175,185,85,99,99,99],"floor_reached":33,"playtime":2755,"items_purged":["Strike_G","Tools of the Trade"],"score":331,"play_id":"7fabd7ab-e290-4ee9-b5fa-e926a7439e09","local_time":"20190406205001","is_ascension_mode":false,"campfire_choices":[{"data":"Footwork","floor":7.0,"key":"SMITH"},{"floor":10.0,"key":"REST"},{"floor":15.0,"key":"REST"},{"floor":23.0,"key":"RECALL"},{"floor":25.0,"key":"REST"},{"floor":32.0,"key":"REST"}],"neow_cost":"NONE","seed_source_timestamp":0,"circlet_count":0,"master_deck":["Survivor","Neutralize","Footwork+1","Dash","Leg Sweep","Dagger Spray","Predator","Dodge and Roll","Poisoned Stab+1","Dash+1","Skewer","Corpse Explosion","A Thousand Cuts","Distraction","Adrenaline","Slice","Reflex","Dagger Throw+1","Strike_G","Backflip","Footwork+1","Acrobatics+1","Caltrops","Concentrate"],"special_seed":0,"relics":["Orrery","Orichalcum","Pen Nib","Snake Skull","Whetstone","Pandora\u0027s Box","Centennial Puzzle"],"potions_floor_usage":[33],"damage_taken":[{"damage":0.0,"enemies":"Jaw Worm","floor":1.0,"turns":5.0},{"damage":0.0,"enemies":"Small Slimes","floor":2.0,"turns":3.0},{"damage":0.0,"enemies":"Cultist","floor":3.0,"turns":5.0},{"damage":0.0,"enemies":"Blue Slaver","floor":4.0,"turns":5.0},{"damage":3.0,"enemies":"Lots of Slimes","floor":5.0,"turns":3.0},{"damage":31.0,"enemies":"Gremlin Nob","floor":6.0,"turns":6.0},{"damage":0.0,"enemies":"Large Slime","floor":11.0,"turns":8.0},{"damage":6.0,"enemies":"3 Sentries","floor":12.0,"turns":10.0},{"damage":4.0,"enemies":"2 Fungi Beasts","floor":14.0,"turns":3.0},{"damage":0.0,"enemies":"The Guardian","floor":16.0,"turns":12.0},{"damage":0.0,"enemies":"Chosen","floor":18.0,"turns":6.0},{"damage":19.0,"enemies":"3 Byrds","floor":19.0,"turns":6.0},{"damage":12.0,"enemies":"Shelled Parasite and Fungi","floor":22.0,"turns":6.0},{"damage":18.0,"enemies":"Book of Stabbing","floor":27.0,"turns":7.0},{"damage":14.0,"enemies":"3 Cultists","floor":28.0,"turns":6.0},{"damage":0.0,"enemies":"Centurion and Healer","floor":29.0,"turns":7.0},{"damage":3.0,"enemies":"Snake Plant","floor":31.0,"turns":3.0},{"damage":51,"enemies":"Automaton","floor":33,"turns":14}],"seed_played":"-4538503102160819448","potions_obtained":[{"floor":1.0,"key":"Dexterity Potion"},{"floor":3.0,"key":"Poison Potion"},{"floor":4.0,"key":"SpeedPotion"},{"floor":6.0,"key":"Explosive Potion"},{"floor":11.0,"key":"Weak Potion"},{"floor":22.0,"key":"GamblersBrew"},{"floor":28.0,"key":"Fire Potion"}],"is_trial":false,"path_per_floor":["M","M","M","M","M","E","R","?","T","R","M","E","$","M","R","B",null,"M","M","?","?","M","R","?","R","T","E","M","M","$","M","R","B"],"character_chosen":"THE_SILENT","items_purchased":["Whetstone"],"campfire_rested":4,"item_purchase_floors":[13],"current_hp_per_floor":[70,70,70,70,67,36,36,29,29,50,50,44,44,40,61,61,70,70,51,51,51,39,39,39,60,60,42,28,28,28,25,46,0],"gold":99,"neow_bonus":"BOSS_RELIC","is_prod":false,"is_daily":false,"chose_seed":false,"campfire_upgraded":1,"win_rate":0,"timestamp":1554605401,"path_taken":["M","M","M","M","M","E","R","?","T","R","M","E","$","M","R","BOSS","M","M","?","?","?","R","?","R","T","E","M","M","$","?","R","BOSS"],"build_version":"2019-01-23","purchased_purges":2,"victory":false,"max_hp_per_floor":[70,70,70,70,70,70,70,70,70,70,70,70,70,70,70,70,70,70,70,70,70,70,70,70,70,70,70,70,70,70,70,70,70],"card_choices":[{"not_picked":["Tactician","Flying Knee"],"picked":"Footwork","floor":0.0},{"not_picked":["Poisoned Stab","Concentrate"],"picked":"Dash","floor":0.0},{"not_picked":["Sucker Punch","Choke"],"picked":"Leg Sweep","floor":0.0},{"not_picked":["Bouncing Flask","Blade Dance"],"picked":"Dagger Spray","floor":0.0},{"not_picked":["Dodge and Roll","Outmaneuver"],"picked":"Predator","floor":0.0},{"not_picked":["Blade Dance","Reflex","All Out Attack"],"picked":"SKIP","floor":1.0},{"not_picked":["All Out Attack","Sucker Punch"],"picked":"Dodge and Roll","floor":2.0},{"not_picked":["Escape Plan","Bouncing Flask"],"picked":"Poisoned Stab","floor":3.0},{"not_picked":["Dagger Throw","Bane","Poisoned Stab"],"picked":"SKIP","floor":4.0},{"not_picked":["Finisher","All Out Attack","Sucker Punch"],"picked":"SKIP","floor":5.0},{"not_picked":["Underhanded Strike","Bane"],"picked":"Dash","floor":6.0},{"not_picked":["Unload","Dagger Spray","Flying Knee"],"picked":"SKIP","floor":11.0},{"not_picked":["Slice","Sucker Punch"],"picked":"Skewer","floor":12.0},{"not_picked":["Masterful Stab","Dagger Throw","Cloak And Dagger"],"picked":"SKIP","floor":14.0},{"not_picked":["After Image","Night Terror"],"picked":"Corpse Explosion","floor":16.0},{"not_picked":["Endless Agony+1","Sucker Punch","Dagger Throw+1"],"picked":"SKIP","floor":18.0},{"not_picked":["Endless Agony+1","Sucker Punch"],"picked":"Dagger Throw+1","floor":18.0},{"not_picked":["Dagger Throw","Tactician+1","Predator"],"picked":"SKIP","floor":19.0},{"not_picked":["Blade Dance","Flying Knee"],"picked":"Backflip","floor":22.0},{"not_picked":["Reflex","Finisher"],"picked":"Acrobatics+1","floor":27.0},{"not_picked":["Quick Slash","Setup","All Out Attack"],"picked":"SKIP","floor":28.0},{"not_picked":["Flying Knee","Acrobatics"],"picked":"Caltrops","floor":29.0},{"not_picked":["Distraction","Footwork"],"picked":"Concentrate","floor":31.0}],"player_experience":190832,"relics_obtained":[{"floor":6.0,"key":"Orichalcum"},{"floor":9.0,"key":"Pen Nib"},{"floor":12.0,"key":"Snake Skull"},{"floor":27.0,"key":"Centennial Puzzle"}],"event_choices":[{"cards_removed":["Strike_G"],"damage_healed":0.0,"max_hp_gain":0.0,"max_hp_loss":0.0,"gold_gain":0.0,"event_name":"Golden Wing","player_choice":"Card Removal","floor":8.0,"gold_loss":0.0,"damage_taken":7.0},{"cards_removed":["Bouncing Flask"],"damage_healed":0.0,"max_hp_gain":0.0,"max_hp_loss":0.0,"gold_gain":0.0,"event_name":"Beggar","player_choice":"Gave Gold","floor":20.0,"gold_loss":75.0,"damage_taken":0.0},{"cards_removed":["Eviscerate"],"damage_healed":0.0,"max_hp_gain":0.0,"max_hp_loss":0.0,"gold_gain":0.0,"event_name":"NoteForYourself","player_choice":"Took Card","floor":21.0,"gold_loss":0.0,"damage_taken":0.0,"cards_obtained":["Strike_G"]},{"damage_healed":0.0,"max_hp_gain":0.0,"max_hp_loss":0.0,"gold_gain":0.0,"event_name":"Duplicator","player_choice":"Copied","floor":24.0,"gold_loss":0.0,"damage_taken":0.0,"cards_obtained":["Footwork"]}],"is_beta":false,"boss_relics":[{"not_picked":["Empty Cage","WristBlade"],"picked":"Pandora\u0027s Box"}],"items_purged_floors":[13,30],"is_endless":false,"potions_floor_spawned":[1,3,4,6,11,16,22,28],"killed_by":"Automaton","ascension_level":0}