{"gold_per_floor":[117,134,153,164,180,180,180,195,195,195],"floor_reached":10,"playtime":373,"items_purged":[],"score":62,"play_id":"310c7dc4-ad2a-4b48-ba9d-7542748cdc26","local_time":"20190406170229","is_ascension_mode":false,"campfire_choices":[{"data":"Caltrops","floor":6,"key":"SMITH"}],"neow_cost":"CURSE","seed_source_timestamp":962934194752944,"circlet_count":0,"master_deck":["Defend_G","Defend_G","Defend_G","Defend_G","Defend_G","Strike_G","Strike_G","Strike_G","Strike_G","Strike_G","Survivor","Neutralize","Doubt","After Image","Caltrops+1","Deadly Poison","Poisoned Stab","Sucker Punch","Dash","Backstab"],"relics":["Ring of the Snake","Letter Opener","Calipers"],"potions_floor_usage":[],"damage_taken":[{"damage":0,"enemies":"2 Louse","floor":1,"turns":5},{"damage":5,"enemies":"Small Slimes","floor":2,"turns":4},{"damage":0,"enemies":"Cultist","floor":3,"turns":4},{"damage":14,"enemies":"3 Louse","floor":4,"turns":5},{"damage":6,"enemies":"Blue Slaver","floor":5,"turns":4},{"damage":10,"enemies":"Exordium Thugs","floor":8,"turns":5},{"damage":31,"enemies":"Gremlin Nob","floor":10,"turns":4}],"seed_played":"2376968831833655777","potions_obtained":[{"floor":1,"key":"LiquidBronze"},{"floor":4,"key":"SpeedPotion"},{"floor":8,"key":"Swift Potion"}],"is_trial":false,"path_per_floor":["M","M","M","M","M","R","?","M","T","E"],"character_chosen":"THE_SILENT","items_purchased":[],"campfire_rested":0,"item_purchase_floors":[],"current_hp_per_floor":[70,65,65,51,45,45,38,28,28,0],"gold":195,"neow_bonus":"THREE_RARE_CARDS","is_prod":false,"is_daily":false,"chose_seed":false,"campfire_upgraded":1,"win_rate":0,"timestamp":1554591749,"path_taken":["M","M","M","M","M","R","?","M","T","E"],"build_version":"2019-01-23","purchased_purges":0,"victory":false,"max_hp_per_floor":[70,70,70,70,70,70,70,70,70,70],"card_choices":[{"not_picked":["Unload","Bullet Time"],"picked":"After Image","floor":0},{"not_picked":["PiercingWail","Deflect"],"picked":"Caltrops","floor":1},{"not_picked":["Backflip","Distraction"],"picked":"Deadly Poison","floor":2},{"not_picked":["Blade Dance","Bane"],"picked":"Poisoned Stab","floor":3},{"not_picked":["Outmaneuver","Prepared"],"picked":"Sucker Punch","floor":4},{"not_picked":["After Image","Reflex"],"picked":"Dash","floor":5},{"not_picked":["Blade Dance","Infinite Blades"],"picked":"Backstab","floor":8}],"player_experience":188296,"relics_obtained":[{"floor":9,"key":"Calipers"}],"event_choices":[{"damage_healed":0,"gold_gain":0,"player_choice":"Success","damage_taken":7,"relics_obtained":["Letter Opener"],"max_hp_gain":0,"max_hp_loss":0,"event_name":"Scrap Ooze","floor":7,"gold_loss":0}],"is_beta":false,"boss_relics":[],"items_purged_floors":[],"is_endless":false,"potions_floor_spawned":[1,4,8],"killed_by":"Gremlin Nob","ascension_level":0}