{"gold_per_floor":[11,22,34,34,34,61,72,72,72,72,107,126,126,140,140,242,242,262,312,330,105,20,20,32,131,131,131,157,177,197,122,122,122],"floor_reached":33,"playtime":1755,"items_purged":["Metamorphosis"],"score":277,"play_id":"4184f871-104a-4337-80bb-cfa86ddd792d","local_time":"20190326203357","is_ascension_mode":false,"campfire_choices":[{"data":"Armaments","floor":8,"key":"SMITH"},{"data":"Chrysalis","floor":10,"key":"SMITH"},{"data":"Fire Breathing","floor":13,"key":"SMITH"},{"floor":15,"key":"REST"},{"data":"Pommel Strike","floor":23,"key":"SMITH"},{"floor":32,"key":"REST"}],"neow_cost":"NO_GOLD","seed_source_timestamp":23961391439365,"circlet_count":0,"master_deck":["Strike_R","Strike_R","Defend_R","Defend_R","Defend_R","Bash","Chrysalis+1","Pommel Strike+1","Armaments+1","Flame Barrier","Fire Breathing+1","Searing Blow","Infernal Blade","Evolve","Fire Breathing+1"],"relics":["Burning Blood","Bottled Flame","Letter Opener","Red Skull","Runic Pyramid","Orichalcum","Strawberry","Mercury Hourglass","Blue Candle"],"potions_floor_usage":[11,11,14,18,18,24,28],"damage_taken":[{"damage":1,"enemies":"Cultist","floor":1,"turns":3},{"damage":3,"enemies":"Small Slimes","floor":2,"turns":3},{"damage":1,"enemies":"2 Louse","floor":3,"turns":3},{"damage":27,"enemies":"Lagavulin","floor":6,"turns":11},{"damage":0,"enemies":"2 Fungi Beasts","floor":7,"turns":5},{"damage":10,"enemies":"Gremlin Nob","floor":11,"turns":5},{"damage":12,"enemies":"Large Slime","floor":12,"turns":7},{"damage":19,"enemies":"3 Louse","floor":14,"turns":4},{"damage":39,"enemies":"The Guardian","floor":16,"turns":8},{"damage":16,"enemies":"Shell Parasite","floor":18,"turns":8},{"damage":29,"enemies":"3 Byrds","floor":20,"turns":7},{"damage":17,"enemies":"Centurion and Healer","floor":24,"turns":9},{"damage":9,"enemies":"Gremlin Leader","floor":28,"turns":5},{"damage":17,"enemies":"Shelled Parasite and Fungi","floor":29,"turns":5},{"damage":9,"enemies":"Chosen and Byrds","floor":30,"turns":6},{"damage":58,"enemies":"Automaton","floor":33,"turns":8}],"seed_played":"-8365607045576653536","potions_obtained":[{"floor":1,"key":"Block Potion"},{"floor":6,"key":"SpeedPotion"},{"floor":7,"key":"AttackPotion"},{"floor":11,"key":"Weak Potion"},{"floor":12,"key":"Fruit Juice"},{"floor":20,"key":"PowerPotion"},{"floor":24,"key":"LiquidBronze"}],"is_trial":false,"path_per_floor":["M","M","M","$","?","E","M","R","T","R","E","M","R","M","R","B",null,"M","?","M","$","?","R","M","?","T","?","E","M","M","?","R","B"],"character_chosen":"IRONCLAD","items_purchased":["Orichalcum"],"campfire_rested":2,"item_purchase_floors":[21],"current_hp_per_floor":[80,80,80,80,80,59,65,65,65,65,61,55,55,47,72,39,85,75,75,52,52,59,59,48,48,48,48,45,34,31,31,58,0],"gold":122,"neow_bonus":"RANDOM_COLORLESS_2","is_prod":false,"is_daily":false,"chose_seed":false,"campfire_upgraded":4,"win_rate":0,"timestamp":1553654037,"path_taken":["M","M","M","?","?","E","?","R","T","R","E","M","R","M","R","BOSS","M","?","?","$","?","R","M","?","T","?","E","M","M","?","R","BOSS"],"build_version":"2019-01-23","purchased_purges":1,"victory":false,"max_hp_per_floor":[80,80,80,80,80,80,80,80,80,80,80,80,80,85,85,85,85,85,85,85,85,92,92,92,92,92,92,92,92,92,92,92,92],"card_choices":[{"not_picked":["Heavy Blade","Body Slam"],"picked":"Pommel Strike","floor":1},{"not_picked":["Wild Strike","Anger"],"picked":"Armaments","floor":2},{"not_picked":["Flex","Iron Wave"],"picked":"Flame Barrier","floor":3},{"not_picked":["Wild Strike","Metallicize"],"picked":"Fire Breathing","floor":6},{"not_picked":["Sentinel","Sword Boomerang"],"picked":"Searing Blow","floor":7},{"not_picked":["Cleave","Intimidate","Battle Trance"],"picked":"SKIP","floor":11},{"not_picked":["Havoc","Juggernaut","Pommel Strike"],"picked":"SKIP","floor":12},{"not_picked":["Body Slam","Sword Boomerang","Twin Strike"],"picked":"SKIP","floor":14},{"not_picked":["Twin Strike","Iron Wave","Clothesline+1"],"picked":"SKIP","floor":18},{"not_picked":["Searing Blow+1","Sentinel","Reckless Charge"],"picked":"SKIP","floor":20},{"not_picked":["Power Through","Warcry","Armaments"],"picked":"SKIP","floor":24},{"not_picked":["Demon Form","Carnage","Seeing Red"],"picked":"SKIP","floor":28},{"not_picked":["Flex","Anger","Battle Trance+1"],"picked":"SKIP","floor":29},{"not_picked":["Ghostly Armor+1","Thunderclap"],"picked":"Fire Breathing+1","floor":30}],"player_experience":143342,"relics_obtained":[{"floor":6,"key":"Bottled Flame"},{"floor":9,"key":"Letter Opener"},{"floor":11,"key":"Red Skull"},{"floor":26,"key":"Mercury Hourglass"},{"floor":28,"key":"Blue Candle"}],"event_choices":[{"cards_removed":["Defend_R"],"damage_healed":0,"gold_gain":0,"player_choice":"Purged","damage_taken":0,"max_hp_gain":0,"max_hp_loss":0,"event_name":"Purifier","floor":5,"gold_loss":0},{"damage_healed":0,"gold_gain":100,"player_choice":"Bet on Murderer","damage_taken":0,"max_hp_gain":0,"max_hp_loss":0,"event_name":"The Joust","floor":19,"gold_loss":50},{"damage_healed":0,"gold_gain":0,"player_choice":"Obtained Relic","damage_taken":0,"relics_obtained":["Strawberry"],"max_hp_gain":0,"max_hp_loss":0,"event_name":"Addict","floor":22,"gold_loss":85},{"damage_healed":0,"gold_gain":99,"player_choice":"Stole From Cult","damage_taken":0,"max_hp_gain":0,"max_hp_loss":0,"event_name":"Nest","floor":25,"gold_loss":0},{"damage_healed":0,"gold_gain":0,"cards_transformed":["Strike_R","Strike_R"],"player_choice":"Became Test Subject","damage_taken":0,"max_hp_gain":0,"max_hp_loss":0,"event_name":"Drug Dealer","floor":27,"gold_loss":0,"cards_obtained":["Infernal Blade","Evolve"]},{"cards_removed":["Strike_R"],"damage_healed":0,"gold_gain":0,"player_choice":"Gave Gold","damage_taken":0,"max_hp_gain":0,"max_hp_loss":0,"event_name":"Beggar","floor":31,"gold_loss":75}],"is_beta":false,"boss_relics":[{"not_picked":["Philosopher\u0027s Stone","Busted Crown"],"picked":"Runic Pyramid"}],"items_purged_floors":[21],"is_endless":false,"potions_floor_spawned":[1,6,7,11,12,20,24],"killed_by":"Automaton","ascension_level":0}