{"gold_per_floor":[114,64,74,74,92,110,135,135,215,215,231,231,231,116,116,217,217,227,238,30,40,57,57,69,104,130,130],"floor_reached":27,"playtime":1430,"items_purged":["Strike_R","Sever Soul+1"],"score":260,"play_id":"981bd802-7073-4177-964b-c8b33daf65f9","local_time":"20190324231254","is_ascension_mode":false,"campfire_choices":[{"data":"Cleave","floor":8,"key":"SMITH"},{"data":"Headbutt","floor":10,"key":"SMITH"},{"data":"Warcry","floor":12,"key":"SMITH"},{"floor":15,"key":"REST"},{"data":"Inflame","floor":23,"key":"SMITH"}],"neow_cost":"NONE","seed_source_timestamp":0,"circlet_count":0,"master_deck":["Strike_R","Defend_R","Defend_R","Defend_R","Bash+1","Shrug It Off","Headbutt+1","Feed","Cleave+1","Warcry+1","Inflame+1","Exhume","Infernal Blade+1","Rage+1","Rage","Pommel Strike","Dropkick","Fire Breathing","Pommel Strike+1","Inflame+1"],"special_seed":0,"relics":["Burning Blood","NeowsBlessing","Nunchaku","Paper Frog","Astrolabe","Lantern","Boot"],"potions_floor_usage":[16,18,21,25],"damage_taken":[{"damage":0.0,"enemies":"Jaw Worm","floor":1.0,"turns":1.0},{"damage":0.0,"enemies":"2 Louse","floor":3.0,"turns":1.0},{"damage":0.0,"enemies":"Cultist","floor":5.0,"turns":1.0},{"damage":4,"enemies":"3 Louse","floor":6,"turns":4},{"damage":27,"enemies":"3 Sentries","floor":7,"turns":8},{"damage":3,"enemies":"Red Slaver","floor":11,"turns":3},{"damage":43,"enemies":"Hexaghost","floor":16,"turns":8},{"damage":0,"enemies":"Spheric Guardian","floor":18,"turns":3},{"damage":2,"enemies":"Chosen","floor":19,"turns":4},{"damage":16,"enemies":"Snake Plant","floor":21,"turns":4},{"damage":18,"enemies":"Shelled Parasite and Fungi","floor":22,"turns":5},{"damage":32,"enemies":"Centurion and Healer","floor":24,"turns":7},{"damage":51,"enemies":"Book of Stabbing","floor":25,"turns":6},{"damage":37,"enemies":"Sentry and Sphere","floor":27,"turns":5}],"seed_played":"-3650695583718563634","potions_obtained":[{"floor":1.0,"key":"Poison Potion"},{"floor":6,"key":"SteroidPotion"},{"floor":11,"key":"FairyPotion"},{"floor":19,"key":"SkillPotion"},{"floor":21,"key":"Regen Potion"},{"floor":25,"key":"SpeedPotion"}],"is_trial":false,"path_per_floor":["M","?","M","?","M","M","E","R","T","R","M","R","?","$","R","B",null,"M","M","$","M","M","R","M","E","T","M"],"character_chosen":"IRONCLAD","items_purchased":["Inflame","Dropkick","Fire Breathing"],"campfire_rested":1,"item_purchase_floors":[14,20,20],"current_hp_per_floor":[80,80,80,80,80,83,65,65,65,65,68,68,68,68,86,49,86,86,89,89,82,70,70,47,17,17,0],"gold":130,"neow_bonus":"THREE_ENEMY_KILL","is_prod":false,"is_daily":false,"chose_seed":false,"campfire_upgraded":4,"win_rate":0,"timestamp":1553490774,"path_taken":["M","?","M","?","M","M","E","R","T","R","M","R","?","$","R","BOSS","M","M","$","M","M","R","?","E","T","M"],"build_version":"2019-01-23","purchased_purges":2,"victory":false,"max_hp_per_floor":[80,80,80,80,80,83,86,86,86,86,86,86,86,86,86,86,86,86,89,89,92,92,92,95,95,95,95],"card_choices":[{"not_picked":["Whirlwind","Clothesline"],"picked":"Shrug It Off","floor":1.0},{"not_picked":["Flex","Heavy Blade"],"picked":"Headbutt","floor":3.0},{"not_picked":["True Grit","Heavy Blade"],"picked":"Feed","floor":5.0},{"not_picked":["Body Slam","True Grit"],"picked":"Cleave","floor":6},{"not_picked":["Perfected Strike","Disarm"],"picked":"Warcry","floor":7},{"not_picked":["Perfected Strike","Sword Boomerang","Cleave"],"picked":"SKIP","floor":11},{"not_picked":["Brutality","Dark Embrace"],"picked":"Exhume","floor":16},{"not_picked":["Heavy Blade","Perfected Strike"],"picked":"Rage","floor":18},{"not_picked":["Sword Boomerang","Feel No Pain"],"picked":"Pommel Strike","floor":19},{"not_picked":["Dark Embrace","Searing Blow+1"],"picked":"Pommel Strike+1","floor":21},{"not_picked":["Carnage","Twin Strike","Flex"],"picked":"SKIP","floor":22},{"not_picked":["Thunderclap","Disarm"],"picked":"Inflame+1","floor":24},{"not_picked":["Body Slam","Fire Breathing","Clothesline"],"picked":"SKIP","floor":25}],"player_experience":138901,"relics_obtained":[{"floor":7,"key":"Nunchaku"},{"floor":9,"key":"Paper Frog"},{"floor":25,"key":"Lantern"},{"floor":26,"key":"Boot"}],"event_choices":[{"cards_removed":["Strike_R"],"damage_healed":0.0,"max_hp_gain":0.0,"max_hp_loss":0.0,"gold_gain":0.0,"event_name":"The Cleric","player_choice":"Card Removal","floor":2.0,"gold_loss":50.0,"damage_taken":0.0},{"damage_healed":0.0,"max_hp_gain":0.0,"max_hp_loss":0.0,"gold_gain":0.0,"event_name":"Liars Game","player_choice":"Ignored","floor":4.0,"gold_loss":0.0,"damage_taken":0.0},{"damage_healed":0,"gold_gain":0,"player_choice":"Upgraded","damage_taken":0,"max_hp_gain":0,"max_hp_loss":0,"event_name":"Upgrade Shrine","floor":13,"gold_loss":0,"cards_upgraded":["Bash"]}],"is_beta":false,"boss_relics":[{"not_picked":["Lizard Tail","Runic Cube"],"picked":"Astrolabe"}],"items_purged_floors":[14,20],"is_endless":false,"potions_floor_spawned":[1,6,11,19,21,25],"killed_by":"Sentry and Sphere","ascension_level":0}