{"gold_per_floor":[110,110,29,48,68,68,93,105,153,167,167,181,181,199,199,296,296,309,320,410,427,352,352,366,366,392,414,426,448,470,482,494,506],"floor_reached":33,"playtime":1595,"items_purged":["Strike_B"],"score":253,"play_id":"d7e4184e-f117-4931-ab4d-e859293e47ec","local_time":"20180830185707","is_ascension_mode":false,"campfire_choices":[{"data":"Static Discharge","floor":6,"key":"SMITH"},{"data":"Capacitor","floor":13,"key":"SMITH"},{"floor":15,"key":"REST"},{"data":"Thunder Strike","floor":23,"key":"SMITH"},{"floor":25,"key":"REST"},{"floor":28,"key":"REST"},{"floor":32,"key":"REST"}],"neow_cost":"NONE","seed_source_timestamp":1343852807798232,"circlet_count":0,"master_deck":["Strike_B","Strike_B","Strike_B","Defend_B","Defend_B","Defend_B","Defend_B","Zap","Self Repair","Static Discharge+1","Ball Lightning","Capacitor+1","Bandage Up","Thunder Strike+1","Writhe","Barrage+1","Double Energy+1","Amplify"],"relics":["Cracked Core","Meat on the Bone","Lantern","Cursed Key","MawBank"],"potions_floor_usage":[8,8,10,14,21,27,27,33],"damage_taken":[{"damage":5,"enemies":"Small Slimes","floor":1,"turns":3},{"damage":10,"enemies":"2 Louse","floor":4,"turns":3},{"damage":6,"enemies":"Jaw Worm","floor":5,"turns":4},{"damage":20,"enemies":"Gremlin Nob","floor":7,"turns":4},{"damage":6,"enemies":"Exordium Wildlife","floor":8,"turns":3},{"damage":13,"enemies":"2 Fungi Beasts","floor":10,"turns":3},{"damage":15,"enemies":"Gremlin Gang","floor":12,"turns":3},{"damage":12,"enemies":"Exordium Wildlife","floor":14,"turns":4},{"damage":41,"enemies":"Slime Boss","floor":16,"turns":8},{"damage":4,"enemies":"3 Byrds","floor":18,"turns":2},{"damage":22,"enemies":"Spheric Guardian","floor":19,"turns":4},{"damage":32,"enemies":"Snake Plant","floor":21,"turns":4},{"damage":38,"enemies":"Shelled Parasite and Fungi","floor":24,"turns":5},{"damage":18,"enemies":"Snecko","floor":27,"turns":4},{"damage":38,"enemies":"Cultist and Chosen","floor":29,"turns":5},{"damage":11,"enemies":"Chosen and Byrds","floor":30,"turns":3},{"damage":88,"enemies":"Collector","floor":33,"turns":6}],"seed_played":"6486592614782809780","potions_obtained":[{"floor":4,"key":"SkillPotion"},{"floor":7,"key":"Energy Potion"},{"floor":8,"key":"Poison Potion"},{"floor":12,"key":"Block Potion"},{"floor":18,"key":"Ancient Potion"},{"floor":19,"key":"Poison Potion"},{"floor":24,"key":"GamblersBrew"},{"floor":30,"key":"Weak Potion"}],"is_trial":false,"path_per_floor":["M","?","$","M","M","R","E","M","T","M","?","M","R","M","R","B",null,"M","M","?","M","$","R","M","R","T","M","R","M","M","?","R"],"character_chosen":"DEFECT","items_purchased":["Static Discharge"],"campfire_rested":4,"item_purchase_floors":[3],"current_hp_per_floor":[75,68,68,65,66,66,53,54,54,41,41,49,49,48,70,52,75,75,64,50,41,41,41,26,48,48,53,75,49,42,42,64,0],"gold":506,"neow_bonus":"THREE_CARDS","is_prod":false,"is_daily":false,"chose_seed":false,"campfire_upgraded":3,"win_rate":0.0,"timestamp":1535680627,"path_taken":["M","?","$","M","M","R","E","M","T","M","?","M","R","?","R","BOSS","M","M","?","M","$","R","M","R","T","M","R","M","?","?","R","BOSS"],"build_version":"2018-08-23v2","purchased_purges":1,"victory":false,"max_hp_per_floor":[75,75,75,75,75,75,75,75,75,75,75,75,75,75,75,75,75,75,75,75,75,75,75,75,75,75,75,75,75,75,75,75,75],"card_choices":[{"not_picked":["Sunder","Heatsinks"],"picked":"Self Repair","floor":0},{"not_picked":["Steam","BootSequence","Conserve Battery"],"picked":"SKIP","floor":1},{"not_picked":["Go for the Eyes","BootSequence","Streamline"],"picked":"SKIP","floor":4},{"not_picked":["Heatsinks","Streamline","Consume"],"picked":"SKIP","floor":5},{"not_picked":["Skim","Cold Snap"],"picked":"Ball Lightning","floor":7},{"not_picked":["Lockon","Barrage"],"picked":"Capacitor","floor":8},{"not_picked":["FTL","Ball Lightning","Stack"],"picked":"SKIP","floor":10},{"not_picked":["Leap","Gash","Hologram"],"picked":"SKIP","floor":12},{"not_picked":["Compile Driver","Stack","Turbo"],"picked":"SKIP","floor":14},{"not_picked":["Buffer","Machine Learning"],"picked":"Thunder Strike","floor":16},{"not_picked":["White Noise","Stack+1","Cold Snap"],"picked":"SKIP","floor":18},{"not_picked":["Compile Driver","Lockon","Rip and Tear+1"],"picked":"SKIP","floor":19},{"not_picked":["Barrage+1","Darkness","Fusion"],"picked":"SKIP","floor":21},{"not_picked":["Genetic Algorithm","Barrage","Hologram+1"],"picked":"SKIP","floor":24},{"not_picked":["Redo","Reprogram"],"picked":"Barrage+1","floor":27},{"not_picked":["BootSequence","Compile Driver"],"picked":"Double Energy+1","floor":29},{"not_picked":["Leap+1","Genetic Algorithm+1"],"picked":"Amplify","floor":30}],"player_experience":88098,"relics_obtained":[{"floor":7,"key":"Meat on the Bone"},{"floor":9,"key":"Lantern"},{"floor":26,"key":"MawBank"}],"event_choices":[{"event_name":"Golden Wing","player_choice":"Card Removal","floor":2,"damage_taken":0},{"event_name":"Match and Keep!","player_choice":"1 cards matched","floor":11,"damage_taken":0},{"event_name":"Knowing Skull","player_choice":"GOLD ","floor":20,"damage_taken":0},{"event_name":"Ghosts","player_choice":"Ignored","floor":31,"damage_taken":0}],"is_beta":false,"boss_relics":[{"not_picked":["FrozenCore","White Beast Statue"],"picked":"Cursed Key"}],"items_purged_floors":[22],"is_endless":false,"potions_floor_spawned":[4,7,8,12,18,19,24,30],"killed_by":"Collector","ascension_level":0}