{"gold_per_floor":[12,22,22,22,36,67,67,142,142,161,176,235,235,247,247,247],"floor_reached":16,"playtime":705,"items_purged":[],"score":102,"play_id":"add2a155-17ca-4686-bc5b-25de8b6b9c10","local_time":"20180706150350","is_ascension_mode":false,"campfire_choices":[{"floor":7,"key":"REST"},{"floor":13,"key":"REST"},{"floor":15,"key":"REST"}],"neow_cost":"NO_GOLD","seed_source_timestamp":396997713004338,"circlet_count":0,"master_deck":["Strike_B","Strike_B","Strike_B","Defend_B","Defend_B","Defend_B","Defend_B","Zap","Dualcast","Redo","Sunder","Hologram","Reboot","Conserve Battery","Stack","Hologram","Consume"],"relics":["Cracked Core","Calipers","Turnip","Omamori","Ginger","Anchor"],"potions_floor_usage":[12,12,12,16],"damage_taken":[{"damage":1,"enemies":"Cultist","floor":1,"turns":3},{"damage":6,"enemies":"Jaw Worm","floor":2,"turns":3},{"damage":0,"enemies":"Small Slimes","floor":5,"turns":2},{"damage":33,"enemies":"Lagavulin","floor":6,"turns":7},{"damage":2,"enemies":"3 Louse","floor":10,"turns":3},{"damage":7,"enemies":"Looter","floor":11,"turns":4},{"damage":14,"enemies":"Lagavulin Event","floor":12,"turns":4},{"damage":16,"enemies":"Large Slime","floor":14,"turns":6},{"damage":42,"enemies":"The Guardian","floor":16,"turns":6}],"seed_played":"-6431445101671811213","potions_obtained":[{"floor":5,"key":"FocusPotion"},{"floor":10,"key":"FearPotion"},{"floor":11,"key":"Poison Potion"},{"floor":12,"key":"PowerPotion"}],"is_trial":false,"path_per_floor":["M","M","?","?","M","E","R","?","T","M","M","?","R","M","R"],"character_chosen":"DEFECT","items_purchased":[],"campfire_rested":3,"item_purchase_floors":[],"current_hp_per_floor":[74,68,61,54,54,21,43,32,32,30,23,9,31,15,37,0],"gold":247,"neow_bonus":"ONE_RARE_RELIC","is_prod":false,"is_daily":false,"chose_seed":false,"campfire_upgraded":0,"win_rate":0,"timestamp":1530911030,"path_taken":["M","?","?","?","M","E","R","?","T","M","?","?","R","M","R","BOSS"],"build_version":"2018-07-05","purchased_purges":0,"victory":false,"max_hp_per_floor":[75,75,75,75,75,75,75,75,75,75,75,75,75,75,75,75],"card_choices":[{"not_picked":["Compile Driver","Stack"],"picked":"Redo","floor":1},{"not_picked":["Compile Driver","Consume"],"picked":"Sunder","floor":2},{"not_picked":["Ball Lightning","Rebound"],"picked":"Hologram","floor":5},{"not_picked":["Gash","Steam Power"],"picked":"Reboot","floor":6},{"not_picked":["Ball Lightning","Turbo"],"picked":"Conserve Battery","floor":10},{"not_picked":["Gash","Redo"],"picked":"Stack","floor":11},{"not_picked":["Streamline","Gash"],"picked":"Hologram","floor":12},{"not_picked":["Stack","Gash"],"picked":"Consume","floor":14}],"player_experience":73757,"relics_obtained":[{"floor":6,"key":"Omamori"},{"floor":9,"key":"Ginger"},{"floor":12,"key":"Anchor"}],"event_choices":[{"event_name":"Golden Wing","player_choice":"Card Removal","floor":3,"damage_taken":0},{"event_name":"Scrap Ooze","player_choice":"success","floor":4,"damage_taken":7},{"event_name":"World of Goop","player_choice":"Gather Gold","floor":8,"damage_taken":0},{"event_name":"Dead Adventurer","player_choice":"Searched \u00271\u0027 times","floor":12,"damage_taken":0}],"boss_relics":[],"items_purged_floors":[],"is_endless":false,"potions_floor_spawned":[5,10,11,12],"killed_by":"The Guardian","ascension_level":0}