{"gold_per_floor":[111,111,129,129,149,149,178,189,189,189,139,152,152],"floor_reached":13,"playtime":501,"items_purged":[],"score":85,"play_id":"309842a9-cb19-470f-9de4-8b90a703c6be","local_time":"20180723005409","is_ascension_mode":false,"campfire_choices":[{"data":"Defragment","floor":6,"key":"SMITH"},{"floor":10,"key":"REST"}],"neow_cost":"NONE","seed_source_timestamp":132649004755874,"circlet_count":0,"master_deck":["Strike_B","Strike_B","Strike_B","Defend_B+1","Defend_B+1","Defend_B","Defend_B","Zap","Dualcast","Defragment+1"],"relics":["Cracked Core","War Paint","Lantern","Orichalcum"],"potions_floor_usage":[],"damage_taken":[{"damage":0,"enemies":"Jaw Worm","floor":1,"turns":3},{"damage":0,"enemies":"Small Slimes","floor":3,"turns":3},{"damage":1,"enemies":"Cultist","floor":5,"turns":4},{"damage":19,"enemies":"3 Sentries","floor":7,"turns":7},{"damage":23,"enemies":"Exordium Wildlife","floor":8,"turns":6},{"damage":17,"enemies":"Lots of Slimes","floor":12,"turns":4},{"damage":0,"enemies":"3 Louse","floor":13,"turns":1}],"seed_played":"-4167667086689666844","potions_obtained":[{"floor":5,"key":"Dexterity Potion"},{"floor":12,"key":"GamblersBrew"}],"is_trial":false,"path_per_floor":["M","?","M","?","M","R","E","M","T","R","?","M"],"character_chosen":"DEFECT","items_purchased":[],"campfire_rested":1,"item_purchase_floors":[],"current_hp_per_floor":[75,72,72,72,71,71,52,29,29,51,51,34,34],"gold":152,"neow_bonus":"RANDOM_COMMON_RELIC","is_prod":false,"is_daily":false,"chose_seed":false,"campfire_upgraded":1,"win_rate":0.0,"timestamp":1532332449,"path_taken":["M","?","M","?","M","R","E","?","T","R","?","M","?"],"build_version":"2018-07-19v2","purchased_purges":0,"victory":false,"max_hp_per_floor":[75,75,75,75,75,75,75,75,75,75,75,75,75],"card_choices":[{"not_picked":["Coolheaded","Go for the Eyes","Beam Cell"],"picked":"SKIP","floor":1},{"not_picked":["Gash","Sweeping Beam"],"picked":"Defragment","floor":3},{"not_picked":["Capacitor","Consume","Beam Cell"],"picked":"SKIP","floor":5},{"not_picked":["Fusion","Storm","Hello World"],"picked":"SKIP","floor":7},{"not_picked":["Go for the Eyes","Coolheaded","White Noise"],"picked":"SKIP","floor":8},{"not_picked":["Lockon","Streamline","Turbo"],"picked":"SKIP","floor":12}],"player_experience":82937,"relics_obtained":[{"floor":9,"key":"Orichalcum"}],"event_choices":[{"event_name":"Scrap Ooze","player_choice":"success","floor":2,"damage_taken":3},{"event_name":"The Woman in Blue","player_choice":"Bought 0 Potions","floor":4,"damage_taken":0},{"event_name":"The Cleric","player_choice":"Card Removal","floor":11,"damage_taken":0}],"is_beta":false,"boss_relics":[],"items_purged_floors":[],"is_endless":false,"potions_floor_spawned":[5,12],"killed_by":"3 Louse","ascension_level":0}