{"path_per_floor":["M","$","?","M","?","R","E","R","T","M","R","?","R","M","R","B",null,"M","$","M","?","?","R","E","R","T","E","T","M","$","M","R","B",null,"M","M","T","?","$"],"character_chosen":"DEFECT","items_purchased":["Axe Kick","Go for the Eyes","Glacier+1","Madness+1"],"gold_per_floor":[109,10,110,130,80,80,111,111,111,121,121,121,121,131,131,231,231,244,21,32,58,58,58,89,89,112,147,196,212,87,101,101,204,204,216,228,254,354,101,101],"floor_reached":40,"campfire_rested":5,"playtime":1617,"item_purchase_floors":[2,19,19,39],"current_hp_per_floor":[68,68,68,68,68,68,31,53,53,53,53,53,53,51,73,37,75,52,52,52,52,52,74,40,62,62,52,52,51,51,47,75,11,75,26,32,32,32,32,0],"items_purged":["Strike_B","Regret","Doubt","Doubt"],"gold":101,"score":504,"play_id":"7af92ea2-97d2-4e5f-a980-1c0b5ad4e9f4","local_time":"20180521173504","is_prod":false,"is_daily":false,"chose_seed":false,"is_ascension_mode":true,"campfire_upgraded":3,"timestamp":1526916904,"campfire_choices":[{"data":"Zap","floor":6,"key":"SMITH"},{"floor":8,"key":"REST"},{"data":"Dualcast","floor":11,"key":"SMITH"},{"data":"Glacier","floor":13,"key":"SMITH"},{"floor":15,"key":"REST"},{"floor":23,"key":"REST"},{"floor":25,"key":"REST"},{"floor":32,"key":"REST"}],"path_taken":["M","$","?","M","?","R","E","R","T","M","R","?","R","M","R","BOSS","M","$","M","?","?","R","E","R","T","E","?","M","$","M","R","BOSS","M","M","?","?","$","E"],"build_version":"2018-05-18","seed_source_timestamp":1407160219885220,"purchased_purges":4,"victory":false,"master_deck":["Defend_B","Defend_B","Defend_B","Defend_B","Zap+1","Dualcast+1","Gash+1","Axe Kick","Glacier+1","Rebound","All For One","All For One","Rebound","Go for the Eyes","Glacier+1","Chill+1","Conserve Battery+1","Beam Cell","Echo Form","White Noise+1","Double Energy+1","Defragment","Beam Cell+1","Madness+1"],"max_hp_per_floor":[75,75,75,75,75,75,75,75,75,75,75,75,75,75,75,75,75,75,75,75,75,75,75,75,75,75,75,75,75,75,75,75,75,75,75,75,75,75,75,75],"relics":["Cracked Core","Whetstone","Toxic Egg 2","Calling Bell","Oddly Smooth Stone","Pantograph","Thread and Needle","Red Mask","Boot","Regal Pillow","Bottled Lightning","Ancient Tea Set","Orrery","Lantern"],"card_choices":[{"not_picked":["Steam","Reprogram","Hologram"],"picked":"SKIP","floor":1},{"not_picked":["Sweeping Beam","Capacitor"],"picked":"Glacier","floor":4},{"not_picked":["Barrage","Lockon"],"picked":"Rebound","floor":7},{"not_picked":["Genetic Algorithm+1","Steam+1","Streamline"],"picked":"SKIP","floor":10},{"not_picked":["Turbo+1","Skim+1"],"picked":"All For One","floor":14},{"not_picked":["Multi-Cast+1","Buffer"],"picked":"All For One","floor":16},{"not_picked":["Barrage","Heatsinks"],"picked":"Rebound","floor":18},{"not_picked":["Recycle+1","Leap+1"],"picked":"Chill+1","floor":20},{"not_picked":["Turbo+1","Hologram+1","Stack+1"],"picked":"SKIP","floor":24},{"not_picked":["Hologram+1","Reprogram+1","Recycle+1"],"picked":"SKIP","floor":27},{"not_picked":["Cold Snap","Skim+1","Hologram+1"],"picked":"SKIP","floor":29},{"not_picked":["Meteor Strike","Go for the Eyes"],"picked":"Beam Cell","floor":31},{"not_picked":["Electrodynamics","Seek+1"],"picked":"Echo Form","floor":33},{"not_picked":["Barrage","Steam+1"],"picked":"White Noise+1","floor":34},{"not_picked":["Stack+1","Leap+1"],"picked":"Double Energy+1","floor":34},{"not_picked":["Leap+1","Capacitor"],"picked":"Defragment","floor":34},{"not_picked":["Ball Lightning+1","Rebound+1"],"picked":"Beam Cell+1","floor":35},{"not_picked":["Consume+1","Storm+1","Ball Lightning+1"],"picked":"SKIP","floor":36}],"player_experience":84738,"potions_floor_usage":[7,16,21,24,33,35,40],"damage_taken":[{"damage":7,"enemies":"Jaw Worm","floor":1,"turns":3},{"damage":0,"enemies":"Cultist","floor":4,"turns":2},{"damage":37,"enemies":"Gremlin Nob","floor":7,"turns":6},{"damage":0,"enemies":"2 Louse","floor":10,"turns":2},{"damage":2,"enemies":"Large Slime","floor":14,"turns":5},{"damage":36,"enemies":"Hexaghost","floor":16,"turns":9},{"damage":23,"enemies":"3 Byrds","floor":18,"turns":6},{"damage":0,"enemies":"Shell Parasite","floor":20,"turns":4},{"damage":0,"enemies":"Masked Bandits","floor":21,"turns":5},{"damage":34,"enemies":"Book of Stabbing","floor":24,"turns":9},{"damage":10,"enemies":"Slavers","floor":27,"turns":8},{"damage":1,"enemies":"Chosen and Byrds","floor":29,"turns":5},{"damage":4,"enemies":"Centurion and Healer","floor":31,"turns":9},{"damage":64,"enemies":"Collector","floor":33,"turns":12},{"damage":58,"enemies":"3 Darklings","floor":35,"turns":8},{"damage":1,"enemies":"Orb Walker","floor":36,"turns":4},{"damage":39,"enemies":"2 Orb Walkers","floor":40,"turns":5}],"relics_obtained":[{"floor":7,"key":"Whetstone"},{"floor":9,"key":"Toxic Egg 2"},{"floor":17,"key":"Oddly Smooth Stone"},{"floor":17,"key":"Pantograph"},{"floor":17,"key":"Thread and Needle"},{"floor":21,"key":"Red Mask"},{"floor":24,"key":"Boot"},{"floor":26,"key":"Regal Pillow"},{"floor":27,"key":"Bottled Lightning"},{"floor":28,"key":"Ancient Tea Set"},{"floor":37,"key":"Lantern"}],"event_choices":[{"event_name":"Golden Shrine","player_choice":"Pray","floor":3,"damage_taken":0},{"event_name":"The Cleric","player_choice":"Card Removal","floor":5,"damage_taken":0},{"event_name":"Golden Idol","player_choice":"Ignored","floor":12,"damage_taken":0},{"event_name":"Masked Bandits","player_choice":"Fought over 32 gold","floor":21,"damage_taken":0},{"event_name":"Transmorgrifier","player_choice":"Transform","floor":22,"damage_taken":0},{"event_name":"Golden Shrine","player_choice":"Pray","floor":38,"damage_taken":0}],"boss_relics":[{"not_picked":["Snecko Eye","Ectoplasm"],"picked":"Calling Bell"},{"not_picked":["Black Star","Runic Pyramid"],"picked":"Orrery"}],"items_purged_floors":[2,19,30,39],"potions_floor_spawned":[4,10,18,21,29,33,36],"seed_played":"4660711039728822769","killed_by":"2 Orb Walkers","ascension_level":4,"potions_obtained":[{"floor":4,"key":"Swift Potion"},{"floor":10,"key":"Block Potion"},{"floor":18,"key":"Weak Potion"},{"floor":21,"key":"AttackPotion"},{"floor":29,"key":"Energy Potion"},{"floor":33,"key":"Regen Potion"},{"floor":36,"key":"SkillPotion"}],"is_trial":false}