{"gold_per_floor":[109,120,131,145,18,77,77,91,91,104,120,120,136,154,154,254,254,270,270,290,389,2,27,27,58,58,69,80,108,8,18,18,120,120,133,133,149,164,176,204,219,244,244,244,260,260,260,288,288,288,288,288,11,46,46],"floor_reached":55,"playtime":5984,"items_purged":["Strike_G","Strike_G","Defend_G"],"score":795,"play_id":"15674bb3-a109-488e-86d6-99d987d57b08","local_time":"20190406165604","is_ascension_mode":false,"campfire_choices":[{"data":"Bullet Time","floor":7.0,"key":"SMITH"},{"data":"Predator","floor":12.0,"key":"SMITH"},{"floor":15.0,"key":"REST"},{"floor":24.0,"key":"REST"},{"data":"Footwork","floor":32.0,"key":"SMITH"},{"floor":44.0,"key":"RECALL"},{"data":"Well Laid Plans","floor":46.0,"key":"SMITH"},{"floor":49.0,"key":"REST"},{"data":"Neutralize","floor":52.0,"key":"SMITH"}],"neow_cost":"NONE","seed_source_timestamp":0,"circlet_count":0,"master_deck":["Defend_G","Defend_G","Defend_G","Defend_G","Strike_G","Strike_G","Survivor","Neutralize+1","Bullet Time+1","Quick Slash","Crippling Poison","Malaise","Backflip","Finisher","Deadly Poison","Dash","Predator+1","Dagger Throw","Footwork+1","Endless Agony","Calculated Gamble+1","Eviscerate","Well Laid Plans+1","Leg Sweep+1","Blur+1","Acrobatics+1","Bullet Time+1","Escape Plan+1","Burst+1","Blur+1","Panacea+1","Choke","Flechettes+1"],"special_seed":0,"relics":["Ring of the Snake","Tiny Chest","Pantograph","Snecko Eye","HandDrill","Lantern","Toxic Egg 2","Pear","Black Star","The Courier","Strawberry","PreservedInsect","Blue Candle","Art of War","Torii","Centennial Puzzle","Bottled Lightning"],"potions_floor_usage":[55],"damage_taken":[{"damage":1.0,"enemies":"Cultist","floor":1.0,"turns":4.0},{"damage":0.0,"enemies":"Jaw Worm","floor":2.0,"turns":3.0},{"damage":0.0,"enemies":"Small Slimes","floor":3.0,"turns":4.0},{"damage":2.0,"enemies":"Red Slaver","floor":4.0,"turns":5.0},{"damage":19.0,"enemies":"3 Sentries","floor":6.0,"turns":10.0},{"damage":4.0,"enemies":"Exordium Wildlife","floor":8.0,"turns":3.0},{"damage":7.0,"enemies":"Large Slime","floor":10.0,"turns":6.0},{"damage":2.0,"enemies":"Blue Slaver","floor":11.0,"turns":5.0},{"damage":0.0,"enemies":"Exordium Thugs","floor":13.0,"turns":4.0},{"damage":3.0,"enemies":"2 Fungi Beasts","floor":14.0,"turns":4.0},{"damage":39.0,"enemies":"Slime Boss","floor":16.0,"turns":12.0},{"damage":11.0,"enemies":"Spheric Guardian","floor":18.0,"turns":5.0},{"damage":0.0,"enemies":"Chosen","floor":20.0,"turns":3.0},{"damage":6.0,"enemies":"Gremlin Leader","floor":23.0,"turns":8.0},{"damage":0.0,"enemies":"Book of Stabbing","floor":25.0,"turns":5.0},{"damage":0.0,"enemies":"Shelled Parasite and Fungi","floor":27.0,"turns":3.0},{"damage":9.0,"enemies":"Centurion and Healer","floor":28.0,"turns":3.0},{"damage":17.0,"enemies":"Slavers","floor":29.0,"turns":9.0},{"damage":0.0,"enemies":"Cultist and Chosen","floor":31.0,"turns":6.0},{"damage":9.0,"enemies":"Automaton","floor":33.0,"turns":13.0},{"damage":6.0,"enemies":"3 Shapes","floor":35.0,"turns":6.0},{"damage":0.0,"enemies":"Orb Walker","floor":37.0,"turns":5.0},{"damage":0.0,"enemies":"Maw","floor":38.0,"turns":11.0},{"damage":0.0,"enemies":"3 Darklings","floor":39.0,"turns":11.0},{"damage":33.0,"enemies":"Giant Head","floor":40.0,"turns":12.0},{"damage":0.0,"enemies":"4 Shapes","floor":41.0,"turns":6.0},{"damage":0.0,"enemies":"Spire Growth","floor":45.0,"turns":5.0},{"damage":3.0,"enemies":"Nemesis","floor":48.0,"turns":9.0},{"damage":4.0,"enemies":"Awakened One","floor":50.0,"turns":26.0},{"damage":37.0,"enemies":"Shield and Spear","floor":54.0,"turns":7.0},{"damage":94,"enemies":"The Heart","floor":55,"turns":12}],"seed_played":"-5264032072826658359","potions_obtained":[{"floor":1.0,"key":"SpeedPotion"},{"floor":4.0,"key":"Poison Potion"},{"floor":10.0,"key":"SpeedPotion"},{"floor":11.0,"key":"Swift Potion"},{"floor":23.0,"key":"Energy Potion"},{"floor":33.0,"key":"FearPotion"},{"floor":38.0,"key":"Fruit Juice"},{"floor":39.0,"key":"PowerPotion"},{"floor":40.0,"key":"Poison Potion"},{"floor":41.0,"key":"FairyPotion"}],"is_trial":false,"path_per_floor":["M","M","M","M","$","E","R","M","T","M","M","R","M","M","R","B",null,"M","?","M","?","$","E","R","E","T","M","M","E","$","M","R","B",null,"M","?","M","M","M","E","M","T","T","R","M","R","?","E","R","B",null,"R","$","E","B"],"character_chosen":"THE_SILENT","items_purchased":["Finisher","Deadly Poison","HandDrill","Eviscerate","Well Laid Plans","Choke","GhostInAJar","Ancient Potion"],"campfire_rested":3,"item_purchase_floors":[5,5,22,22,22,53,53,53],"current_hp_per_floor":[69,69,69,67,67,48,48,44,44,37,35,35,35,32,53,31,70,59,46,46,46,46,40,62,62,62,62,53,46,46,46,46,62,85,79,79,79,79,84,58,58,58,58,58,58,58,58,55,84,93,97,97,97,60,0],"gold":46,"neow_bonus":"ONE_RANDOM_RARE_CARD","is_prod":false,"is_daily":false,"chose_seed":false,"campfire_upgraded":5,"win_rate":0,"timestamp":1554591364,"path_taken":["M","M","M","M","?","E","R","M","T","M","M","R","M","M","R","BOSS","M","?","M","?","$","E","R","E","T","M","M","E","$","M","R","BOSS","M","?","?","M","M","E","M","?","T","R","M","R","?","E","R","BOSS","R","$","E","BOSS"],"build_version":"2019-01-23","purchased_purges":3,"victory":false,"max_hp_per_floor":[70,70,70,70,70,70,70,70,70,70,70,70,70,70,70,70,70,70,75,75,75,75,75,75,75,75,75,75,85,85,85,85,85,85,85,85,85,85,90,97,97,97,97,97,97,97,97,97,97,97,97,97,97,97,97],"card_choices":[{"not_picked":["Calculated Gamble","Bane"],"picked":"Quick Slash","floor":1.0},{"not_picked":["Cloak And Dagger","Heel Hook"],"picked":"Crippling Poison","floor":2.0},{"not_picked":["Leg Sweep","Dagger Throw"],"picked":"Malaise","floor":3.0},{"not_picked":["Prepared","Acrobatics"],"picked":"Backflip","floor":4.0},{"not_picked":["Dagger Spray","Flying Knee"],"picked":"Dash","floor":6.0},{"not_picked":["Caltrops","Bouncing Flask"],"picked":"Predator","floor":8.0},{"not_picked":["Slice","Sucker Punch"],"picked":"Dagger Throw","floor":10.0},{"not_picked":["All Out Attack","Deflect"],"picked":"Footwork","floor":11.0},{"not_picked":["Reflex","Skewer"],"picked":"Endless Agony","floor":13.0},{"not_picked":["Heel Hook","Deadly Poison","Unload"],"picked":"SKIP","floor":14.0},{"not_picked":["Outmaneuver","Crippling Poison+1"],"picked":"Calculated Gamble+1","floor":18.0},{"not_picked":["Eviscerate","Dodge and Roll","Cloak And Dagger"],"picked":"SKIP","floor":20.0},{"not_picked":["Flechettes","Setup"],"picked":"Leg Sweep+1","floor":23.0},{"not_picked":["Dagger Spray","Calculated Gamble"],"picked":"Blur","floor":25.0},{"not_picked":["Endless Agony","Bane","Crippling Poison+1"],"picked":"SKIP","floor":27.0},{"not_picked":["Tactician+1","Accuracy","Infinite Blades"],"picked":"SKIP","floor":28.0},{"not_picked":["Tactician+1","Accuracy","Infinite Blades"],"picked":"SKIP","floor":28.0},{"not_picked":["Setup+1","Quick Slash","Slice"],"picked":"SKIP","floor":29.0},{"not_picked":["Setup+1","Quick Slash","Slice"],"picked":"SKIP","floor":29.0},{"not_picked":["Die Die Die","Outmaneuver+1"],"picked":"Acrobatics+1","floor":31.0},{"not_picked":["Venomology+1","Envenom"],"picked":"Bullet Time+1","floor":33.0},{"not_picked":["Quick Slash+1","Prepared+1"],"picked":"Escape Plan+1","floor":35.0},{"not_picked":["Dodge and Roll+1","Deadly Poison+1"],"picked":"Blur+1","floor":37.0},{"not_picked":["Calculated Gamble+1","Quick Slash+1","Backflip+1"],"picked":"SKIP","floor":38.0},{"not_picked":["Calculated Gamble+1","Quick Slash+1","Backflip+1"],"picked":"SKIP","floor":38.0},{"not_picked":["Quick Slash","Dagger Throw+1","Poisoned Stab+1"],"picked":"SKIP","floor":39.0},{"not_picked":["Blade Dance+1","Deadly Poison+1","Envenom"],"picked":"SKIP","floor":40.0},{"not_picked":["Distraction+1","Calculated Gamble+1","Masterful Stab+1"],"picked":"SKIP","floor":41.0},{"not_picked":["Distraction+1","Calculated Gamble+1","Masterful Stab+1"],"picked":"SKIP","floor":41.0},{"not_picked":["Underhanded Strike+1","Footwork","Backflip+1"],"picked":"SKIP","floor":45.0},{"not_picked":["Chrysalis+1","Trip+1"],"picked":"Panacea+1","floor":47.0},{"not_picked":["Backflip+1","Slice+1","Blade Dance+1"],"picked":"SKIP","floor":48.0},{"not_picked":["Slice+1","Deadly Poison+1"],"picked":"Flechettes+1","floor":54.0}],"player_experience":182312,"relics_obtained":[{"floor":6.0,"key":"Tiny Chest"},{"floor":9.0,"key":"Pantograph"},{"floor":23.0,"key":"Lantern"},{"floor":25.0,"key":"Toxic Egg 2"},{"floor":29.0,"key":"Pear"},{"floor":40.0,"key":"The Courier"},{"floor":40.0,"key":"Strawberry"},{"floor":42.0,"key":"PreservedInsect"},{"floor":43.0,"key":"Blue Candle"},{"floor":48.0,"key":"Art of War"},{"floor":48.0,"key":"Torii"},{"floor":54.0,"key":"Centennial Puzzle"},{"floor":54.0,"key":"Bottled Lightning"}],"event_choices":[{"damage_healed":0.0,"max_hp_gain":5.0,"max_hp_loss":0.0,"gold_gain":0.0,"event_name":"Forgotten Altar","player_choice":"Shed Blood","floor":19.0,"gold_loss":0.0,"damage_taken":18.0},{"damage_healed":0.0,"max_hp_gain":0.0,"max_hp_loss":0.0,"gold_gain":99.0,"event_name":"Nest","player_choice":"Stole From Cult","floor":21.0,"gold_loss":0.0,"damage_taken":0.0},{"damage_healed":0.0,"max_hp_gain":0.0,"max_hp_loss":0.0,"gold_gain":0.0,"cards_transformed":["Strike_G"],"event_name":"Transmorgrifier","player_choice":"Transformed","floor":36.0,"gold_loss":0.0,"damage_taken":0.0,"cards_obtained":["Burst"]},{"damage_healed":0.0,"max_hp_gain":0.0,"max_hp_loss":0.0,"gold_gain":0.0,"event_name":"SensoryStone","player_choice":"Memory 1","floor":47.0,"gold_loss":0.0,"damage_taken":0.0}],"is_beta":false,"boss_relics":[{"not_picked":["Orrery","Velvet Choker"],"picked":"Snecko Eye"},{"not_picked":["Calling Bell","Philosopher\u0027s Stone"],"picked":"Black Star"}],"items_purged_floors":[22,30,53],"is_endless":false,"potions_floor_spawned":[1,4,10,11,14,23,27,28,33,38,39,40,41],"killed_by":"The Heart","ascension_level":0}