{"gold_per_floor":[111,127,127,145,156,156,81,81,81,101,111,111,142,158,158,260,260,272,272,34,34,44,44,61,86,154,154,154,154,154],"floor_reached":30,"playtime":2034,"items_purged":["Defend_B"],"score":250,"play_id":"81d4e3dc-fe13-4339-a19f-bbdee45a48ed","local_time":"20190407170931","is_ascension_mode":false,"campfire_choices":[{"data":"Chill","floor":6,"key":"SMITH"},{"data":"Sunder","floor":8,"key":"SMITH"},{"data":"Consume","floor":12,"key":"SMITH"},{"data":"Capacitor","floor":15,"key":"SMITH"},{"data":"Consume","floor":23,"key":"SMITH"},{"data":"Buffer","floor":27,"key":"SMITH"}],"neow_cost":"NONE","seed_source_timestamp":6680803862045999,"circlet_count":0,"master_deck":["Strike_B","Strike_B","Strike_B","Strike_B","Defend_B","Defend_B","Defend_B","Zap","Dualcast","Chaos","Chaos+1","Chill+1","Go for the Eyes","Sunder+1","Consume+1","Consume","Capacitor+1","Consume+1","Buffer+1","Compile Driver","Fission+1","Enlightenment","Shame","Redo","Cold Snap+1"],"relics":["Cracked Core","NeowsBlessing","Bird Faced Urn","Nunchaku","Inserter","War Paint","Bottled Tornado","Matryoshka","Centennial Puzzle"],"potions_floor_usage":[16],"damage_taken":[{"damage":0,"enemies":"Cultist","floor":1,"turns":1},{"damage":0,"enemies":"2 Louse","floor":2,"turns":1},{"damage":0,"enemies":"Small Slimes","floor":4,"turns":1},{"damage":1,"enemies":"3 Louse","floor":5,"turns":5},{"damage":4,"enemies":"Large Slime","floor":10,"turns":5},{"damage":6,"enemies":"2 Fungi Beasts","floor":11,"turns":3},{"damage":8,"enemies":"Lagavulin","floor":13,"turns":6},{"damage":7,"enemies":"Looter","floor":14,"turns":3},{"damage":13,"enemies":"Hexaghost","floor":16,"turns":11},{"damage":10,"enemies":"Spheric Guardian","floor":18,"turns":8},{"damage":4,"enemies":"3 Byrds","floor":22,"turns":6},{"damage":25,"enemies":"Shelled Parasite and Fungi","floor":24,"turns":5},{"damage":37,"enemies":"Gremlin Leader","floor":25,"turns":9},{"damage":10,"enemies":"Snake Plant","floor":30,"turns":2}],"seed_played":"3419709997322489039","potions_obtained":[{"floor":1,"key":"Fire Potion"},{"floor":5,"key":"Weak Potion"},{"floor":10,"key":"LiquidBronze"},{"floor":14,"key":"Energy Potion"},{"floor":18,"key":"Dexterity Potion"}],"is_trial":false,"path_per_floor":["M","M","?","M","M","R","$","R","T","M","M","R","E","M","R","B",null,"M","?","$","?","M","R","M","E","T","R","?","?","M"],"character_chosen":"DEFECT","items_purchased":["Sunder","Fission","Enlightenment"],"campfire_rested":0,"item_purchase_floors":[7,20,20],"current_hp_per_floor":[75,75,75,75,74,74,74,74,74,70,64,64,56,51,51,40,75,67,67,67,67,67,67,46,13,13,13,13,4,0],"gold":154,"neow_bonus":"THREE_ENEMY_KILL","is_prod":false,"is_daily":false,"chose_seed":false,"campfire_upgraded":6,"win_rate":0.0,"timestamp":1554671371,"path_taken":["M","?","?","M","M","R","$","R","T","M","M","R","E","M","R","BOSS","M","?","$","?","M","R","M","E","T","R","?","?","M"],"build_version":"2019-01-23","purchased_purges":1,"victory":false,"max_hp_per_floor":[75,75,75,75,75,75,75,75,75,75,75,75,75,75,75,75,75,75,75,75,75,75,75,75,75,75,75,75,75,75],"card_choices":[{"not_picked":["Hologram","Conserve Battery"],"picked":"Chaos","floor":1},{"not_picked":["Ball Lightning","Hologram"],"picked":"Chaos","floor":2},{"not_picked":["Doom and Gloom","Barrage"],"picked":"Chill","floor":4},{"not_picked":["Ball Lightning","Self Repair"],"picked":"Go for the Eyes","floor":5},{"not_picked":["Gash","Go for the Eyes"],"picked":"Consume","floor":10},{"not_picked":["Doom and Gloom","Redo"],"picked":"Consume","floor":11},{"not_picked":["Skim","Beam Cell"],"picked":"Capacitor","floor":13},{"not_picked":["Redo","Compile Driver"],"picked":"Consume","floor":14},{"not_picked":["Amplify","All For One"],"picked":"Buffer","floor":16},{"not_picked":["Leap","Beam Cell+1"],"picked":"Compile Driver","floor":18},{"not_picked":["Gash+1","Melter+1"],"picked":"Redo","floor":22},{"not_picked":["Consume","Chaos"],"picked":"Cold Snap+1","floor":24},{"not_picked":["Ball Lightning","Streamline+1","Gash"],"picked":"SKIP","floor":25}],"player_experience":201386,"relics_obtained":[{"floor":9,"key":"Bird Faced Urn"},{"floor":13,"key":"Nunchaku"},{"floor":25,"key":"Bottled Tornado"},{"floor":26,"key":"Matryoshka"}],"event_choices":[{"damage_healed":0,"gold_gain":0,"player_choice":"Full Heal","damage_taken":0,"max_hp_gain":0,"max_hp_loss":0,"event_name":"Wheel of Change","floor":3,"gold_loss":0},{"damage_healed":0,"gold_gain":0,"player_choice":"Ignored","damage_taken":0,"max_hp_gain":0,"max_hp_loss":0,"event_name":"Vampires","floor":19,"gold_loss":0},{"damage_healed":0,"gold_gain":0,"player_choice":"Stole Relic","damage_taken":0,"relics_obtained":["War Paint"],"max_hp_gain":0,"max_hp_loss":0,"event_name":"Addict","floor":21,"gold_loss":0,"cards_obtained":["Shame"]},{"damage_healed":0,"gold_gain":0,"player_choice":"Opened","damage_taken":0,"relics_obtained":["Centennial Puzzle"],"max_hp_gain":0,"max_hp_loss":0,"event_name":"The Mausoleum","floor":28,"gold_loss":0},{"damage_healed":0,"gold_gain":0,"player_choice":"Stopped","damage_taken":9,"max_hp_gain":0,"max_hp_loss":0,"event_name":"Cursed Tome","floor":29,"gold_loss":0}],"is_beta":false,"boss_relics":[{"not_picked":["Astrolabe","Lizard Tail"],"picked":"Inserter"}],"items_purged_floors":[20],"is_endless":false,"potions_floor_spawned":[1,5,10,13,14,18],"killed_by":"Snake Plant","ascension_level":0}