{"gold_per_floor":[116,28,110,122,132,132,160,174,224,234,309,327,327,354,354,454,504,493,493,509,520,33,33,62,62,88,108,108,126,157,175,175,175],"floor_reached":33,"playtime":5060,"items_purged":["Strike_B"],"score":299,"play_id":"974f92fa-dbdd-4dfb-b55c-fae1225de09f","local_time":"20190314201752","is_ascension_mode":false,"campfire_choices":[{"data":"Defragment","floor":6.0,"key":"SMITH"},{"data":"Streamline","floor":13.0,"key":"SMITH"},{"data":"Consume","floor":15.0,"key":"SMITH"},{"floor":23,"key":"REST"},{"data":"Defragment","floor":25,"key":"SMITH"},{"data":"Ball Lightning","floor":28,"key":"SMITH"},{"floor":32,"key":"REST"}],"neow_cost":"NONE","seed_source_timestamp":0,"circlet_count":0,"master_deck":["Strike_B","Strike_B+1","Strike_B+1","Defend_B","Defend_B","Defend_B","Defend_B","Zap","Dualcast","FTL","Defragment+1","Conserve Battery","Stack","Streamline+1","Sweeping Beam+1","Rebound","Ball Lightning+1","Defragment+1","Consume+1","Electrodynamics","Streamline","Ball Lightning+1","Cold Snap","Self Repair","Sweeping Beam+1","Capacitor","Conserve Battery","Ball Lightning","Capacitor"],"special_seed":0,"relics":["Runic Dome","Ornamental Fan","DataDisk","Blood Vial","Blue Candle","Tiny House","Question Card","Whetstone","Centennial Puzzle","Cables"],"potions_floor_usage":[18,18,24,24,24,24,30,33],"damage_taken":[{"damage":0.0,"enemies":"Cultist","floor":1.0,"turns":4.0},{"damage":0.0,"enemies":"Jaw Worm","floor":4.0,"turns":3.0},{"damage":0.0,"enemies":"2 Louse","floor":5.0,"turns":4.0},{"damage":8.0,"enemies":"Lagavulin","floor":7.0,"turns":6.0},{"damage":1.0,"enemies":"2 Fungi Beasts","floor":8.0,"turns":2.0},{"damage":0.0,"enemies":"Gremlin Gang","floor":10.0,"turns":3.0},{"damage":0.0,"enemies":"Looter","floor":12.0,"turns":2.0},{"damage":12.0,"enemies":"3 Sentries","floor":14.0,"turns":6.0},{"damage":29.0,"enemies":"Hexaghost","floor":16.0,"turns":9.0},{"damage":12,"enemies":"2 Thieves","floor":18,"turns":4},{"damage":9,"enemies":"Spheric Guardian","floor":20,"turns":4},{"damage":6,"enemies":"Cultist and Chosen","floor":21,"turns":4},{"damage":8,"enemies":"Gremlin Leader","floor":24,"turns":5},{"damage":24,"enemies":"Centurion and Healer","floor":27,"turns":4},{"damage":9,"enemies":"Snake Plant","floor":29,"turns":4},{"damage":56,"enemies":"Slavers","floor":30,"turns":4},{"damage":5,"enemies":"Cultist and Chosen","floor":31,"turns":3},{"damage":31,"enemies":"Champ","floor":33,"turns":8}],"seed_played":"-4604945013613514400","potions_obtained":[{"floor":7.0,"key":"Energy Potion"},{"floor":8.0,"key":"Strength Potion"},{"floor":16.0,"key":"Dexterity Potion"},{"floor":17,"key":"GamblersBrew"},{"floor":21,"key":"SpeedPotion"},{"floor":24,"key":"Fruit Juice"},{"floor":29,"key":"FocusPotion"},{"floor":31,"key":"FearPotion"}],"is_trial":false,"path_per_floor":["M","$","T","M","M","R","E","M","T","M","?","M","R","E","R","B",null,"M","?","M","M","$","R","E","R","T","M","R","M","E","M","R","B"],"character_chosen":"DEFECT","items_purchased":["Defragment","Conserve Battery","Capacitor","Question Card","Weak Potion","LiquidBronze"],"campfire_rested":2,"item_purchase_floors":[2,2,22,22,22,22],"current_hp_per_floor":[75,75,75,75,75,75,67,66,66,68,57,59,59,49,49,22,80,68,68,61,57,57,80,84,84,84,68,68,61,7,4,29,0],"gold":175,"neow_bonus":"BOSS_RELIC","is_prod":false,"is_daily":false,"chose_seed":false,"campfire_upgraded":5,"win_rate":0,"timestamp":1552619872,"path_taken":["M","$","?","M","M","R","E","M","T","M","?","M","R","E","R","BOSS","M","?","M","M","$","R","E","R","T","M","R","M","E","M","R","BOSS"],"build_version":"2019-01-23","purchased_purges":1,"victory":false,"max_hp_per_floor":[75,75,75,75,75,75,75,75,75,75,75,75,75,75,75,75,80,80,80,80,80,80,80,85,85,85,85,85,85,85,85,85,85],"card_choices":[{"not_picked":["Turbo","Barrage"],"picked":"FTL","floor":1.0},{"not_picked":["Redo","Turbo"],"picked":"Stack","floor":4.0},{"not_picked":["Scrape","FTL"],"picked":"Streamline","floor":5.0},{"not_picked":["Go for the Eyes","Darkness"],"picked":"Sweeping Beam","floor":7.0},{"not_picked":["Steam Power","Chaos"],"picked":"Rebound","floor":8.0},{"not_picked":["Go for the Eyes","Gash"],"picked":"Ball Lightning","floor":10.0},{"not_picked":["Gash","Steam Power"],"picked":"Defragment","floor":12.0},{"not_picked":["Hologram","Ball Lightning"],"picked":"Consume","floor":14.0},{"not_picked":["All For One","Meteor Strike"],"picked":"Electrodynamics","floor":16.0},{"not_picked":["Heatsinks","Conserve Battery"],"picked":"Streamline","floor":17},{"not_picked":["Hello World+1","Storm+1"],"picked":"Ball Lightning+1","floor":18},{"not_picked":["Lockon","Hologram"],"picked":"Self Repair","floor":20},{"not_picked":["Compile Driver","Storm+1"],"picked":"Sweeping Beam+1","floor":21},{"not_picked":["Coolheaded","Redo","Hyperbeam"],"picked":"Conserve Battery","floor":24},{"not_picked":["Steam+1","Hologram","Beam Cell+1"],"picked":"Ball Lightning","floor":27},{"not_picked":["Coolheaded+1","Lockon","Steam"],"picked":"Capacitor","floor":29},{"not_picked":["Redo","FTL+1","Sweeping Beam","Barrage"],"picked":"SKIP","floor":30},{"not_picked":["Rip and Tear","Beam Cell","Go for the Eyes","Turbo"],"picked":"SKIP","floor":31}],"player_experience":172129,"relics_obtained":[{"floor":3.0,"key":"Ornamental Fan"},{"floor":7.0,"key":"DataDisk"},{"floor":9.0,"key":"Blood Vial"},{"floor":14.0,"key":"Blue Candle"},{"floor":24,"key":"Whetstone"},{"floor":26,"key":"Centennial Puzzle"},{"floor":30,"key":"Cables"}],"event_choices":[{"damage_healed":0.0,"max_hp_gain":0.0,"max_hp_loss":0.0,"gold_gain":75.0,"event_name":"World of Goop","player_choice":"Gather Gold","floor":11.0,"gold_loss":0.0,"damage_taken":11.0},{"damage_healed":0,"gold_gain":0,"player_choice":"Read","damage_taken":0,"max_hp_gain":0,"max_hp_loss":0,"event_name":"The Library","floor":19,"gold_loss":0,"cards_obtained":["Cold Snap"]}],"is_beta":false,"boss_relics":[{"not_picked":["Pandora\u0027s Box","White Beast Statue"],"picked":"Tiny House"}],"items_purged_floors":[22],"is_endless":false,"potions_floor_spawned":[7,8,16,21,24,29,31],"killed_by":"Champ","ascension_level":0}