{"gold_per_floor":[111,261,241,259,278,278,16,50,129,129,142,142,172,191,191,191],"floor_reached":16,"playtime":7554,"items_purged":[],"score":198,"play_id":"20045647-b5d6-456a-b229-cc7e23cff3fa","local_time":"20190316193711","is_ascension_mode":true,"campfire_choices":[{"data":"Defragment","floor":6,"key":"SMITH"},{"floor":10,"key":"REST"},{"floor":15,"key":"REST"}],"neow_cost":"NONE","seed_source_timestamp":322040124802120,"circlet_count":0,"master_deck":["AscendersBane","Strike_B","Strike_B","Strike_B","Defend_B","Defend_B","Defend_B","Defend_B","Zap","Dualcast","Biased Cognition","Defragment+1","Steam","Auto Shields","Stack","Chill","Doubt","Streamline","Chaos","Capacitor","Streamline","Conserve Battery","Capacitor"],"relics":["Orrery","Matryoshka","Centennial Puzzle","Question Card","Cables","Bottled Lightning"],"potions_floor_usage":[8,8,13,14],"damage_taken":[{"damage":5,"enemies":"Jaw Worm","floor":1,"turns":4},{"damage":3,"enemies":"2 Louse","floor":4,"turns":4},{"damage":2,"enemies":"Cultist","floor":5,"turns":5},{"damage":11,"enemies":"Lagavulin","floor":8,"turns":6},{"damage":1,"enemies":"2 Fungi Beasts","floor":11,"turns":5},{"damage":29,"enemies":"Gremlin Nob","floor":13,"turns":6},{"damage":6,"enemies":"Lots of Slimes","floor":14,"turns":6},{"damage":43,"enemies":"Hexaghost","floor":16,"turns":9}],"seed_played":"-6302040494490627629","potions_obtained":[{"floor":1,"key":"GamblersBrew"},{"floor":3,"key":"AttackPotion"},{"floor":5,"key":"AttackPotion"},{"floor":11,"key":"Strength Potion"},{"floor":13,"key":"Energy Potion"}],"is_trial":false,"path_per_floor":["M","?","?","M","M","R","$","E","T","R","M","?","E","M","R","B"],"character_chosen":"DEFECT","items_purchased":["Matryoshka"],"campfire_rested":2,"item_purchase_floors":[7],"current_hp_per_floor":[59,59,59,56,54,54,54,43,43,64,63,63,34,28,49,6],"gold":191,"neow_bonus":"BOSS_RELIC","is_prod":false,"is_daily":false,"chose_seed":false,"campfire_upgraded":1,"win_rate":0,"timestamp":1552783031,"path_taken":["M","?","?","M","?","R","$","E","T","R","M","?","E","?","R","BOSS"],"build_version":"2019-01-23","purchased_purges":0,"victory":false,"max_hp_per_floor":[71,71,71,71,71,71,71,71,71,71,71,71,71,71,71,71],"card_choices":[{"not_picked":["Conserve Battery","Gash"],"picked":"Biased Cognition","floor":0},{"not_picked":["Leap","Compile Driver"],"picked":"Defragment","floor":0},{"not_picked":["Consume","Self Repair"],"picked":"Steam","floor":0},{"not_picked":["Rebound","Barrage"],"picked":"Auto Shields","floor":0},{"not_picked":["Barrage","Redo"],"picked":"Stack","floor":0},{"not_picked":["Reinforced Body","Conserve Battery"],"picked":"Chill","floor":1},{"not_picked":["Recycle","Scrape"],"picked":"Streamline","floor":4},{"not_picked":["Beam Cell","Rip and Tear"],"picked":"Chaos","floor":5},{"not_picked":["Coolheaded","Hologram"],"picked":"Capacitor","floor":8},{"not_picked":["Conserve Battery","Double Energy","Stack"],"picked":"Streamline","floor":11},{"not_picked":["Darkness","Steam","Aggregate"],"picked":"Conserve Battery","floor":13},{"not_picked":["Genetic Algorithm","Seek","BootSequence"],"picked":"Capacitor","floor":14}],"player_experience":749046,"relics_obtained":[{"floor":8,"key":"Centennial Puzzle"},{"floor":9,"key":"Question Card"},{"floor":9,"key":"Cables"},{"floor":13,"key":"Bottled Lightning"}],"event_choices":[{"damage_healed":0,"gold_gain":150,"player_choice":"AGREE","damage_taken":0,"max_hp_gain":0,"max_hp_loss":0,"event_name":"Liars Game","floor":2,"gold_loss":0,"cards_obtained":["Doubt"]},{"damage_healed":0,"gold_gain":0,"player_choice":"Bought 1 Potion","damage_taken":0,"max_hp_gain":0,"max_hp_loss":0,"event_name":"The Woman in Blue","floor":3,"gold_loss":0},{"cards_removed":["Strike_B"],"damage_healed":0,"gold_gain":0,"player_choice":"Card Removal","damage_taken":0,"max_hp_gain":0,"max_hp_loss":0,"event_name":"Wheel of Change","floor":12,"gold_loss":0}],"is_beta":false,"boss_relics":[],"items_purged_floors":[],"is_endless":false,"potions_floor_spawned":[1,5,11,13],"killed_by":"Hexaghost","ascension_level":16}