{"gold_per_floor":[13,25,40,60,71,71,102,177,200,212,60,60,92,111,111,206,206,225,238,251,0,0],"floor_reached":22,"playtime":1066,"items_purged":["Strike_G"],"score":200,"play_id":"58da2f70-6fdb-4eea-904a-b004274342c3","local_time":"20190404034208","is_ascension_mode":false,"campfire_choices":[{"data":"Neutralize","floor":6,"key":"SMITH"},{"floor":12,"key":"REST"},{"floor":15,"key":"REST"}],"neow_cost":"NO_GOLD","seed_source_timestamp":741440983793788,"circlet_count":0,"master_deck":["Defend_G","Defend_G","Defend_G","Defend_G","Strike_G","Strike_G","Strike_G","Survivor","Neutralize+1","Caltrops","Poisoned Stab","Bane","Dodge and Roll","Backstab","Sucker Punch","PiercingWail","Dagger Throw","Backflip","Die Die Die","Shame","Backflip","Sucker Punch+1"],"relics":["Ring of the Snake","Pen Nib","Orichalcum","Omamori","Calling Bell","Ancient Tea Set","Dead Branch","Ornamental Fan"],"potions_floor_usage":[5,20],"damage_taken":[{"damage":1,"enemies":"Cultist","floor":1,"turns":4},{"damage":0,"enemies":"2 Louse","floor":2,"turns":3},{"damage":0,"enemies":"Small Slimes","floor":3,"turns":4},{"damage":0,"enemies":"Looter","floor":4,"turns":3},{"damage":7,"enemies":"Gremlin Gang","floor":5,"turns":6},{"damage":29,"enemies":"3 Sentries","floor":7,"turns":10},{"damage":3,"enemies":"Exordium Wildlife","floor":10,"turns":4},{"damage":12,"enemies":"Gremlin Nob","floor":13,"turns":5},{"damage":0,"enemies":"3 Louse","floor":14,"turns":2},{"damage":10,"enemies":"Hexaghost","floor":16,"turns":12},{"damage":10,"enemies":"Shell Parasite","floor":18,"turns":5},{"damage":26,"enemies":"Spheric Guardian","floor":19,"turns":6},{"damage":33,"enemies":"3 Cultists","floor":20,"turns":8},{"damage":3,"enemies":"Centurion and Healer","floor":22,"turns":2}],"seed_played":"3713593923589384661","potions_obtained":[{"floor":3,"key":"Weak Potion"},{"floor":4,"key":"Fire Potion"},{"floor":7,"key":"SteroidPotion"},{"floor":10,"key":"Explosive Potion"},{"floor":20,"key":"FearPotion"}],"is_trial":false,"path_per_floor":["M","M","M","M","M","R","E","?","T","M","$","R","E","M","R","B",null,"M","M","M","?","M"],"character_chosen":"THE_SILENT","items_purchased":["Sucker Punch","PiercingWail"],"campfire_rested":2,"item_purchase_floors":[11,11],"current_hp_per_floor":[69,69,69,69,62,62,33,22,22,19,19,40,28,28,49,39,70,60,34,1,1,0],"gold":0,"neow_bonus":"REMOVE_TWO","is_prod":false,"is_daily":false,"chose_seed":false,"campfire_upgraded":1,"win_rate":0,"timestamp":1554370928,"path_taken":["M","M","M","M","M","R","E","?","T","M","$","R","E","M","R","BOSS","M","M","M","?","M"],"build_version":"2019-01-23","purchased_purges":1,"victory":false,"max_hp_per_floor":[70,70,70,70,70,70,70,70,70,70,70,70,70,70,70,70,70,70,70,70,70,70],"card_choices":[{"not_picked":["Underhanded Strike","Eviscerate"],"picked":"Caltrops","floor":1},{"not_picked":["Backflip","Concentrate"],"picked":"Poisoned Stab","floor":2},{"not_picked":["Poisoned Stab","Acrobatics"],"picked":"Bane","floor":3},{"not_picked":["Calculated Gamble","Outmaneuver"],"picked":"Dodge and Roll","floor":4},{"not_picked":["Poisoned Stab","Tools of the Trade"],"picked":"Backstab","floor":5},{"not_picked":["Outmaneuver","Reflex","Dodge and Roll"],"picked":"SKIP","floor":7},{"not_picked":["Heel Hook","Prepared","Outmaneuver"],"picked":"SKIP","floor":10},{"not_picked":["Dodge and Roll","Deadly Poison"],"picked":"Dagger Throw","floor":13},{"not_picked":["Slice","Bane"],"picked":"Backflip","floor":14},{"not_picked":["A Thousand Cuts","Envenom"],"picked":"Die Die Die","floor":16},{"not_picked":["Deflect","Underhanded Strike"],"picked":"Backflip","floor":18},{"not_picked":["Slice","Deadly Poison"],"picked":"Sucker Punch+1","floor":19},{"not_picked":["Escape Plan","Reflex+1","Quick Slash+1"],"picked":"SKIP","floor":20}],"player_experience":170822,"relics_obtained":[{"floor":7,"key":"Pen Nib"},{"floor":9,"key":"Orichalcum"},{"floor":13,"key":"Omamori"},{"floor":17,"key":"Ancient Tea Set"},{"floor":17,"key":"Dead Branch"},{"floor":17,"key":"Ornamental Fan"}],"event_choices":[{"damage_healed":0,"gold_gain":75,"player_choice":"Gather Gold","damage_taken":11,"max_hp_gain":0,"max_hp_loss":0,"event_name":"World of Goop","floor":8,"gold_loss":0},{"damage_healed":0,"gold_gain":0,"player_choice":"Paid Fearfully","damage_taken":0,"max_hp_gain":0,"max_hp_loss":0,"event_name":"Masked Bandits","floor":21,"gold_loss":251}],"is_beta":false,"boss_relics":[{"not_picked":["Coffee Dripper","Empty Cage"],"picked":"Calling Bell"}],"items_purged_floors":[11],"is_endless":false,"potions_floor_spawned":[3,4,7,10,14,20],"killed_by":"Centurion and Healer","ascension_level":0}