{"gold_per_floor":[119,10,23,42,59,59,85,103,103,103,203,235,235,250,250,250],"floor_reached":16,"playtime":708,"items_purged":["Strike_R"],"score":112,"play_id":"e2293bd2-b1e2-4adc-87fe-a967909f097f","local_time":"20180703162006","is_ascension_mode":false,"campfire_choices":[{"data":"Fire Breathing","floor":6,"key":"SMITH"},{"floor":15,"key":"REST"}],"neow_cost":"TEN_PERCENT_HP_LOSS","seed_source_timestamp":142399161118999,"circlet_count":0,"master_deck":["Strike_R","Strike_R","Strike_R","Strike_R","Defend_R","Defend_R","Defend_R+1","Defend_R","Bash","Headbutt+1","Intimidate","Cleave","Flex","Flex","Thunderclap","Pommel Strike","Fire Breathing+1","Infernal Blade","Wild Strike","Wild Strike","Double Tap","Whirlwind","Warcry"],"relics":["Burning Blood","Prayer Wheel","Unceasing Top","Pear","Boot","Letter Opener"],"potions_floor_usage":[7,7,16,16],"damage_taken":[{"damage":0,"enemies":"Small Slimes","floor":1,"turns":3},{"damage":6,"enemies":"Cultist","floor":3,"turns":3},{"damage":11,"enemies":"Jaw Worm","floor":4,"turns":4},{"damage":6,"enemies":"Lots of Slimes","floor":5,"turns":2},{"damage":14,"enemies":"Gremlin Nob","floor":7,"turns":4},{"damage":9,"enemies":"2 Fungi Beasts","floor":8,"turns":3},{"damage":16,"enemies":"Lagavulin","floor":12,"turns":7},{"damage":11,"enemies":"Large Slime","floor":14,"turns":4},{"damage":59,"enemies":"The Guardian","floor":16,"turns":7}],"seed_played":"8075067674068303850","potions_obtained":[{"floor":4,"key":"Block Potion"},{"floor":5,"key":"Weak Potion"},{"floor":8,"key":"Explosive Potion"},{"floor":12,"key":"SteroidPotion"}],"is_trial":false,"path_per_floor":["M","$","M","M","M","R","E","M","T","?","?","E","?","M","R"],"character_chosen":"IRONCLAD","items_purchased":["Intimidate"],"campfire_rested":1,"item_purchase_floors":[2],"current_hp_per_floor":[72,72,72,67,67,67,59,68,78,60,60,50,34,29,53,0],"gold":250,"neow_bonus":"ONE_RARE_RELIC","is_prod":false,"is_daily":false,"chose_seed":false,"campfire_upgraded":1,"win_rate":0,"timestamp":1530656406,"path_taken":["M","$","M","M","M","R","E","M","T","?","?","E","?","M","R","BOSS"],"build_version":"2018-06-28","purchased_purges":1,"victory":false,"max_hp_per_floor":[72,72,72,72,72,72,72,72,82,82,82,82,82,82,82,82],"card_choices":[{"not_picked":["Clash","Corruption"],"picked":"Headbutt","floor":1},{"not_picked":["Feel No Pain","Carnage","Perfected Strike"],"picked":"SKIP","floor":1},{"not_picked":["Feel No Pain","Carnage","Perfected Strike"],"picked":"SKIP","floor":1},{"not_picked":["True Grit","Rage"],"picked":"Cleave","floor":3},{"not_picked":["Perfected Strike","Body Slam","Flex"],"picked":"SKIP","floor":3},{"not_picked":["Perfected Strike","Body Slam"],"picked":"Flex","floor":3},{"not_picked":["Intimidate","Body Slam"],"picked":"Flex","floor":4},{"not_picked":["Impervious","Hemokinesis"],"picked":"Thunderclap","floor":4},{"not_picked":["Sever Soul","Seeing Red"],"picked":"Pommel Strike","floor":5},{"not_picked":["Heavy Blade","Headbutt"],"picked":"Fire Breathing","floor":5},{"not_picked":["Perfected Strike","Headbutt"],"picked":"Infernal Blade","floor":7},{"not_picked":["Warcry","Offering"],"picked":"Wild Strike","floor":8},{"not_picked":["Uppercut","Wild Strike","Perfected Strike"],"picked":"SKIP","floor":8},{"not_picked":["Uppercut","Perfected Strike"],"picked":"Wild Strike","floor":8},{"not_picked":["Bloodletting","Iron Wave"],"picked":"Double Tap","floor":12},{"not_picked":["Headbutt","Anger"],"picked":"Whirlwind","floor":14},{"not_picked":["Combust","Second Wind"],"picked":"Warcry","floor":14}],"player_experience":57169,"relics_obtained":[{"floor":7,"key":"Unceasing Top"},{"floor":9,"key":"Pear"},{"floor":12,"key":"Letter Opener"}],"event_choices":[{"event_name":"Scrap Ooze","player_choice":"success","floor":10,"damage_taken":18},{"event_name":"Golden Shrine","player_choice":"Pray","floor":11,"damage_taken":0},{"event_name":"Shining Light","player_choice":"Entered Light","floor":13,"damage_taken":0}],"boss_relics":[],"items_purged_floors":[2],"is_endless":false,"potions_floor_spawned":[4,5,8,12],"killed_by":"The Guardian","ascension_level":0}