{"path_per_floor":["M","$","?","M","M","R","M","T","T","M","E","M","$","M","R","B",null,"M","M","M","M","M","R","E","M","T","$"],"character_chosen":"IRONCLAD","items_purchased":["Block Potion","Bag of Preparation","Regen Potion"],"gold_per_floor":[212,88,38,48,66,66,81,81,106,118,143,154,5,24,24,125,125,144,155,169,184,195,195,229,240,240,188],"floor_reached":28,"campfire_rested":1,"playtime":1342,"current_hp_per_floor":[62,62,62,68,77,77,85,85,85,87,78,86,86,87,87,63,101,95,101,99,93,68,98,50,16,16,16],"items_purged":["Defend_R"],"gold":188,"score":271,"play_id":"e6423670-b6c1-43cd-9b01-8f0718c3441a","is_prod":false,"is_daily":false,"is_ascension_mode":false,"campfire_upgraded":2,"path_taken":["M","$","?","?","M","R","M","?","T","M","E","?","$","M","R","BOSS","M","M","?","?","?","R","E","M","T","$","E"],"build_version":"2018-02-15-PROD1","purchased_purges":1,"victory":false,"master_deck":["Strike_R","Strike_R","Strike_R","Strike_R","Strike_R","Defend_R","Defend_R","Bash","Clash+1","Feed","Battle Trance","Sword Boomerang+1","Double Tap","Dual Wield+1","Warcry+1","Inflame"],"max_hp_per_floor":[80,80,80,80,83,83,86,86,86,89,92,95,95,98,98,101,101,101,101,101,101,101,101,104,107,107,107],"relics":["Burning Blood","Dodecahedron","Blood Vial","Torii","Bag of Preparation","Black Star","Molten Egg 2","Bottled Flame","Red Skull"],"card_choices":[{"not_picked":["Disarm","Wild Strike"],"picked":"Clash"},{"not_picked":["True Grit","Uppercut"],"picked":"Feed"},{"not_picked":["Flame Barrier","Cleave"],"picked":"Battle Trance"},{"not_picked":["Clothesline","Body Slam"],"picked":"Sword Boomerang"},{"not_picked":["Impervious","Dark Embrace"],"picked":"Double Tap"},{"not_picked":["Metallicize","Immolate"],"picked":"Dual Wield"},{"not_picked":["Thunderclap","Burning Pact"],"picked":"Warcry"},{"not_picked":["Corruption","Evolve"],"picked":"Inflame"}],"player_experience":20350,"potions_floor_usage":[11,16,16,21,21,22,25,25,28,28],"damage_taken":[{"damage":24,"enemies":"Jaw Worm","floor":1,"turns":4},{"damage":0,"enemies":"Small Slimes","floor":4,"turns":2},{"damage":0,"enemies":"Cultist","floor":5,"turns":2},{"damage":1,"enemies":"Exordium Thugs","floor":7,"turns":3},{"damage":8,"enemies":"Red Slaver","floor":10,"turns":2},{"damage":20,"enemies":"3 Sentries","floor":11,"turns":6},{"damage":3,"enemies":"Lots of Slimes","floor":12,"turns":3},{"damage":10,"enemies":"Gremlin Gang","floor":14,"turns":3},{"damage":35,"enemies":"Slime Boss","floor":16,"turns":11},{"damage":12,"enemies":"2 Thieves","floor":18,"turns":3},{"damage":1,"enemies":"Spheric Guardian","floor":19,"turns":3},{"damage":8,"enemies":"Snecko","floor":20,"turns":3},{"damage":14,"enemies":"Centurion and Healer","floor":21,"turns":3},{"damage":33,"enemies":"Sentry and Sphere","floor":22,"turns":6},{"damage":59,"enemies":"Slavers","floor":24,"turns":6},{"damage":45,"enemies":"Cultist and Chosen","floor":25,"turns":5},{"damage":28,"enemies":"Book of Stabbing","floor":28,"turns":2}],"event_choices":[{"event_name":"The Cleric","player_choice":"Card Removal","floor":3,"damage_taken":0}],"boss_relics":[{"not_picked":["Ectoplasm","Runic Cube"],"picked":"Black Star"}],"potions_floor_spawned":[7,10,12,18,19,22,24,25],"seed_played":"-364909259951434944","killed_by":"Book of Stabbing","ascension_level":0,"is_trial":false}