{"gold_per_floor":[110,35,35,48,48,48,75,75,75,5,5,20,20,31,31,134,134,147,147,164,174,99,99],"floor_reached":23,"playtime":1296,"items_purged":["Strike_G"],"score":250,"play_id":"c663a83d-235f-44e2-b17f-5f55f9c63cf2","local_time":"20190407145105","is_ascension_mode":true,"campfire_choices":[{"data":"Blade Dance","floor":6,"key":"SMITH"},{"data":"Bane","floor":8,"key":"SMITH"},{"data":"Backflip","floor":13,"key":"SMITH"},{"data":"Cloak And Dagger","floor":15,"key":"SMITH"}],"neow_cost":"NONE","seed_source_timestamp":239852245797332,"circlet_count":0,"master_deck":["Defend_G","Defend_G","Defend_G","Defend_G","Defend_G","Survivor","Neutralize","Deadly Poison","Blade Dance+1","Backflip+1","Bane+1","Cloak And Dagger+1","Deadly Poison","Flying Knee","Envenom+1","Blur+1","Bite","Bite","Bite","Bite","Bite","Poisoned Stab+1","Dagger Spray+1"],"relics":["Ring of the Snake","NeowsBlessing","Bottled Lightning","Frozen Egg 2","Lizard Tail"],"potions_floor_usage":[18,23,23,23],"damage_taken":[{"damage":0,"enemies":"Jaw Worm","floor":1,"turns":1},{"damage":0,"enemies":"Cultist","floor":4,"turns":1},{"damage":0,"enemies":"3 Sentries","floor":7,"turns":1},{"damage":0,"enemies":"Small Slimes","floor":12,"turns":3},{"damage":7,"enemies":"Looter","floor":14,"turns":3},{"damage":26,"enemies":"The Guardian","floor":16,"turns":10},{"damage":19,"enemies":"Chosen","floor":18,"turns":8},{"damage":18,"enemies":"Spheric Guardian","floor":20,"turns":5},{"damage":27,"enemies":"Snake Plant","floor":21,"turns":5},{"damage":58,"enemies":"Book of Stabbing","floor":23,"turns":7}],"seed_played":"1431134862288950740","potions_obtained":[{"floor":4,"key":"GhostInAJar"},{"floor":7,"key":"Swift Potion"},{"floor":12,"key":"LiquidBronze"},{"floor":16,"key":"GhostInAJar"},{"floor":20,"key":"Explosive Potion"}],"is_trial":false,"path_per_floor":["M","$","?","M","$","R","E","R","T","$","?","M","R","M","R","B",null,"M","?","M","M","?","E"],"character_chosen":"THE_SILENT","items_purchased":["Cloak And Dagger","Deadly Poison"],"campfire_rested":0,"item_purchase_floors":[10,10],"current_hp_per_floor":[70,70,70,70,70,70,70,70,70,70,70,70,70,63,63,37,70,51,49,35,18,18,0],"gold":99,"neow_bonus":"THREE_ENEMY_KILL","is_prod":false,"is_daily":false,"chose_seed":false,"campfire_upgraded":4,"win_rate":0,"timestamp":1554663065,"path_taken":["M","$","?","M","$","R","E","R","T","?","?","M","R","M","R","BOSS","M","?","M","M","?","E"],"build_version":"2019-01-23","purchased_purges":1,"victory":false,"max_hp_per_floor":[70,70,70,70,70,70,70,70,70,70,70,70,70,70,70,70,70,70,49,49,49,49,49],"card_choices":[{"not_picked":["Underhanded Strike","Quick Slash"],"picked":"Deadly Poison","floor":1},{"not_picked":["Acrobatics","Bane"],"picked":"Backflip","floor":4},{"not_picked":["Dagger Spray","Escape Plan"],"picked":"Bane","floor":7},{"not_picked":["Endless Agony","Dagger Throw"],"picked":"Flying Knee","floor":12},{"not_picked":["Underhanded Strike","Quick Slash"],"picked":"Bouncing Flask","floor":14},{"not_picked":["Unload","Doppelganger"],"picked":"Envenom+1","floor":16},{"not_picked":["Backflip","Outmaneuver"],"picked":"Blur+1","floor":18},{"not_picked":["Deflect","Masterful Stab"],"picked":"Poisoned Stab+1","floor":20},{"not_picked":["Well Laid Plans+1","Riddle With Holes"],"picked":"Dagger Spray+1","floor":21}],"player_experience":83900,"relics_obtained":[{"floor":7,"key":"Bottled Lightning"},{"floor":9,"key":"Frozen Egg 2"}],"event_choices":[{"damage_healed":0,"gold_gain":0,"cards_transformed":["Strike_G"],"player_choice":"Transformed","damage_taken":0,"max_hp_gain":0,"max_hp_loss":0,"event_name":"Transmorgrifier","floor":3,"gold_loss":0,"cards_obtained":["Blade Dance"]},{"damage_healed":0,"gold_gain":0,"player_choice":"Ignored","damage_taken":0,"max_hp_gain":0,"max_hp_loss":0,"event_name":"Liars Game","floor":11,"gold_loss":0},{"damage_healed":0,"gold_gain":0,"player_choice":"Became a vampire","damage_taken":0,"max_hp_gain":0,"max_hp_loss":21,"event_name":"Vampires","floor":19,"gold_loss":0,"cards_obtained":["Bite","Bite","Bite","Bite","Bite"]},{"cards_removed":["Bouncing Flask"],"damage_healed":0,"gold_gain":0,"player_choice":"Gave Gold","damage_taken":0,"max_hp_gain":0,"max_hp_loss":0,"event_name":"Beggar","floor":22,"gold_loss":75}],"is_beta":false,"boss_relics":[{"not_picked":["Velvet Choker","Runic Dome"],"picked":"Lizard Tail"}],"items_purged_floors":[2],"is_endless":false,"potions_floor_spawned":[4,7,12,16,20,21],"killed_by":"Book of Stabbing","ascension_level":1}