{"gold_per_floor":[217,27,27,41,53,53,85,85,111,136,136,136,136,49,49,120,120,140,140,239,154,154,154,172,183,208,224,31,42,42,55,55,131,131,151,151,165,33,46,46,78,78,78,89,122,122,122,135,135,135],"floor_reached":50,"playtime":2254,"items_purged":["Strike_R","Strike_R","Strike_R+1","Bash"],"score":906,"play_id":"ac32b620-e57c-4a67-b8e8-5e4c01fe78d1","local_time":"20190413113441","is_ascension_mode":true,"campfire_choices":[{"data":"Searing Blow","floor":6,"key":"SMITH"},{"floor":8,"key":"REST"},{"floor":11,"key":"REST"},{"data":"Entrench","floor":15,"key":"SMITH"},{"data":"Searing Blow+1","floor":23,"key":"SMITH"},{"data":"Armaments","floor":30,"key":"SMITH"},{"floor":32,"key":"REST"},{"floor":40,"key":"REST"},{"floor":42,"key":"RECALL"},{"floor":47,"key":"REST"},{"floor":49,"key":"REST"}],"neow_cost":"NONE","seed_source_timestamp":64730400259143,"circlet_count":0,"master_deck":["AscendersBane","Strike_R+1","Strike_R+1","Defend_R+1","Defend_R+1","Defend_R+1","Defend_R+1","Iron Wave","Searing Blow+2","Metallicize","Entrench+1","Spot Weakness","Ghostly Armor","Whirlwind","Burning Pact","Barricade","Entrench","Disarm","Armaments+1","Limit Break","Clothesline+1","Entrench","Demon Form","Body Slam","Shrug It Off+1"],"relics":["Burning Blood","Centennial Puzzle","Smiling Mask","Art of War","Sozu","Paper Frog","Oddly Smooth Stone","Fusion Hammer","Bottled Lightning","Toxic Egg 2","Ginger"],"potions_floor_usage":[7,16,16,25],"damage_taken":[{"damage":0,"enemies":"2 Louse","floor":1,"turns":4},{"damage":4,"enemies":"Jaw Worm","floor":4,"turns":4},{"damage":1,"enemies":"Small Slimes","floor":5,"turns":4},{"damage":44,"enemies":"Lagavulin","floor":7,"turns":7},{"damage":39,"enemies":"3 Sentries","floor":10,"turns":12},{"damage":39,"enemies":"Hexaghost","floor":16,"turns":14},{"damage":23,"enemies":"2 Thieves","floor":18,"turns":4},{"damage":0,"enemies":"Chosen","floor":24,"turns":9},{"damage":3,"enemies":"3 Cultists","floor":25,"turns":4},{"damage":18,"enemies":"Cultist and Chosen","floor":27,"turns":9},{"damage":6,"enemies":"Snake Plant","floor":29,"turns":9},{"damage":23,"enemies":"Shelled Parasite and Fungi","floor":31,"turns":9},{"damage":14,"enemies":"Champ","floor":33,"turns":17},{"damage":23,"enemies":"3 Shapes","floor":35,"turns":5},{"damage":17,"enemies":"3 Darklings","floor":37,"turns":10},{"damage":7,"enemies":"Maw","floor":39,"turns":14},{"damage":9,"enemies":"Reptomancer","floor":41,"turns":10},{"damage":28,"enemies":"Writhing Mass","floor":44,"turns":10},{"damage":9,"enemies":"Nemesis","floor":45,"turns":15},{"damage":16,"enemies":"4 Shapes","floor":48,"turns":10},{"damage":67,"enemies":"Donu and Deca","floor":50,"turns":6}],"seed_played":"-2584246771669510034","potions_obtained":[{"floor":5,"key":"EssenceOfSteel"},{"floor":7,"key":"Weak Potion"},{"floor":10,"key":"Regen Potion"},{"floor":16,"key":"Strength Potion"}],"is_trial":false,"path_per_floor":["M","$","?","M","M","R","E","R","T","E","R","?","?","$","R","B",null,"M","?","?","?","?","R","M","M","T","M","$","M","R","M","R","B",null,"M","?","M","$","M","R","E","R","T","M","E","?","R","M","R","B"],"character_chosen":"IRONCLAD","items_purchased":["Searing Blow","Metallicize","Burning Pact","Entrench","Disarm","Entrench"],"campfire_rested":6,"item_purchase_floors":[2,2,14,28,28,38],"current_hp_per_floor":[74,74,59,61,66,66,28,50,50,17,39,39,39,39,39,21,62,45,45,45,45,45,45,51,54,54,42,42,42,42,25,47,39,66,49,49,38,38,37,59,56,56,56,34,31,66,66,56,66,0],"gold":135,"neow_bonus":"HUNDRED_GOLD","is_prod":false,"is_daily":false,"chose_seed":false,"campfire_upgraded":4,"win_rate":0,"timestamp":1555144481,"path_taken":["M","$","?","M","M","R","E","R","T","E","R","?","?","$","R","BOSS","M","?","?","?","?","R","M","M","T","?","?","M","R","M","R","BOSS","M","?","M","$","M","R","E","R","T","M","E","?","R","M","R","BOSS"],"build_version":"2019-01-23","purchased_purges":4,"victory":false,"max_hp_per_floor":[75,75,75,75,75,75,75,75,75,75,75,75,75,75,75,75,75,75,75,75,75,75,75,75,75,75,75,75,75,75,75,75,75,75,75,75,75,75,75,75,75,75,75,75,75,66,66,66,66,66],"card_choices":[{"not_picked":["True Grit","Ghostly Armor"],"picked":"Iron Wave","floor":1},{"not_picked":["Carnage","Anger"],"picked":"Entrench","floor":4},{"not_picked":["Perfected Strike","Clash"],"picked":"Spot Weakness","floor":5},{"not_picked":["Headbutt","Cleave"],"picked":"Ghostly Armor","floor":7},{"not_picked":["Bludgeon","Iron Wave"],"picked":"Whirlwind","floor":10},{"not_picked":["Double Tap","Bludgeon"],"picked":"Barricade","floor":16},{"not_picked":["Warcry","Headbutt","Clash"],"picked":"SKIP","floor":18},{"not_picked":["Warcry","Flex","Havoc"],"picked":"SKIP","floor":24},{"not_picked":["Clothesline","Fire Breathing","Sword Boomerang+1"],"picked":"SKIP","floor":25},{"not_picked":["Evolve","Twin Strike","Iron Wave+1"],"picked":"SKIP","floor":27},{"not_picked":["Exhume","Heavy Blade"],"picked":"Armaments","floor":29},{"not_picked":["Sentinel","Havoc","Sever Soul"],"picked":"SKIP","floor":31},{"not_picked":["Brutality","Juggernaut"],"picked":"Limit Break","floor":33},{"not_picked":["Carnage","Evolve"],"picked":"Clothesline+1","floor":35},{"not_picked":["Heavy Blade+1","Spot Weakness","Warcry"],"picked":"SKIP","floor":37},{"not_picked":["Cleave","Clash","Anger"],"picked":"SKIP","floor":39},{"not_picked":["Warcry","Rupture"],"picked":"Demon Form","floor":41},{"not_picked":["Thunderclap","Sever Soul"],"picked":"Body Slam","floor":44},{"not_picked":["Clothesline","Dropkick"],"picked":"Shrug It Off+1","floor":45},{"not_picked":["Whirlwind","Corruption","Cleave"],"picked":"SKIP","floor":48}],"player_experience":862171,"relics_obtained":[{"floor":7,"key":"Centennial Puzzle"},{"floor":9,"key":"Smiling Mask"},{"floor":10,"key":"Art of War"},{"floor":41,"key":"Bottled Lightning"},{"floor":43,"key":"Toxic Egg 2"},{"floor":45,"key":"Ginger"}],"event_choices":[{"damage_healed":0,"gold_gain":0,"player_choice":"Entered Light","damage_taken":15,"max_hp_gain":0,"max_hp_loss":0,"event_name":"Shining Light","floor":3,"gold_loss":0,"cards_upgraded":["Strike_R","Strike_R"]},{"damage_healed":0,"gold_gain":0,"player_choice":"Ignored","damage_taken":0,"max_hp_gain":0,"max_hp_loss":0,"event_name":"Liars Game","floor":12,"gold_loss":0},{"damage_healed":0,"gold_gain":0,"player_choice":"Fled","damage_taken":0,"max_hp_gain":0,"max_hp_loss":0,"event_name":"Scrap Ooze","floor":13,"gold_loss":0},{"damage_healed":0,"gold_gain":0,"player_choice":"Simplicity","damage_taken":0,"max_hp_gain":0,"max_hp_loss":0,"event_name":"Back to Basics","floor":19,"gold_loss":0,"cards_upgraded":["Strike_R","Defend_R","Defend_R","Defend_R","Defend_R"]},{"damage_healed":0,"gold_gain":99,"player_choice":"Stole From Cult","damage_taken":0,"max_hp_gain":0,"max_hp_loss":0,"event_name":"Nest","floor":20,"gold_loss":0},{"damage_healed":0,"gold_gain":0,"player_choice":"Obtained Relic","damage_taken":0,"relics_obtained":["Paper Frog"],"max_hp_gain":0,"max_hp_loss":0,"event_name":"Addict","floor":21,"gold_loss":85},{"damage_healed":0,"gold_gain":0,"player_choice":"Opened","damage_taken":0,"relics_obtained":["Oddly Smooth Stone"],"max_hp_gain":0,"max_hp_loss":0,"event_name":"The Mausoleum","floor":22,"gold_loss":0},{"damage_healed":0,"gold_gain":0,"player_choice":"Ignored","damage_taken":0,"max_hp_gain":0,"max_hp_loss":0,"event_name":"Tomb of Lord Red Mask","floor":36,"gold_loss":0},{"damage_healed":66,"gold_gain":0,"player_choice":"Heal","damage_taken":0,"max_hp_gain":0,"max_hp_loss":9,"event_name":"The Moai Head","floor":46,"gold_loss":0}],"is_beta":false,"boss_relics":[{"not_picked":["Runic Dome","Philosopher\u0027s Stone"],"picked":"Sozu"},{"not_picked":["Runic Pyramid","White Beast Statue"],"picked":"Fusion Hammer"}],"items_purged_floors":[2,14,28,38],"is_endless":false,"potions_floor_spawned":[5,7,10,16,24,29,31,33,37,44,45],"killed_by":"Donu and Deca","ascension_level":14}