{"gold_per_floor":[118,43,53,53,53,86,36,70,97,97,97,113,113,147,147,245,245,265,265,215,234,101,101,128,138,138,172,172,199,217,248,248,350,350,369,369,396,30,50,78,78,104,158,158,212,36,36,36,36,36],"floor_reached":51,"playtime":3073,"items_purged":["Defend_B","Strike_B","Defend_B"],"score":1395,"play_id":"f57649a7-ce0e-4b32-bb6b-c50a0701b820","local_time":"20180709023251","is_ascension_mode":true,"campfire_choices":[{"data":"Defragment","floor":13,"key":"SMITH"},{"data":"Zap","floor":15,"key":"SMITH"},{"data":"Dualcast","floor":23,"key":"SMITH"},{"data":"Defend_B","floor":32,"key":"PURGE"},{"data":"Reboot","floor":41,"key":"SMITH"},{"floor":47,"key":"DIG"},{"floor":49,"key":"DIG"}],"neow_cost":"","seed_source_timestamp":23597701269966,"circlet_count":0,"master_deck":["Strike_B+1","Zap+1","Dualcast+1","Beam Cell","Cold Snap","Scrape+1","Cold Snap","Reboot","Defragment+1","Cold Snap","Fusion","Reboot+1","Gash","Conserve Battery","Conserve Battery+1","Chill","Coolheaded","Go for the Eyes","Coolheaded","Self Repair","Gash","Loop","Creative AI","BootSequence+1","Defragment+1","Defragment","BootSequence","Chaos+1","Multi-Cast+1","Panache","Secret Weapon+1","Consume+1","Conserve Battery+1","Madness+1","Madness+1"],"relics":["Cracked Core","Bag of Preparation","Juzu Bracelet","Singing Bowl","Symbiotic Virus","Mercury Hourglass","Coffee Dripper","DataDisk","Du-Vu Doll","Peace Pipe","Enchiridion","Gambling Chip","Blood Vial","Inserter","Ancient Tea Set","Ice Cream","Toxic Egg 2","Shovel","Tiny Chest","Mango","Vajra","Mummified Hand"],"potions_floor_usage":[24,33,45,50,50],"damage_taken":[{"damage":0,"enemies":"2 Louse","floor":1,"turns":2},{"damage":1,"enemies":"Cultist","floor":3,"turns":3},{"damage":6,"enemies":"Gremlin Nob","floor":6,"turns":3},{"damage":7,"enemies":"3 Sentries","floor":8,"turns":7},{"damage":0,"enemies":"Small Slimes","floor":12,"turns":2},{"damage":1,"enemies":"Lagavulin","floor":14,"turns":5},{"damage":0,"enemies":"Hexaghost","floor":16,"turns":8},{"damage":0,"enemies":"3 Byrds","floor":18,"turns":3},{"damage":14,"enemies":"2 Thieves","floor":21,"turns":3},{"damage":2,"enemies":"Slavers","floor":24,"turns":5},{"damage":7,"enemies":"Snake Plant","floor":25,"turns":3},{"damage":2,"enemies":"Gremlin Leader","floor":27,"turns":8},{"damage":0,"enemies":"Slavers","floor":29,"turns":7},{"damage":5,"enemies":"Slaver and Parasite","floor":30,"turns":6},{"damage":16,"enemies":"Gremlin Leader","floor":31,"turns":7},{"damage":0,"enemies":"Collector","floor":33,"turns":15},{"damage":0,"enemies":"3 Darklings","floor":35,"turns":6},{"damage":0,"enemies":"Flame Bruiser 1 Orb","floor":39,"turns":3},{"damage":0,"enemies":"Giant Head","floor":40,"turns":8},{"damage":0,"enemies":"2 Orb Walkers","floor":42,"turns":5},{"damage":0,"floor":45,"turns":3},{"damage":15,"enemies":"Time Eater","floor":50,"turns":9}],"seed_played":"-957382014545671848","potions_obtained":[{"floor":6,"key":"FairyPotion"},{"floor":12,"key":"Regen Potion"},{"floor":14,"key":"GamblersBrew"},{"floor":18,"key":"SpeedPotion"},{"floor":24,"key":"FearPotion"},{"floor":27,"key":"Dexterity Potion"},{"floor":30,"key":"Dexterity Potion"},{"floor":35,"key":"Block Potion"},{"floor":45,"key":"PowerPotion"}],"is_trial":false,"path_per_floor":["M","$","M","?","?","E","?","E","T","?","?","M","R","E","R","B",null,"M","?","?","M","$","R","E","M","T","E","?","E","M","E","R","B",null,"M","?","T","$","M","E","R","E","T","?","?","$","R","?","R","B"],"character_chosen":"DEFECT","items_purchased":["Chill","Defragment","Ice Cream","Conserve Battery+1"],"campfire_rested":0,"item_purchase_floors":[22,38,38,46],"current_hp_per_floor":[68,68,67,67,52,46,46,39,39,39,32,32,32,31,31,31,64,64,64,64,50,50,50,48,41,41,39,23,23,32,23,23,32,64,73,73,73,73,75,75,75,75,75,67,90,90,90,79,79,73],"gold":36,"neow_bonus":"","is_prod":false,"is_daily":false,"chose_seed":false,"campfire_upgraded":4,"win_rate":0,"timestamp":1531128771,"path_taken":["M","$","M","?","?","E","?","E","T","?","?","M","R","E","R","BOSS","M","?","?","M","$","R","E","M","T","E","?","E","M","E","R","BOSS","M","?","?","$","M","E","R","E","T","?","?","$","R","?","R","BOSS"],"build_version":"2018-07-05","purchased_purges":3,"victory":true,"max_hp_per_floor":[75,75,75,75,75,75,75,75,75,75,75,75,75,75,75,75,75,75,75,75,75,75,75,75,75,75,75,75,75,75,75,75,75,75,75,75,75,75,75,75,75,75,75,77,91,91,91,91,91,91],"card_choices":[{"not_picked":["Stack","Steam Power"],"picked":"Beam Cell","floor":1},{"not_picked":["Stack","Force Field"],"picked":"Cold Snap","floor":3},{"not_picked":["Reinforced Body","Stack"],"picked":"Cold Snap","floor":6},{"not_picked":["Stack","Sweeping Beam"],"picked":"Reboot","floor":8},{"not_picked":["Stack","Hello World"],"picked":"Cold Snap","floor":12},{"not_picked":["Cold Snap","Steam Power"],"picked":"Fusion","floor":14},{"not_picked":["Biased Cognition","Core Surge"],"picked":"Reboot","floor":16},{"not_picked":["Turbo","Melter"],"picked":"Gash","floor":18},{"not_picked":["Force Field+1","Redo"],"picked":"Conserve Battery+1","floor":21},{"not_picked":["Double Energy","Cold Snap"],"picked":"Coolheaded","floor":24},{"not_picked":["Scrape","Redo"],"picked":"Go for the Eyes","floor":25},{"not_picked":["Double Energy","Darkness"],"picked":"Coolheaded","floor":27},{"not_picked":["Meteor Strike","Cold Snap"],"picked":"Self Repair","floor":29},{"not_picked":["Sunder+1","Steam"],"picked":"Gash","floor":30},{"not_picked":["Stack","Heatsinks+1"],"picked":"Loop","floor":31},{"not_picked":["Buffer","Core Surge"],"picked":"Creative AI","floor":33},{"not_picked":["Self Repair","Stack+1"],"picked":"BootSequence+1","floor":35},{"not_picked":["Beam Cell","Sunder"],"picked":"BootSequence","floor":39},{"not_picked":["Beam Cell+1","Stack+1"],"picked":"Chaos+1","floor":40},{"not_picked":["Cold Snap","Self Repair"],"picked":"Multi-Cast+1","floor":42},{"not_picked":["The Bomb+1","Metamorphosis+1"],"picked":"Panache","floor":44},{"not_picked":["Panacea+1","Bandage Up+1"],"picked":"Secret Weapon+1","floor":44},{"not_picked":["Dramatic Entrance","Secret Weapon+1","Purity+1"],"picked":"Singing Bowl","floor":44},{"not_picked":["Skim+1","Sweeping Beam"],"picked":"Consume+1","floor":45}],"player_experience":278507,"relics_obtained":[{"floor":6,"key":"Bag of Preparation"},{"floor":8,"key":"Juzu Bracelet"},{"floor":9,"key":"Singing Bowl"},{"floor":14,"key":"Mercury Hourglass"},{"floor":24,"key":"DataDisk"},{"floor":26,"key":"Du-Vu Doll"},{"floor":27,"key":"Peace Pipe"},{"floor":28,"key":"Enchiridion"},{"floor":29,"key":"Gambling Chip"},{"floor":31,"key":"Blood Vial"},{"floor":37,"key":"Ancient Tea Set"},{"floor":40,"key":"Toxic Egg 2"},{"floor":42,"key":"Shovel"},{"floor":43,"key":"Tiny Chest"},{"floor":45,"key":"Mango"},{"floor":47,"key":"Vajra"},{"floor":49,"key":"Mummified Hand"}],"event_choices":[{"event_name":"Living Wall","player_choice":"Change","floor":4,"damage_taken":0},{"event_name":"Shining Light","player_choice":"Entered Light","floor":5,"damage_taken":0},{"event_name":"The Cleric","player_choice":"Card Removal","floor":7,"damage_taken":0},{"event_name":"Transmorgrifier","player_choice":"Transform","floor":10,"damage_taken":0},{"event_name":"Scrap Ooze","player_choice":"success","floor":11,"damage_taken":7},{"event_name":"The Library","player_choice":"Read","floor":19,"damage_taken":0},{"event_name":"The Joust","player_choice":"Bet on Owner","floor":20,"damage_taken":0},{"event_name":"Cursed Tome","player_choice":"Obtained Book","floor":28,"damage_taken":0},{"event_name":"Duplicator","player_choice":"One dupe","floor":36,"damage_taken":0},{"event_name":"SensoryStone","player_choice":"Memory 3","floor":44,"damage_taken":0},{"event_name":"Mysterious Sphere","player_choice":"Fight","floor":45,"damage_taken":0},{"event_name":"Winding Halls","player_choice":"Embrace Madness","floor":48,"damage_taken":0}],"boss_relics":[{"not_picked":["Fusion Hammer","Eternal Feather"],"picked":"Coffee Dripper"},{"not_picked":["Pandora\u0027s Box","Busted Crown"],"picked":"Inserter"}],"items_purged_floors":[2,22,46],"is_endless":false,"potions_floor_spawned":[6,12,14,18,24,27,30,35,42,45],"ascension_level":8}