{"gold_per_floor":[111,111,6,6,6,6,40,56,81,114,140,158,2,20,20,20],"floor_reached":16,"playtime":563,"items_purged":["Injury"],"score":173,"play_id":"f5e87bab-d847-4efb-b984-cb1b79a6b89d","local_time":"20190207032758","is_ascension_mode":true,"campfire_choices":[{"data":"Defragment","floor":6,"key":"SMITH"},{"floor":15,"key":"REST"}],"neow_cost":"NONE","seed_source_timestamp":134918707148612,"circlet_count":0,"master_deck":["Strike_B","Strike_B","Strike_B","Strike_B","Defend_B","Defend_B","Defend_B","Defend_B","Zap","Dualcast","Glacier","Defragment+1","Reprogram","Hologram","Auto Shields","Seek","Chaos","Self Repair"],"relics":["Cracked Core","NeowsBlessing","Sundial","Golden Idol","Shuriken","Regal Pillow","Blood Vial"],"potions_floor_usage":[10],"damage_taken":[{"damage":0,"enemies":"Small Slimes","floor":1,"turns":1},{"damage":0,"enemies":"3 Sentries","floor":7,"turns":1},{"damage":0,"enemies":"2 Louse","floor":8,"turns":1},{"damage":33,"enemies":"Gremlin Nob","floor":10,"turns":4},{"damage":0,"enemies":"Cultist","floor":12,"turns":4},{"damage":7,"enemies":"Looter","floor":14,"turns":4},{"damage":45,"enemies":"Hexaghost","floor":16,"turns":9}],"seed_played":"6135932629125960480","potions_obtained":[{"floor":7,"key":"FocusPotion"},{"floor":12,"key":"Energy Potion"}],"is_trial":false,"path_per_floor":["M","?","$","?","?","R","E","M","T","E","T","M","$","M","R","B"],"character_chosen":"DEFECT","items_purchased":["Defragment","Reprogram","Self Repair"],"campfire_rested":1,"item_purchase_floors":[3,3,13],"current_hp_per_floor":[68,50,50,50,50,50,50,50,50,17,17,19,19,21,58,15],"gold":20,"neow_bonus":"THREE_ENEMY_KILL","is_prod":false,"is_daily":false,"chose_seed":false,"campfire_upgraded":1,"win_rate":0,"timestamp":1549531678,"path_taken":["M","?","$","?","?","R","E","M","T","E","?","M","$","M","R","BOSS"],"build_version":"2019-01-23","purchased_purges":1,"victory":false,"max_hp_per_floor":[75,75,75,75,75,75,75,75,75,75,75,75,75,75,75,75],"card_choices":[{"not_picked":["Hologram","Rebound"],"picked":"Glacier","floor":1},{"not_picked":["Redo","Beam Cell"],"picked":"Hologram","floor":7},{"not_picked":["Undo","Steam"],"picked":"Auto Shields","floor":8},{"not_picked":["Double Energy","Aggregate"],"picked":"Seek","floor":10},{"not_picked":["Stack","Turbo"],"picked":"Chaos","floor":12},{"not_picked":["Sweeping Beam","Barrage","Consume"],"picked":"SKIP","floor":14}],"player_experience":461989,"relics_obtained":[{"floor":7,"key":"Shuriken"},{"floor":9,"key":"Regal Pillow"},{"floor":10,"key":"Blood Vial"}],"event_choices":[{"damage_healed":0,"gold_gain":0,"player_choice":"Success","damage_taken":18,"relics_obtained":["Sundial"],"max_hp_gain":0,"max_hp_loss":0,"event_name":"Scrap Ooze","floor":2,"gold_loss":0},{"damage_healed":0,"gold_gain":0,"player_choice":"Ignored","damage_taken":0,"max_hp_gain":0,"max_hp_loss":0,"event_name":"Shining Light","floor":4,"gold_loss":0},{"damage_healed":0,"gold_gain":0,"player_choice":"Take Wound","damage_taken":0,"relics_obtained":["Golden Idol"],"max_hp_gain":0,"max_hp_loss":0,"event_name":"Golden Idol","floor":5,"gold_loss":0,"cards_obtained":["Injury"]}],"is_beta":false,"boss_relics":[],"items_purged_floors":[13],"is_endless":false,"potions_floor_spawned":[7,12],"killed_by":"Hexaghost","ascension_level":6}