{"path_per_floor":["M","?","$","?","M","E","$","T","T","M","R","M","M","M","R","B",null,"M","M","$","M","$","R","M"],"character_chosen":"THE_SILENT","items_purchased":["Noxious Fumes","Deadly Poison","Medical Kit"],"gold_per_floor":[212,212,67,67,88,128,80,106,106,120,120,136,156,177,177,305,305,291,316,26,41,41,41,65],"floor_reached":25,"campfire_rested":3,"playtime":1059,"current_hp_per_floor":[70,70,70,70,70,48,48,48,48,42,63,57,24,24,45,7,70,55,42,42,30,30,51,30],"items_purged":["Injury","Strike_G"],"gold":65,"score":205,"play_id":"9523daef-d4be-4b20-9da8-4db871a0e927","is_prod":false,"is_daily":false,"is_ascension_mode":false,"campfire_upgraded":0,"path_taken":["M","?","$","?","M","E","$","?","T","?","R","M","M","M","R","BOSS","M","M","$","M","$","R","M","E"],"build_version":"2018-02-12-PROD1","purchased_purges":2,"victory":false,"master_deck":["Defend_G","Defend_G","Defend_G","Defend_G","Defend_G","Strike_G","Strike_G","Strike_G","Strike_G","Survivor","Neutralize","Sucker Punch","Noxious Fumes","Deadly Poison","Deadly Poison","Catalyst","Cloak And Dagger","Calculated Gamble","A Thousand Cuts","Catalyst","Prepared","Dodge and Roll+1"],"max_hp_per_floor":[70,70,70,70,70,70,70,70,70,70,70,70,70,70,70,70,70,70,70,70,70,70,70,70],"relics":["Ring of the Snake","Golden Idol","Pen Nib","Ancient Tea Set","Sundial","The Specimen","Medical Kit"],"card_choices":[{"not_picked":["Leg Sweep","Bane"],"picked":"Sucker Punch"},{"not_picked":["Caltrops","Dodge and Roll"],"picked":"Deadly Poison"},{"not_picked":["Backflip","Reflex"],"picked":"Catalyst"},{"not_picked":["Dagger Throw","Accuracy"],"picked":"Cloak And Dagger"},{"not_picked":["Storm of Steel","Flechettes"],"picked":"Calculated Gamble"},{"not_picked":["Bullet Time","Unload"],"picked":"A Thousand Cuts"},{"not_picked":["Slice","Quick Slash"],"picked":"Catalyst"},{"not_picked":["All Out Attack","Quick Slash"],"picked":"Prepared"},{"not_picked":["Deflect","Accuracy"],"picked":"Dodge and Roll"}],"player_experience":88554,"potions_floor_usage":[13,13,16,18,21,24],"damage_taken":[{"damage":0,"enemies":"Cultist","floor":1,"turns":3},{"damage":0,"enemies":"2 Louse","floor":5,"turns":4},{"damage":22,"enemies":"3 Sentries","floor":6,"turns":7},{"damage":6,"enemies":"Blue Slaver","floor":10,"turns":5},{"damage":6,"enemies":"Exordium Wildlife","floor":12,"turns":4},{"damage":33,"enemies":"Gremlin Gang","floor":13,"turns":5},{"damage":0,"enemies":"2 Fungi Beasts","floor":14,"turns":3},{"damage":38,"enemies":"Slime Boss","floor":16,"turns":13},{"damage":15,"enemies":"2 Thieves","floor":18,"turns":4},{"damage":13,"enemies":"Spheric Guardian","floor":19,"turns":4},{"damage":12,"enemies":"Centurion and Healer","floor":21,"turns":7},{"damage":21,"enemies":"3 Cultists","floor":24,"turns":5},{"damage":33,"enemies":"Gremlin Leader","floor":25,"turns":6}],"event_choices":[{"event_name":"Golden Idol","player_choice":"Take Wound","floor":2,"damage_taken":0},{"event_name":"Match and Keep!","player_choice":"0 cards matched","floor":4,"damage_taken":0}],"boss_relics":[{"not_picked":["Sozu","Lizard Tail"],"picked":"The Specimen"}],"potions_floor_spawned":[1,6,12,16,18,21],"seed_played":"5315359037907129532","killed_by":"Gremlin Leader","ascension_level":0,"is_trial":false}