{"gold_per_floor":[111,111,111,36,46,74,74,91,91,266,297,312,312],"floor_reached":13,"playtime":364,"items_purged":["Regret"],"score":135,"play_id":"d097f242-6aea-458a-b6e6-92cf9268e8ad","local_time":"20180710000033","is_ascension_mode":true,"campfire_choices":[{"data":"Zap","floor":7,"key":"SMITH"}],"neow_cost":"","seed_source_timestamp":103580145624363,"circlet_count":0,"master_deck":["Strike_B","Strike_B","Strike_B","Strike_B+1","Defend_B","Defend_B","Defend_B","Defend_B","Zap+1","Dualcast+1","Sweeping Beam","Leap","Gash","Ball Lightning","Doubt","Rebound","Conserve Battery"],"relics":["Cracked Core","Art of War","Oddly Smooth Stone","Pantograph","Bronze Scales"],"potions_floor_usage":[6],"damage_taken":[{"damage":0,"enemies":"2 Louse","floor":1,"turns":2},{"damage":0,"enemies":"Small Slimes","floor":5,"turns":2},{"damage":19,"enemies":"Lagavulin","floor":6,"turns":7},{"damage":0,"enemies":"Cultist","floor":8,"turns":2},{"damage":26,"enemies":"Gremlin Nob","floor":11,"turns":4},{"damage":1,"enemies":"Looter","floor":12,"turns":3},{"damage":14,"enemies":"3 Sentries","floor":13,"turns":4}],"seed_played":"1499389044944193629","potions_obtained":[{"floor":5,"key":"Swift Potion"},{"floor":11,"key":"SmokeBomb"}],"is_trial":false,"path_per_floor":["M","?","?","$","M","E","R","M","T","?","E","M"],"character_chosen":"DEFECT","items_purchased":[],"campfire_rested":0,"item_purchase_floors":[],"current_hp_per_floor":[68,68,53,53,53,34,34,34,34,34,8,7,0],"gold":312,"neow_bonus":"","is_prod":false,"is_daily":false,"chose_seed":false,"campfire_upgraded":1,"win_rate":0,"timestamp":1531206033,"path_taken":["M","?","?","$","?","E","R","M","T","?","E","M","E"],"build_version":"2018-07-05","purchased_purges":1,"victory":false,"max_hp_per_floor":[75,75,75,75,75,75,75,75,75,75,75,75,75],"card_choices":[{"not_picked":["Cold Snap","Stack"],"picked":"Sweeping Beam","floor":1},{"not_picked":["Reinforced Body","Turbo"],"picked":"Leap","floor":5},{"not_picked":["Reinforced Body","Scrape"],"picked":"Gash","floor":6},{"not_picked":["Barrage","Heatsinks"],"picked":"Ball Lightning","floor":8},{"not_picked":["Compile Driver","Heatsinks"],"picked":"Rebound","floor":11},{"not_picked":["Ball Lightning","Hologram"],"picked":"Conserve Battery","floor":12}],"player_experience":285056,"relics_obtained":[{"floor":6,"key":"Oddly Smooth Stone"},{"floor":9,"key":"Pantograph"},{"floor":11,"key":"Bronze Scales"}],"event_choices":[{"event_name":"Big Fish","player_choice":"Box","floor":2,"damage_taken":0},{"event_name":"Shining Light","player_choice":"Entered Light","floor":3,"damage_taken":0},{"event_name":"Liars Game","player_choice":"agreed","floor":10,"damage_taken":0}],"boss_relics":[],"items_purged_floors":[4],"is_endless":false,"potions_floor_spawned":[5,11],"killed_by":"3 Sentries","ascension_level":9}