{"gold_per_floor":[116,116,116,134,147,179,190,190,264,264,290,302,302,321,321,422,422,437,472,13,13,0,0,30,30,30,42,59,79,79,79,79,182,182,196,2,224,235,248,283,283,298,371,399,399,399,281,309,309,309],"floor_reached":51,"playtime":21422,"items_purged":["Writhe"],"score":1142,"play_id":"396c4dc1-ca76-483a-b82c-7b1b28aacaeb","local_time":"20190407030804","is_ascension_mode":true,"campfire_choices":[{"floor":10.0,"key":"REST"},{"data":"Dualcast","floor":15.0,"key":"SMITH"},{"data":"Capacitor","floor":23.0,"key":"SMITH"},{"floor":30.0,"key":"REST"},{"data":"Conserve Battery","floor":32.0,"key":"SMITH"},{"data":"Glacier","floor":41.0,"key":"SMITH"},{"data":"Defragment","floor":49,"key":"SMITH"}],"neow_cost":"NONE","seed_source_timestamp":0,"circlet_count":0,"master_deck":["AscendersBane","Defend_B","Defend_B+1","Defend_B","Zap","Dualcast+1","Conserve Battery+1","Go for the Eyes+1","Hologram","Seek+1","Cold Snap","Self Repair","Echo Form","FTL","Coolheaded+1","Capacitor+1","Steam+1","Ball Lightning+1","Bite","Bite","Bite","Bite","Bite","Echo Form","Seek+1","Glacier+1","Chill+1","Glacier+1","Defragment+1"],"special_seed":0,"relics":["Cracked Core","Thread and Needle","Pear","War Paint","Sozu","Red Mask","Shuriken","ClockworkSouvenir","Lantern","Pen Nib","Dodecahedron","Black Star","DollysMirror","Dream Catcher","Potion Belt","The Courier","FossilizedHelix","Vajra","Bottled Flame","Toxic Egg 2","Bag of Preparation"],"potions_floor_usage":[50],"damage_taken":[{"damage":7.0,"enemies":"Small Slimes","floor":1.0,"turns":3.0},{"damage":0.0,"enemies":"2 Louse","floor":4.0,"turns":2.0},{"damage":0.0,"enemies":"Cultist","floor":5.0,"turns":4.0},{"damage":45.0,"enemies":"Gremlin Nob","floor":6.0,"turns":6.0},{"damage":7.0,"enemies":"3 Louse","floor":7.0,"turns":4.0},{"damage":0.0,"enemies":"Blue Slaver","floor":12.0,"turns":3.0},{"damage":2.0,"enemies":"Looter","floor":14.0,"turns":3.0},{"damage":48.0,"enemies":"Slime Boss","floor":16.0,"turns":14.0},{"damage":10.0,"enemies":"Shell Parasite","floor":18.0,"turns":7.0},{"damage":33.0,"enemies":"Masked Bandits","floor":19.0,"turns":7.0},{"damage":5.0,"enemies":"2 Thieves","floor":22.0,"turns":4.0},{"damage":47.0,"enemies":"Slavers","floor":24.0,"turns":10.0},{"damage":0.0,"enemies":"Shelled Parasite and Fungi","floor":27.0,"turns":8.0},{"damage":13.0,"enemies":"Centurion and Healer","floor":28.0,"turns":6.0},{"damage":7.0,"enemies":"Cultist and Chosen","floor":29.0,"turns":8.0},{"damage":18.0,"enemies":"Collector","floor":33.0,"turns":9.0},{"damage":2.0,"enemies":"3 Shapes","floor":35.0,"turns":7.0},{"damage":15.0,"enemies":"3 Darklings","floor":38.0,"turns":6.0},{"damage":0.0,"enemies":"Spire Growth","floor":39.0,"turns":5.0},{"damage":37.0,"enemies":"Nemesis","floor":40.0,"turns":11.0},{"damage":22.0,"enemies":"Sphere and 2 Shapes","floor":42.0,"turns":7.0},{"damage":0.0,"enemies":"Reptomancer","floor":44.0,"turns":10.0},{"damage":38,"enemies":"Nemesis","floor":48,"turns":11},{"damage":14,"enemies":"Time Eater","floor":50,"turns":14}],"seed_played":"6009824064381621551","potions_obtained":[{"floor":6.0,"key":"SpeedPotion"},{"floor":7.0,"key":"SteroidPotion"},{"floor":14.0,"key":"Poison Potion"},{"floor":16.0,"key":"LiquidBronze"}],"is_trial":false,"path_per_floor":["M","?","?","M","M","E","M","?","T","R","T","M","?","M","R","B",null,"M","?","$","?","M","R","E","?","T","M","M","M","R","?","R","B",null,"M","$","?","M","M","E","R","M","T","E","T","?","$","E","R","B",null],"character_chosen":"DEFECT","items_purchased":["Shuriken","ClockworkSouvenir","DollysMirror","Defragment"],"campfire_rested":2,"item_purchase_floors":[20,20,36,47],"current_hp_per_floor":[68,73,73,73,73,28,21,21,31,60,60,60,60,65,65,24,79,83,57,57,57,59,59,19,19,19,33,34,41,70,67,67,67,67,67,67,67,67,67,57,57,62,62,67,67,64,64,62,62,64],"gold":309,"neow_bonus":"TEN_PERCENT_HP_BONUS","is_prod":false,"is_daily":false,"chose_seed":false,"campfire_upgraded":5,"win_rate":0,"timestamp":1554624484,"path_taken":["M","?","?","?","M","E","M","?","T","R","?","M","?","M","R","BOSS","M","?","$","?","M","R","E","?","T","M","M","M","R","?","R","BOSS","M","$","?","M","M","E","R","M","T","E","?","?","$","E","R","BOSS"],"build_version":"2019-01-23","purchased_purges":1,"victory":true,"max_hp_per_floor":[82,87,87,87,87,87,87,87,97,97,97,97,97,97,97,97,97,97,97,97,97,97,97,97,97,97,97,97,97,97,67,67,67,67,67,67,67,67,67,67,67,67,67,67,67,64,64,64,64,64],"card_choices":[{"not_picked":["Leap","Rebound"],"picked":"Conserve Battery","floor":1.0},{"not_picked":["Leap","Steam Power"],"picked":"Go for the Eyes","floor":4.0},{"not_picked":["Beam Cell","Recycle"],"picked":"Hologram","floor":5.0},{"not_picked":["Conserve Battery","Cold Snap"],"picked":"Seek","floor":6.0},{"not_picked":["Gash","Melter"],"picked":"Cold Snap","floor":7.0},{"not_picked":["Compile Driver","Go for the Eyes"],"picked":"Self Repair","floor":12.0},{"not_picked":["Skim","Blizzard","Barrage"],"picked":"SKIP","floor":14.0},{"not_picked":["Biased Cognition","Core Surge"],"picked":"Echo Form","floor":16.0},{"not_picked":["Genetic Algorithm","Barrage"],"picked":"FTL","floor":18.0},{"not_picked":["Hologram","Loop"],"picked":"Coolheaded+1","floor":19.0},{"not_picked":["Reprogram","Scrape+1"],"picked":"Capacitor","floor":22.0},{"not_picked":["Meteor Strike","Go for the Eyes+1"],"picked":"Steam+1","floor":24.0},{"not_picked":["Go for the Eyes+1","Recycle"],"picked":"Ball Lightning+1","floor":27.0},{"not_picked":["Hyperbeam","Streamline","Beam Cell+1"],"picked":"SKIP","floor":28.0},{"not_picked":["Rebound","Hologram","Steam"],"picked":"SKIP","floor":29.0},{"not_picked":["Hyperbeam","Amplify"],"picked":"Echo Form","floor":33.0},{"not_picked":["Melter+1","Compile Driver+1","Turbo+1"],"picked":"SKIP","floor":35.0},{"not_picked":["Loop+1","Stack"],"picked":"Glacier","floor":38.0},{"not_picked":["Cold Snap","Static Discharge","Gash+1"],"picked":"SKIP","floor":39.0},{"not_picked":["Compile Driver+1","Meteor Strike"],"picked":"Chill+1","floor":40.0},{"not_picked":["Rebound+1","Sweeping Beam"],"picked":"Glacier+1","floor":42.0},{"not_picked":["Heatsinks","Sweeping Beam","Recycle+1"],"picked":"SKIP","floor":44},{"not_picked":["Scrape+1","Rebound+1","Streamline"],"picked":"SKIP","floor":48}],"player_experience":247347,"relics_obtained":[{"floor":6.0,"key":"Thread and Needle"},{"floor":9.0,"key":"Pear"},{"floor":11.0,"key":"War Paint"},{"floor":19.0,"key":"Red Mask"},{"floor":24.0,"key":"Pen Nib"},{"floor":26.0,"key":"Dodecahedron"},{"floor":40.0,"key":"Dream Catcher"},{"floor":40.0,"key":"Potion Belt"},{"floor":43.0,"key":"The Courier"},{"floor":44,"key":"FossilizedHelix"},{"floor":44,"key":"Vajra"},{"floor":45,"key":"Bottled Flame"},{"floor":48,"key":"Toxic Egg 2"},{"floor":48,"key":"Bag of Preparation"}],"event_choices":[{"damage_healed":0.0,"max_hp_gain":5.0,"max_hp_loss":0.0,"gold_gain":0.0,"event_name":"Big Fish","player_choice":"Donut","floor":2.0,"gold_loss":0.0,"damage_taken":0.0},{"cards_removed":["Defend_B"],"damage_healed":0.0,"max_hp_gain":0.0,"max_hp_loss":0.0,"gold_gain":0.0,"event_name":"Purifier","player_choice":"Purged","floor":3.0,"gold_loss":0.0,"damage_taken":0.0},{"damage_healed":0.0,"max_hp_gain":0.0,"max_hp_loss":0.0,"gold_gain":0.0,"event_name":"Scrap Ooze","player_choice":"Fled","floor":8.0,"gold_loss":0.0,"damage_taken":0.0},{"damage_healed":0.0,"max_hp_gain":0.0,"max_hp_loss":0.0,"gold_gain":0.0,"event_name":"Living Wall","player_choice":"Grow","floor":13.0,"gold_loss":0.0,"damage_taken":0.0,"cards_upgraded":["Go for the Eyes"]},{"damage_healed":0.0,"max_hp_gain":0.0,"max_hp_loss":0.0,"gold_gain":0.0,"event_name":"Masked Bandits","player_choice":"Fought Bandits","floor":19.0,"gold_loss":0.0,"damage_taken":0.0},{"damage_healed":0.0,"max_hp_gain":0.0,"max_hp_loss":0.0,"gold_gain":0.0,"event_name":"The Mausoleum","player_choice":"Opened","floor":21.0,"gold_loss":0.0,"damage_taken":0.0,"relics_obtained":["Lantern"],"cards_obtained":["Writhe"]},{"damage_healed":0.0,"max_hp_gain":0.0,"max_hp_loss":0.0,"gold_gain":0.0,"event_name":"Ghosts","player_choice":"Ignored","floor":25.0,"gold_loss":0.0,"damage_taken":0.0},{"damage_healed":0.0,"max_hp_gain":0.0,"max_hp_loss":30.0,"gold_gain":0.0,"event_name":"Vampires","player_choice":"Became a vampire","floor":31.0,"gold_loss":0.0,"damage_taken":0.0,"cards_obtained":["Bite","Bite","Bite","Bite","Bite"]},{"damage_healed":0.0,"max_hp_gain":0.0,"max_hp_loss":0.0,"gold_gain":222.0,"event_name":"Tomb of Lord Red Mask","player_choice":"Wore Mask","floor":37.0,"gold_loss":0.0,"damage_taken":0.0},{"damage_healed":0,"gold_gain":0,"player_choice":"Max HP","damage_taken":0,"max_hp_gain":0,"max_hp_loss":3,"event_name":"Winding Halls","floor":46,"gold_loss":0}],"is_beta":false,"boss_relics":[{"not_picked":["Ectoplasm","Philosopher\u0027s Stone"],"picked":"Sozu"},{"not_picked":["Inserter","Cursed Key"],"picked":"Black Star"}],"items_purged_floors":[47],"is_endless":false,"potions_floor_spawned":[6,7,14,16,19,27,29,38,40,42],"ascension_level":10}