{"gold_per_floor":[111,129,22,32,46,74,85,104,178,178,178,178,208,220,220,315,315,329,341,341,357,357,357,357,377,404,416,435,468,468,468,468,468],"floor_reached":33,"playtime":5665,"items_purged":[],"score":331,"play_id":"8938b338-7826-4222-b65e-ffcad4ab5d6c","local_time":"20190309133127","is_ascension_mode":false,"campfire_choices":[{"floor":10,"key":"REST"},{"floor":12,"key":"REST"},{"data":"Bouncing Flask","floor":15,"key":"SMITH"},{"data":"Riddle With Holes","floor":23,"key":"SMITH"},{"floor":32,"key":"REST"}],"neow_cost":"NONE","seed_source_timestamp":1218496561706,"circlet_count":0,"master_deck":["Defend_G","Defend_G","Defend_G","Defend_G","Defend_G","Strike_G","Strike_G","Strike_G","Strike_G","Survivor","Neutralize+1","Bouncing Flask+1","Terror+1","Footwork","Escape Plan","Finisher","Cloak And Dagger","Die Die Die","Riddle With Holes+1","Infinite Blades","Blade Dance","Quick Slash","Tools of the Trade","Dagger Spray","Endless Agony","RitualDagger","Dagger Spray+1","Ghostly","Ghostly","Ghostly","Ghostly+1","Ghostly","Pain","PiercingWail+1","All Out Attack+1","Noxious Fumes","Poisoned Stab+1","Bane"],"relics":["Ring of the Snake","Happy Flower","Paper Crane","Boot","Velvet Choker","WarpedTongs","Smiling Mask","Pocketwatch","War Paint"],"potions_floor_usage":[6,11,16,21,29],"damage_taken":[{"damage":0,"enemies":"Cultist","floor":1,"turns":5},{"damage":2,"enemies":"Jaw Worm","floor":2,"turns":4},{"damage":1,"enemies":"Small Slimes","floor":4,"turns":3},{"damage":9,"enemies":"2 Fungi Beasts","floor":5,"turns":4},{"damage":19,"enemies":"3 Sentries","floor":6,"turns":13},{"damage":5,"enemies":"3 Louse","floor":7,"turns":3},{"damage":2,"enemies":"Red Slaver","floor":8,"turns":3},{"damage":5,"enemies":"Lagavulin","floor":13,"turns":5},{"damage":4,"enemies":"Exordium Wildlife","floor":14,"turns":4},{"damage":27,"enemies":"The Guardian","floor":16,"turns":10},{"damage":16,"enemies":"Shell Parasite","floor":18,"turns":5},{"damage":6,"enemies":"Spheric Guardian","floor":19,"turns":3},{"damage":17,"enemies":"Centurion and Healer","floor":21,"turns":5},{"damage":9,"enemies":"Shelled Parasite and Fungi","floor":25,"turns":7},{"damage":4,"enemies":"3 Cultists","floor":27,"turns":4},{"damage":5,"enemies":"Centurion and Healer","floor":28,"turns":6},{"damage":11,"enemies":"Slavers","floor":29,"turns":5},{"damage":21,"enemies":"Automaton","floor":33,"turns":4}],"seed_played":"841433299435370525","potions_obtained":[{"floor":2,"key":"Weak Potion"},{"floor":6,"key":"Poison Potion"},{"floor":8,"key":"Regen Potion"},{"floor":11,"key":"Fruit Juice"},{"floor":11,"key":"FearPotion"},{"floor":16,"key":"GamblersBrew"},{"floor":19,"key":"SteroidPotion"},{"floor":27,"key":"Fire Potion"},{"floor":28,"key":"Explosive Potion"}],"is_trial":false,"path_per_floor":["$","M","?","M","?","?","?","M","T","?"],"character_chosen":"THE_SILENT","items_purchased":["Footwork","Escape Plan"],"campfire_rested":3,"item_purchase_floors":[3,3],"current_hp_per_floor":[70,68,68,67,58,39,34,32,32,53,58,75,70,66,66,39,75,59,53,47,44,37,37,37,28,28,24,19,8,8,8,19,0],"gold":468,"neow_bonus":"UPGRADE_CARD","is_prod":false,"is_daily":false,"chose_seed":false,"campfire_upgraded":2,"win_rate":0.0,"timestamp":1552134687,"path_taken":["M","M","?","M","M","E","M","?","T","R","?","R","E","?","R","BOSS","M","M","?","M","?","R","?","M","T","M","?","E","?","?","R","BOSS"],"build_version":"2019-01-23","purchased_purges":0,"victory":false,"max_hp_per_floor":[70,70,70,70,70,70,70,70,70,70,75,75,75,75,75,75,75,75,75,75,75,37,37,37,37,37,37,37,37,37,37,37,37],"card_choices":[{"not_picked":["Acrobatics","Caltrops"],"picked":"Bouncing Flask","floor":1},{"not_picked":["Slice","Outmaneuver"],"picked":"Terror","floor":2},{"not_picked":["Backflip","Terror"],"picked":"Finisher","floor":4},{"not_picked":["Dodge and Roll","Expertise"],"picked":"Cloak And Dagger","floor":5},{"not_picked":["Prepared","Deadly Poison"],"picked":"Die Die Die","floor":6},{"not_picked":["Cloak And Dagger","Slice"],"picked":"Riddle With Holes","floor":7},{"not_picked":["Poisoned Stab","Flying Knee"],"picked":"Infinite Blades","floor":8},{"not_picked":["Poisoned Stab","Eviscerate"],"picked":"Blade Dance","floor":13},{"not_picked":["Bouncing Flask","Dodge and Roll"],"picked":"Quick Slash","floor":14},{"not_picked":["Phantasmal Killer","Night Terror"],"picked":"Tools of the Trade","floor":16},{"not_picked":["Prepared","Dodge and Roll"],"picked":"Dagger Spray","floor":18},{"not_picked":["Slice","Blade Dance"],"picked":"Endless Agony","floor":19},{"not_picked":["Finisher","Quick Slash"],"picked":"Dagger Spray+1","floor":21},{"not_picked":["Acrobatics+1","Flying Knee+1"],"picked":"PiercingWail+1","floor":25},{"not_picked":["Dodge and Roll+1","Dagger Spray"],"picked":"All Out Attack+1","floor":27},{"not_picked":["Poisoned Stab","Prepared"],"picked":"Noxious Fumes","floor":28},{"not_picked":["Flying Knee","Doppelganger"],"picked":"Poisoned Stab+1","floor":29}],"player_experience":30158,"relics_obtained":[{"floor":6,"key":"Happy Flower"},{"floor":9,"key":"Paper Crane"},{"floor":13,"key":"Boot"},{"floor":26,"key":"Smiling Mask"},{"floor":29,"key":"Pocketwatch"},{"floor":30,"key":"War Paint"}],"event_choices":[{"damage_healed":0,"gold_gain":0,"player_choice":"Got Potions","damage_taken":0,"max_hp_gain":0,"max_hp_loss":0,"event_name":"Lab","floor":11,"gold_loss":0},{"damage_healed":0,"gold_gain":0,"player_choice":"Joined the Cult","damage_taken":6,"max_hp_gain":0,"max_hp_loss":0,"event_name":"Nest","floor":20,"gold_loss":0,"cards_obtained":["RitualDagger"]},{"damage_healed":0,"gold_gain":0,"player_choice":"Became a Ghost","damage_taken":0,"max_hp_gain":0,"max_hp_loss":38,"event_name":"Ghosts","floor":22,"gold_loss":0,"cards_obtained":["Ghostly","Ghostly","Ghostly","Ghostly","Ghostly"]},{"damage_healed":0,"gold_gain":0,"player_choice":"Rummage","damage_taken":0,"relics_obtained":["WarpedTongs"],"max_hp_gain":0,"max_hp_loss":0,"event_name":"Accursed Blacksmith","floor":24,"gold_loss":0,"cards_obtained":["Pain"]},{"damage_healed":0,"gold_gain":0,"cards_transformed":["Strike_G"],"player_choice":"Transformed","damage_taken":0,"max_hp_gain":0,"max_hp_loss":0,"event_name":"Transmorgrifier","floor":31,"gold_loss":0,"cards_obtained":["Bane"]}],"is_beta":false,"boss_relics":[{"not_picked":["Philosopher\u0027s Stone","Tiny House"],"picked":"Velvet Choker"}],"items_purged_floors":[],"is_endless":false,"potions_floor_spawned":[2,6,8,14,16,18,19,27,28],"killed_by":"Automaton","ascension_level":0}