{"gold_per_floor":[114,114,124,124,134,134,165,165,165,165,165,176,176,186,186,264,264,276,276,201,212,212,212,212,230,256,256],"floor_reached":27,"playtime":1074,"items_purged":[],"score":405,"play_id":"bedbe3ae-5648-47c9-a0e6-7daad09ada86","local_time":"20190315130138","is_ascension_mode":true,"campfire_choices":[{"data":"Redo","floor":6.0,"key":"SMITH"},{"floor":8.0,"key":"DIG"},{"floor":15.0,"key":"DIG"},{"data":"Defragment","floor":23,"key":"SMITH"}],"neow_cost":"NONE","seed_source_timestamp":0,"circlet_count":0,"master_deck":["AscendersBane","Zap","Dualcast","Coolheaded","Zap","Machine Learning","Steam Power","Redo+1","Rainbow","Coolheaded","Glacier","Coolheaded","Seek","Coolheaded","Zap","Genetic Algorithm","Creative AI","Cold Snap","Creative AI","Machine Learning","Lockon","Storm","Chaos","Capacitor","Defragment+1","Writhe","Coolheaded"],"special_seed":0,"relics":["Cracked Core","NeowsBlessing","Shovel","Oddly Smooth Stone","Torii","Pantograph","StoneCalendar","Pandora\u0027s Box","Mango","The Courier","Regal Pillow"],"potions_floor_usage":[],"damage_taken":[{"damage":0.0,"enemies":"2 Louse","floor":1.0,"turns":1.0},{"damage":0.0,"enemies":"Cultist","floor":3.0,"turns":1.0},{"damage":0.0,"enemies":"Small Slimes","floor":5.0,"turns":1.0},{"damage":17.0,"enemies":"3 Sentries","floor":7.0,"turns":8.0},{"damage":9.0,"enemies":"3 Louse","floor":12.0,"turns":4.0},{"damage":1.0,"enemies":"Looter","floor":14.0,"turns":4.0},{"damage":46.0,"enemies":"The Guardian","floor":16.0,"turns":15.0},{"damage":7,"enemies":"Spheric Guardian","floor":18,"turns":7},{"damage":36,"enemies":"3 Byrds","floor":21,"turns":7},{"damage":26,"enemies":"Centurion and Healer","floor":25,"turns":8},{"damage":0,"enemies":"Book of Stabbing","floor":27,"turns":1}],"seed_played":"340556132102905945","potions_obtained":[{"floor":3.0,"key":"Regen Potion"},{"floor":5.0,"key":"EssenceOfSteel"},{"floor":12.0,"key":"Weak Potion"},{"floor":18,"key":"SteroidPotion"}],"is_trial":false,"path_per_floor":["M","?","M","?","M","R","E","R","T","?","T","M","?","M","R","B",null,"M","?","?","M","T","R","?","M","T","E"],"character_chosen":"DEFECT","items_purchased":[],"campfire_rested":0,"item_purchase_floors":[],"current_hp_per_floor":[64,64,64,64,64,64,47,47,47,47,47,38,38,46,46,25,60,53,53,53,17,31,31,31,5,5,5],"gold":256,"neow_bonus":"THREE_ENEMY_KILL","is_prod":false,"is_daily":false,"chose_seed":false,"campfire_upgraded":2,"win_rate":0,"timestamp":1552672898,"path_taken":["M","?","?","?","M","R","E","R","T","?","?","?","?","M","R","BOSS","M","?","?","M","?","R","?","M","T","E"],"build_version":"2019-01-23","purchased_purges":0,"victory":false,"max_hp_per_floor":[71,71,71,71,71,71,71,71,71,71,71,71,71,71,71,71,71,71,71,71,71,85,85,85,85,85,85],"card_choices":[{"not_picked":["Beam Cell","Compile Driver"],"picked":"Coolheaded","floor":1.0},{"not_picked":["Steam","Compile Driver"],"picked":"Redo","floor":3.0},{"not_picked":["Leap","Streamline"],"picked":"Coolheaded","floor":5.0},{"not_picked":["Steam","Scrape"],"picked":"Glacier","floor":7.0},{"not_picked":["Doom and Gloom","Redo"],"picked":"Coolheaded","floor":12.0},{"not_picked":["Sweeping Beam","Sunder"],"picked":"Genetic Algorithm","floor":14.0},{"not_picked":["Core Surge","All For One"],"picked":"Creative AI","floor":16.0},{"not_picked":["Compile Driver","Barrage","Beam Cell"],"picked":"SKIP","floor":18},{"not_picked":["Sweeping Beam","Rebound"],"picked":"Defragment","floor":21},{"not_picked":["Redo","Hologram"],"picked":"Coolheaded","floor":25}],"player_experience":727235,"relics_obtained":[{"floor":7.0,"key":"Shovel"},{"floor":8.0,"key":"Oddly Smooth Stone"},{"floor":9.0,"key":"Torii"},{"floor":11.0,"key":"Pantograph"},{"floor":15.0,"key":"StoneCalendar"},{"floor":22,"key":"Mango"},{"floor":26,"key":"Regal Pillow"}],"event_choices":[{"damage_healed":0.0,"max_hp_gain":0.0,"max_hp_loss":0.0,"gold_gain":0.0,"event_name":"Match and Keep!","player_choice":"3 cards matched","floor":2.0,"gold_loss":0.0,"damage_taken":0.0,"cards_obtained":["Zap","Machine Learning","Steam Power"]},{"damage_healed":0.0,"max_hp_gain":0.0,"max_hp_loss":0.0,"gold_gain":0.0,"cards_transformed":["Strike_B"],"event_name":"Living Wall","player_choice":"Change","floor":4.0,"gold_loss":0.0,"damage_taken":0.0,"cards_obtained":["Rainbow"]},{"damage_healed":0.0,"max_hp_gain":0.0,"max_hp_loss":0.0,"gold_gain":0.0,"event_name":"Scrap Ooze","player_choice":"Fled","floor":10.0,"gold_loss":0.0,"damage_taken":0.0},{"damage_healed":0.0,"max_hp_gain":0.0,"max_hp_loss":0.0,"gold_gain":0.0,"event_name":"Match and Keep!","player_choice":"3 cards matched","floor":13.0,"gold_loss":0.0,"damage_taken":0.0,"cards_obtained":["Seek","Coolheaded","Zap"]},{"damage_healed":0,"gold_gain":0,"player_choice":"Read","damage_taken":0,"max_hp_gain":0,"max_hp_loss":0,"event_name":"The Library","floor":19,"gold_loss":0,"cards_obtained":["Capacitor"]},{"cards_removed":["Creative AI"],"damage_healed":0,"gold_gain":0,"player_choice":"Gave Gold","damage_taken":0,"max_hp_gain":0,"max_hp_loss":0,"event_name":"Beggar","floor":20,"gold_loss":75},{"damage_healed":0,"gold_gain":0,"player_choice":"Opened","damage_taken":0,"relics_obtained":["The Courier"],"max_hp_gain":0,"max_hp_loss":0,"event_name":"The Mausoleum","floor":24,"gold_loss":0,"cards_obtained":["Writhe"]}],"is_beta":false,"boss_relics":[{"not_picked":["Calling Bell","Runic Dome"],"picked":"Pandora\u0027s Box"}],"items_purged_floors":[],"is_endless":false,"potions_floor_spawned":[3,5,12,18],"killed_by":"Book of Stabbing","ascension_level":16}