{"gold_per_floor":[118,118,132,132,57,57,85,85,85,95,114,128,156,156,156,252,252,269,184,214,229,252,252,284,296,346,361,14,14,29,29,29,128,128,148,196,71,71,71,71,89,119,144,144,76,76,76,91,91,91],"floor_reached":50,"playtime":4855,"items_purged":["Defend_G","Strike_G"],"score":596,"play_id":"2cd02b80-c2f1-4c4e-b50a-7642eddb2011","local_time":"20190406212049","is_ascension_mode":false,"campfire_choices":[{"data":"Flying Knee","floor":6,"key":"SMITH"},{"data":"Dagger Throw","floor":8,"key":"SMITH"},{"data":"PiercingWail","floor":15,"key":"SMITH"},{"data":"Doppelganger","floor":23,"key":"SMITH"},{"data":"Accuracy","floor":29,"key":"SMITH"},{"data":"Blade Dance","floor":32,"key":"SMITH"},{"data":"1","floor":40,"key":"LIFT"},{"data":"2","floor":44,"key":"LIFT"},{"data":"3","floor":47,"key":"LIFT"},{"data":"Infinite Blades","floor":49,"key":"SMITH"}],"neow_cost":"TEN_PERCENT_HP_LOSS","seed_source_timestamp":6606656196464930,"circlet_count":0,"master_deck":["Defend_G","Defend_G","Strike_G","Strike_G","Strike_G","Strike_G","Survivor","Neutralize","Flying Knee+1","Accuracy+1","Dagger Throw+1","Dagger Throw","Prepared","Underhanded Strike+1","PiercingWail+1","Doppelganger+1","Blade Dance+1","Dagger Throw+1","Dagger Spray+1","Flying Knee+1","Adrenaline","Flying Knee+1","Infinite Blades+1","Slice+1","Trip","Endless Agony+1","All Out Attack+1","Backstab+1","Flying Knee+1"],"relics":["Ring of the Snake","FossilizedHelix","Thread and Needle","Meat on the Bone","Molten Egg 2","Runic Pyramid","Centennial Puzzle","Tiny Chest","Bag of Marbles","Happy Flower","PreservedInsect","Bottled Tornado","WristBlade","Girya","Bronze Scales","Dream Catcher"],"potions_floor_usage":[16,16,33,33,35,42,50,50],"damage_taken":[{"damage":0,"enemies":"Small Slimes","floor":1,"turns":3},{"damage":0,"enemies":"2 Louse","floor":3,"turns":3},{"damage":24,"enemies":"Lagavulin","floor":7,"turns":8},{"damage":0,"enemies":"Cultist","floor":10,"turns":4},{"damage":0,"enemies":"2 Fungi Beasts","floor":11,"turns":3},{"damage":0,"enemies":"3 Louse","floor":12,"turns":2},{"damage":6,"enemies":"3 Sentries","floor":13,"turns":8},{"damage":17,"enemies":"Slime Boss","floor":16,"turns":11},{"damage":0,"enemies":"Chosen","floor":18,"turns":3},{"damage":3,"enemies":"2 Thieves","floor":21,"turns":3},{"damage":6,"enemies":"Book of Stabbing","floor":24,"turns":4},{"damage":0,"enemies":"3 Cultists","floor":25,"turns":4},{"damage":30,"enemies":"Shelled Parasite and Fungi","floor":27,"turns":3},{"damage":0,"enemies":"Centurion and Healer","floor":30,"turns":4},{"damage":0,"enemies":"Automaton","floor":33,"turns":8},{"damage":0,"enemies":"3 Darklings","floor":35,"turns":3},{"damage":17,"enemies":"2 Orb Walkers","floor":36,"turns":4},{"damage":0,"enemies":"Orb Walker","floor":41,"turns":3},{"damage":0,"enemies":"Nemesis","floor":42,"turns":3},{"damage":0,"enemies":"3 Darklings","floor":48,"turns":2},{"damage":48,"enemies":"Time Eater","floor":50,"turns":6}],"seed_played":"-5592968243886379227","potions_obtained":[{"floor":7,"key":"FearPotion"},{"floor":11,"key":"Regen Potion"},{"floor":12,"key":"PowerPotion"},{"floor":16,"key":"EssenceOfSteel"},{"floor":18,"key":"GhostInAJar"},{"floor":30,"key":"SteroidPotion"},{"floor":36,"key":"Swift Potion"},{"floor":42,"key":"SkillPotion"},{"floor":48,"key":"Block Potion"}],"is_trial":false,"path_per_floor":["M","?","M","?","$","R","E","R","T","M","M","M","E","?","R","B",null,"M","?","?","M","T","R","E","M","T","M","$","R","M","$","R","B",null,"M","?","$","?","$","R","M","E","T","R","$","?","R","M","R","B"],"character_chosen":"THE_SILENT","items_purchased":["Bottled Tornado","Infinite Blades","Slice+1","Backstab+1"],"campfire_rested":0,"item_purchase_floors":[28,37,37,45],"current_hp_per_floor":[63,56,56,56,56,56,32,32,32,32,32,32,38,38,38,36,63,63,63,63,60,60,60,54,54,54,36,36,36,36,36,36,36,63,63,46,46,46,46,46,46,46,46,46,46,46,46,46,46,0],"gold":91,"neow_bonus":"ONE_RARE_RELIC","is_prod":false,"is_daily":false,"chose_seed":false,"campfire_upgraded":7,"win_rate":0,"timestamp":1554600049,"path_taken":["M","?","M","?","$","R","E","R","T","?","M","M","E","?","R","BOSS","M","?","?","M","?","R","E","?","T","M","$","R","M","$","R","BOSS","M","?","$","?","?","R","M","E","T","R","?","?","R","M","R","BOSS"],"build_version":"2019-01-23","purchased_purges":2,"victory":false,"max_hp_per_floor":[63,63,63,63,63,63,63,63,63,63,63,63,63,63,63,63,63,63,63,63,63,63,63,63,63,63,63,63,63,63,63,63,63,63,63,63,63,63,63,63,63,63,63,63,63,63,63,63,63,63],"card_choices":[{"not_picked":["Quick Slash","Backflip"],"picked":"Flying Knee","floor":1},{"not_picked":["Predator","Reflex"],"picked":"Accuracy","floor":3},{"not_picked":["Corpse Explosion","Dodge and Roll"],"picked":"Dagger Throw","floor":7},{"not_picked":["PiercingWail","Cloak And Dagger"],"picked":"Dagger Throw","floor":10},{"not_picked":["Deadly Poison","Distraction","Skewer"],"picked":"SKIP","floor":11},{"not_picked":["Bane","Expertise"],"picked":"Prepared","floor":12},{"not_picked":["Sucker Punch","Outmaneuver"],"picked":"Underhanded Strike","floor":13},{"not_picked":["Malaise","Wraith Form v2"],"picked":"Doppelganger","floor":16},{"not_picked":["Deadly Poison+1","Dagger Spray+1"],"picked":"Blade Dance","floor":18},{"not_picked":["PiercingWail+1","Backflip"],"picked":"Dagger Throw+1","floor":21},{"not_picked":["PiercingWail+1","Calculated Gamble"],"picked":"Dagger Spray+1","floor":24},{"not_picked":["PiercingWail","Leg Sweep","Bane+1"],"picked":"SKIP","floor":25},{"not_picked":["Bane+1","PiercingWail+1","Crippling Poison"],"picked":"SKIP","floor":27},{"not_picked":["Predator+1","Bane+1"],"picked":"Flying Knee+1","floor":30},{"not_picked":["A Thousand Cuts","Unload+1"],"picked":"Adrenaline","floor":33},{"not_picked":["Footwork+1","Dodge and Roll"],"picked":"Flying Knee+1","floor":35},{"not_picked":["Apotheosis","Jack Of All Trades"],"picked":"Trip","floor":38},{"not_picked":["Leg Sweep","Dash+1"],"picked":"Endless Agony+1","floor":41},{"not_picked":["Acrobatics","Backflip+1"],"picked":"All Out Attack+1","floor":42},{"not_picked":["Deflect+1","Outmaneuver"],"picked":"Flying Knee+1","floor":48}],"player_experience":175438,"relics_obtained":[{"floor":7,"key":"Thread and Needle"},{"floor":9,"key":"Meat on the Bone"},{"floor":13,"key":"Molten Egg 2"},{"floor":22,"key":"Bag of Marbles"},{"floor":24,"key":"Happy Flower"},{"floor":26,"key":"PreservedInsect"},{"floor":36,"key":"Girya"},{"floor":42,"key":"Bronze Scales"},{"floor":43,"key":"Dream Catcher"}],"event_choices":[{"cards_removed":["Defend_G"],"damage_healed":0,"gold_gain":0,"player_choice":"Card Removal","damage_taken":7,"max_hp_gain":0,"max_hp_loss":0,"event_name":"Golden Wing","floor":2,"gold_loss":0},{"damage_healed":0,"gold_gain":0,"player_choice":"Ignored","damage_taken":0,"max_hp_gain":0,"max_hp_loss":0,"event_name":"NoteForYourself","floor":4,"gold_loss":0},{"damage_healed":0,"gold_gain":0,"cards_transformed":["Defend_G"],"player_choice":"Change","damage_taken":0,"max_hp_gain":0,"max_hp_loss":0,"event_name":"Living Wall","floor":14,"gold_loss":0,"cards_obtained":["PiercingWail"]},{"damage_healed":0,"gold_gain":0,"player_choice":"Obtained Relic","damage_taken":0,"relics_obtained":["Centennial Puzzle"],"max_hp_gain":0,"max_hp_loss":0,"event_name":"Addict","floor":19,"gold_loss":85},{"damage_healed":0,"gold_gain":0,"player_choice":"Opened","damage_taken":0,"relics_obtained":["Tiny Chest"],"max_hp_gain":0,"max_hp_loss":0,"event_name":"The Mausoleum","floor":20,"gold_loss":0},{"damage_healed":0,"gold_gain":0,"player_choice":"Fight","damage_taken":0,"max_hp_gain":0,"max_hp_loss":0,"event_name":"Mysterious Sphere","floor":36,"gold_loss":0},{"damage_healed":0,"gold_gain":0,"player_choice":"Memory 1","damage_taken":0,"max_hp_gain":0,"max_hp_loss":0,"event_name":"SensoryStone","floor":38,"gold_loss":0},{"damage_healed":0,"gold_gain":0,"player_choice":"Ignored","damage_taken":0,"max_hp_gain":0,"max_hp_loss":0,"event_name":"SecretPortal","floor":46,"gold_loss":0}],"is_beta":false,"boss_relics":[{"not_picked":["Orrery","Calling Bell"],"picked":"Runic Pyramid"},{"not_picked":["Cursed Key","Coffee Dripper"],"picked":"WristBlade"}],"items_purged_floors":[5,28],"is_endless":false,"potions_floor_spawned":[7,11,12,13,16,18,24,30,36,42,48],"killed_by":"Time Eater","ascension_level":0}