{"gold_per_floor":[113,113,130,143,157,157,186,186,210,210,237,257,257,271,271,372,372,392,16,29,29,29,29,57,57,139,139,198,198,198,63,63,63],"floor_reached":33,"playtime":1355,"items_purged":["Poisoned Stab","Backstab"],"score":308,"play_id":"10f3e165-ca5b-4dd7-a666-9f70cc9df31c","local_time":"20190130140602","is_ascension_mode":true,"campfire_choices":[{"data":"A Thousand Cuts","floor":6,"key":"SMITH"},{"data":"Blade Dance","floor":8,"key":"SMITH"},{"floor":10,"key":"REST"},{"floor":13,"key":"REST"},{"floor":15,"key":"REST"},{"floor":23,"key":"REST"},{"floor":25,"key":"REST"},{"data":"Storm of Steel","floor":27,"key":"SMITH"},{"floor":30,"key":"REST"},{"floor":32,"key":"REST"}],"neow_cost":"NONE","seed_source_timestamp":84706150414912,"circlet_count":0,"master_deck":["Survivor","Neutralize","Deadly Poison","A Thousand Cuts+1","Panacea","Expertise","Blade Dance+1","Well Laid Plans","Dodge and Roll","Dagger Throw","Blade Dance","Noxious Fumes","Storm of Steel+1","Deadly Poison","Calculated Gamble","Infinite Blades","Endless Agony","Poisoned Stab","Die Die Die","Quick Slash","Reflex","Calculated Gamble","Concentrate","Accuracy","Infinite Blades"],"relics":["Ring of the Snake","NeowsBlessing","Omamori","Centennial Puzzle","Oddly Smooth Stone","Pandora\u0027s Box","PreservedInsect","Juzu Bracelet","Toxic Egg 2","Singing Bowl","Tiny Chest","FossilizedHelix"],"potions_floor_usage":[5,11,12,16,21,24,33],"damage_taken":[{"damage":0,"enemies":"2 Louse","floor":1,"turns":1},{"damage":0,"enemies":"Cultist","floor":3,"turns":1},{"damage":0,"enemies":"Jaw Worm","floor":4,"turns":1},{"damage":10,"enemies":"Looter","floor":5,"turns":2},{"damage":28,"enemies":"3 Sentries","floor":7,"turns":5},{"damage":19,"enemies":"Lagavulin","floor":11,"turns":5},{"damage":8,"enemies":"Exordium Thugs","floor":12,"turns":3},{"damage":6,"enemies":"Blue Slaver","floor":14,"turns":3},{"damage":39,"enemies":"Hexaghost","floor":16,"turns":10},{"damage":25,"enemies":"Shell Parasite","floor":18,"turns":4},{"damage":12,"enemies":"Chosen","floor":20,"turns":4},{"damage":0,"enemies":"Snecko","floor":21,"turns":1},{"damage":35,"enemies":"Book of Stabbing","floor":24,"turns":4},{"damage":31,"enemies":"Gremlin Leader","floor":28,"turns":4},{"damage":72,"enemies":"Champ","floor":33,"turns":6}],"seed_played":"4365784853333795211","potions_obtained":[{"floor":1,"key":"SteroidPotion"},{"floor":5,"key":"Energy Potion"},{"floor":11,"key":"Explosive Potion"},{"floor":12,"key":"SmokeBomb"},{"floor":14,"key":"EssenceOfSteel"},{"floor":18,"key":"Weak Potion"},{"floor":28,"key":"Poison Potion"}],"is_trial":false,"path_per_floor":["M","?","M","M","M","R","E","R","T","R","E","M","R","M","R","B",null,"M","$","M","M","?","R","E","R","T","R","E","T","R","$","R","B"],"character_chosen":"THE_SILENT","items_purchased":["PreservedInsect","Juzu Bracelet","Infinite Blades"],"campfire_rested":7,"item_purchase_floors":[19,19,31],"current_hp_per_floor":[70,70,70,70,60,60,32,32,32,53,34,26,47,41,62,23,70,45,45,33,33,33,54,19,40,40,40,9,9,30,30,51,0],"gold":63,"neow_bonus":"THREE_ENEMY_KILL","is_prod":false,"is_daily":false,"chose_seed":false,"campfire_upgraded":3,"win_rate":0,"timestamp":1548878762,"path_taken":["M","?","M","?","?","R","E","R","T","R","E","M","R","M","R","BOSS","M","$","M","M","?","R","E","R","T","R","E","?","R","$","R","BOSS"],"build_version":"2019-01-23","purchased_purges":2,"victory":false,"max_hp_per_floor":[70,70,70,70,70,70,70,70,70,70,70,70,70,70,70,70,70,70,70,70,70,70,70,70,70,70,70,70,70,70,70,70,70],"card_choices":[{"not_picked":["Footwork","Prepared"],"picked":"Deadly Poison","floor":1},{"not_picked":["PiercingWail","Slice"],"picked":"Expertise","floor":3},{"not_picked":["Dagger Throw","Sucker Punch"],"picked":"Blade Dance","floor":4},{"not_picked":["Footwork","Terror"],"picked":"Well Laid Plans","floor":5},{"not_picked":["Reflex","Unload"],"picked":"Dodge and Roll","floor":7},{"not_picked":["Poisoned Stab","Crippling Poison"],"picked":"Dagger Throw","floor":11},{"not_picked":["Deflect","Endless Agony"],"picked":"Blade Dance","floor":12},{"not_picked":["Backflip","Predator"],"picked":"Noxious Fumes","floor":14},{"not_picked":["A Thousand Cuts","Die Die Die"],"picked":"Storm of Steel","floor":16},{"not_picked":["Deadly Poison+1","Dagger Throw","Tactician+1"],"picked":"SKIP","floor":18},{"not_picked":["Slice","Backstab"],"picked":"Calculated Gamble","floor":20},{"not_picked":["Terror","Flechettes","Footwork"],"picked":"SKIP","floor":24},{"not_picked":["Backflip+1","Underhanded Strike"],"picked":"Accuracy","floor":28}],"player_experience":423899,"relics_obtained":[{"floor":7,"key":"Omamori"},{"floor":9,"key":"Centennial Puzzle"},{"floor":11,"key":"Oddly Smooth Stone"},{"floor":24,"key":"Toxic Egg 2"},{"floor":26,"key":"Singing Bowl"},{"floor":28,"key":"Tiny Chest"},{"floor":29,"key":"FossilizedHelix"}],"event_choices":[{"damage_healed":0,"gold_gain":0,"player_choice":"2 cards matched","damage_taken":0,"max_hp_gain":0,"max_hp_loss":0,"event_name":"Match and Keep!","floor":2,"gold_loss":0,"cards_obtained":["A Thousand Cuts","Panacea"]},{"damage_healed":0,"gold_gain":0,"player_choice":"Read","damage_taken":0,"max_hp_gain":0,"max_hp_loss":0,"event_name":"The Library","floor":22,"gold_loss":0,"cards_obtained":["Concentrate"]}],"is_beta":false,"boss_relics":[{"not_picked":["Lizard Tail","Astrolabe"],"picked":"Pandora\u0027s Box"}],"items_purged_floors":[19,31],"is_endless":false,"potions_floor_spawned":[1,5,11,12,14,18,21,28],"killed_by":"Champ","ascension_level":1}