{"gold_per_floor":[111,129,144,154,154,189,189,218,218,230,244,275,275,287,287,382,382,396,496,516,531,613,647,647,647],"floor_reached":25,"playtime":2945,"items_purged":[],"score":331,"play_id":"e8fda80b-cfdd-4af5-b9ae-f94fc37d79ae","local_time":"20190331222033","is_ascension_mode":true,"campfire_choices":[{"data":"Anger","floor":7,"key":"SMITH"},{"data":"True Grit","floor":13,"key":"SMITH"},{"data":"Disarm","floor":15,"key":"SMITH"},{"data":"Battle Trance","floor":24,"key":"SMITH"}],"neow_cost":"NONE","seed_source_timestamp":116652517445418,"circlet_count":0,"master_deck":["Strike_R","Strike_R","Strike_R","Strike_R","Strike_R","Defend_R","Defend_R","Defend_R","Defend_R","Bash","Anger+1","Pommel Strike","True Grit+1","Feel No Pain","Pain","Disarm+1","Offering","Battle Trance+1","Impervious","Exhume","Shrug It Off+1","Feel No Pain"],"relics":["Burning Blood","WarpedTongs","Singing Bowl","Lantern","Dream Catcher","Self Forming Clay","Philosopher\u0027s Stone","Pantograph"],"potions_floor_usage":[6,8,12,16,20,20,21,21],"damage_taken":[{"damage":4,"enemies":"Small Slimes","floor":1,"turns":4},{"damage":0,"enemies":"Cultist","floor":2,"turns":4},{"damage":2,"enemies":"Jaw Worm","floor":3,"turns":3},{"damage":1,"enemies":"Looter","floor":4,"turns":4},{"damage":12,"enemies":"Lagavulin","floor":6,"turns":6},{"damage":13,"enemies":"3 Sentries","floor":8,"turns":8},{"damage":15,"enemies":"Gremlin Gang","floor":10,"turns":3},{"damage":7,"enemies":"Blue Slaver","floor":11,"turns":2},{"damage":23,"enemies":"Lagavulin","floor":12,"turns":5},{"damage":4,"enemies":"Looter","floor":14,"turns":3},{"damage":24,"enemies":"Hexaghost","floor":16,"turns":8},{"damage":16,"enemies":"Shell Parasite","floor":18,"turns":6},{"damage":9,"enemies":"3 Byrds","floor":20,"turns":5},{"damage":23,"enemies":"Snecko","floor":21,"turns":4},{"damage":21,"enemies":"Gremlin Leader","floor":23,"turns":8},{"damage":49,"enemies":"Slavers","floor":25,"turns":7}],"seed_played":"-8108208068363578770","potions_obtained":[{"floor":1,"key":"Dexterity Potion"},{"floor":6,"key":"SkillPotion"},{"floor":8,"key":"Dexterity Potion"},{"floor":10,"key":"Explosive Potion"},{"floor":11,"key":"Swift Potion"},{"floor":14,"key":"FearPotion"},{"floor":18,"key":"AttackPotion"},{"floor":20,"key":"SteroidPotion"}],"is_trial":false,"path_per_floor":["M","M","M","M","?","E","R","E","T","M","M","E","R","M","R","B",null,"M","?","M","M","T","E","R","E"],"character_chosen":"IRONCLAD","items_purchased":[],"campfire_rested":0,"item_purchase_floors":[],"current_hp_per_floor":[88,88,88,88,88,82,82,75,75,66,67,52,52,54,54,36,78,70,70,67,50,50,37,37,0],"gold":647,"neow_bonus":"TEN_PERCENT_HP_BONUS","is_prod":false,"is_daily":false,"chose_seed":false,"campfire_upgraded":4,"win_rate":0,"timestamp":1554096033,"path_taken":["M","M","M","M","?","E","R","E","T","?","M","E","R","M","R","BOSS","M","?","?","?","?","E","R","E"],"build_version":"2019-01-23","purchased_purges":0,"victory":false,"max_hp_per_floor":[88,88,88,88,88,88,88,88,88,88,90,92,92,92,92,92,92,94,94,94,94,94,96,96,96],"card_choices":[{"not_picked":["Sentinel","Armaments"],"picked":"Anger","floor":1},{"not_picked":["Headbutt","Searing Blow"],"picked":"Pommel Strike","floor":2},{"not_picked":["Fire Breathing","Reckless Charge"],"picked":"True Grit","floor":3},{"not_picked":["Pummel","Hemokinesis"],"picked":"Feel No Pain","floor":4},{"not_picked":["Thunderclap","Sever Soul"],"picked":"Disarm","floor":6},{"not_picked":["Corruption","Heavy Blade"],"picked":"Offering","floor":8},{"not_picked":["Flex","Clothesline"],"picked":"Battle Trance","floor":10},{"not_picked":["Perfected Strike","Pommel Strike","Clothesline"],"picked":"Singing Bowl","floor":11},{"not_picked":["Twin Strike","Carnage","Havoc"],"picked":"Singing Bowl","floor":12},{"not_picked":["Burning Pact","Combust"],"picked":"Impervious","floor":14},{"not_picked":["Barricade","Reaper"],"picked":"Exhume","floor":16},{"not_picked":["Thunderclap","Shockwave","Whirlwind"],"picked":"Singing Bowl","floor":18},{"not_picked":["Heavy Blade+1","Reckless Charge"],"picked":"Shrug It Off+1","floor":20},{"not_picked":["Twin Strike","Intimidate"],"picked":"Feel No Pain","floor":21},{"not_picked":["Twin Strike+1","Sentinel","Sever Soul"],"picked":"Singing Bowl","floor":23}],"player_experience":239987,"relics_obtained":[{"floor":6,"key":"Singing Bowl"},{"floor":8,"key":"Lantern"},{"floor":9,"key":"Dream Catcher"},{"floor":12,"key":"Self Forming Clay"},{"floor":23,"key":"Pantograph"}],"event_choices":[{"damage_healed":0,"gold_gain":0,"player_choice":"Rummage","damage_taken":0,"relics_obtained":["WarpedTongs"],"max_hp_gain":0,"max_hp_loss":0,"event_name":"Accursed Blacksmith","floor":5,"gold_loss":0,"cards_obtained":["Pain"]},{"damage_healed":0,"gold_gain":100,"player_choice":"Pray","damage_taken":0,"max_hp_gain":0,"max_hp_loss":0,"event_name":"Golden Shrine","floor":19,"gold_loss":0}],"is_beta":false,"boss_relics":[{"not_picked":["Fusion Hammer","Lizard Tail"],"picked":"Philosopher\u0027s Stone"}],"items_purged_floors":[],"is_endless":false,"potions_floor_spawned":[1,6,8,10,11,14,18,20],"killed_by":"Slavers","ascension_level":5}