{"gold_per_floor":[112,125,139,157,86,86,103,167,192,115,133,133,133,158,158,254,254,268,268,268,278,295,295,314,331,331,233,246,246,258,271,271,367,367,378,378,86,98,1097,1097,1124,1124,1205,1215,711,723,723,740,740,740],"floor_reached":50,"playtime":4802,"items_purged":[],"score":473,"play_id":"06390e1a-1810-4337-a8ac-bea1c446ac49","local_time":"20190409193906","is_ascension_mode":false,"campfire_choices":[{"data":"Neutralize","floor":6.0,"key":"SMITH"},{"data":"Noxious Fumes","floor":12.0,"key":"SMITH"},{"floor":15.0,"key":"REST"},{"floor":23,"key":"REST"},{"floor":32,"key":"REST"},{"floor":40,"key":"REST"},{"floor":42,"key":"REST"},{"floor":47,"key":"REST"},{"floor":49,"key":"REST"}],"neow_cost":"NONE","seed_source_timestamp":0,"circlet_count":0,"master_deck":["Defend_G+1","Defend_G+1","Defend_G+1","Defend_G+1","Strike_G+1","Strike_G+1","Strike_G+1","Strike_G+1","Survivor","Neutralize+1","Quick Slash","All Out Attack","Well Laid Plans","Noxious Fumes+1","Deadly Poison","Envenom","Bane+1","Leg Sweep","Finesse","Bouncing Flask","Deadly Poison+1","Venomology","Burst","Dagger Throw+1","Flechettes+1","After Image+1","Blur","Corpse Explosion","Normality","Normality","Underhanded Strike+1","Venomology","Terror+1"],"special_seed":0,"relics":["Busted Crown","Ancient Tea Set","Potion Belt","WristBlade","Dream Catcher","Astrolabe","PreservedInsect","Bronze Scales","Paper Crane","Bottled Lightning"],"potions_floor_usage":[33,33,33,33,33,33,38,38,45,46,46,46,46,48,50],"damage_taken":[{"damage":2.0,"enemies":"2 Louse","floor":1.0,"turns":4.0},{"damage":0.0,"enemies":"Small Slimes","floor":2.0,"turns":3.0},{"damage":1.0,"enemies":"Cultist","floor":3.0,"turns":3.0},{"damage":8.0,"enemies":"3 Louse","floor":4.0,"turns":3.0},{"damage":7.0,"enemies":"Exordium Thugs","floor":7.0,"turns":4.0},{"damage":6.0,"enemies":"Looter","floor":11.0,"turns":4.0},{"damage":13.0,"enemies":"Lagavulin","floor":14.0,"turns":7.0},{"damage":22.0,"enemies":"Hexaghost","floor":16.0,"turns":10.0},{"damage":19,"enemies":"Chosen","floor":18,"turns":5},{"damage":6,"enemies":"3 Byrds","floor":21,"turns":5},{"damage":8,"enemies":"3 Cultists","floor":22,"turns":5},{"damage":1,"enemies":"Centurion and Healer","floor":24,"turns":5},{"damage":7,"enemies":"Cultist and Chosen","floor":25,"turns":6},{"damage":0,"enemies":"Snecko","floor":28,"turns":5},{"damage":11,"enemies":"Snake Plant","floor":30,"turns":4},{"damage":27,"enemies":"Shelled Parasite and Fungi","floor":31,"turns":6},{"damage":16,"enemies":"Collector","floor":33,"turns":8},{"damage":50,"enemies":"3 Shapes","floor":35,"turns":6},{"damage":12,"enemies":"Orb Walker","floor":38,"turns":5},{"damage":30,"enemies":"Spire Growth","floor":44,"turns":5},{"damage":32,"enemies":"Sphere and 2 Shapes","floor":46,"turns":6},{"damage":18,"enemies":"Jaw Worm Horde","floor":48,"turns":3},{"damage":46,"enemies":"Donu and Deca","floor":50,"turns":6}],"seed_played":"4758651358696512094","potions_obtained":[{"floor":3.0,"key":"SkillPotion"},{"floor":4.0,"key":"PowerPotion"},{"floor":16.0,"key":"Strength Potion"},{"floor":22,"key":"Swift Potion"},{"floor":28,"key":"Dexterity Potion"},{"floor":30,"key":"GhostInAJar"},{"floor":31,"key":"SpeedPotion"},{"floor":33,"key":"GamblersBrew"},{"floor":38,"key":"AttackPotion"},{"floor":44,"key":"LiquidBronze"}],"is_trial":false,"path_per_floor":["M","M","M","M","$","R","M","?","T","$","M","R","?","E","R","B",null,"M","?","?","M","M","R","M","M","T","$","M","?","M","M","R","B",null,"M","?","$","M","?","R","T","R","T","M","$","M","R","M","R","B"],"character_chosen":"THE_SILENT","items_purchased":["Well Laid Plans","Noxious Fumes","Finesse","Corpse Explosion","Regen Potion","PreservedInsect","Fruit Juice","Venomology","Bottled Lightning"],"campfire_rested":7,"item_purchase_floors":[5,10,27,37,37,37,45,45,45],"current_hp_per_floor":[68,68,67,59,59,59,52,52,52,52,46,46,51,38,59,37,70,51,51,51,45,37,58,57,50,50,50,50,50,39,12,33,17,70,20,20,20,23,23,44,44,65,65,35,40,8,30,12,34,0],"gold":740,"neow_bonus":"BOSS_RELIC","is_prod":false,"is_daily":false,"chose_seed":false,"campfire_upgraded":2,"win_rate":0.0,"timestamp":1554863946,"path_taken":["M","M","M","M","$","R","M","?","T","$","M","R","?","E","R","BOSS","M","?","?","?","M","R","M","M","T","$","M","?","M","M","R","BOSS","M","?","$","M","?","R","?","R","T","M","$","M","R","M","R","BOSS"],"build_version":"2019-01-23","purchased_purges":0,"victory":false,"max_hp_per_floor":[70,70,70,70,70,70,70,70,70,70,70,70,70,70,70,70,70,70,70,70,70,70,70,70,70,70,70,70,70,70,70,70,70,70,70,70,70,70,70,70,70,70,70,70,75,75,75,75,75,75],"card_choices":[{"not_picked":[],"picked":"Dagger Throw","floor":1.0},{"not_picked":[],"picked":"Quick Slash","floor":2.0},{"not_picked":[],"picked":"All Out Attack","floor":3.0},{"not_picked":["Deflect"],"picked":"SKIP","floor":4.0},{"not_picked":["Slice"],"picked":"SKIP","floor":7.0},{"not_picked":[],"picked":"Dagger Throw","floor":11.0},{"not_picked":[],"picked":"Deadly Poison","floor":14.0},{"not_picked":[],"picked":"Envenom","floor":16.0},{"not_picked":[],"picked":"Bane+1","floor":18},{"not_picked":["Dagger Throw"],"picked":"SKIP","floor":21},{"not_picked":["Quick Slash+1"],"picked":"SKIP","floor":22},{"not_picked":["Skewer"],"picked":"SKIP","floor":24},{"not_picked":[],"picked":"Leg Sweep","floor":25},{"not_picked":[],"picked":"Bouncing Flask","floor":28},{"not_picked":[],"picked":"Deadly Poison+1","floor":30},{"not_picked":["Slice+1"],"picked":"SKIP","floor":31},{"not_picked":[],"picked":"Venomology","floor":32},{"not_picked":[],"picked":"Burst","floor":33},{"not_picked":[],"picked":"Blur","floor":35},{"not_picked":["Blur+1"],"picked":"SKIP","floor":38},{"not_picked":[],"picked":"Underhanded Strike+1","floor":42},{"not_picked":["Dodge and Roll+1"],"picked":"SKIP","floor":44},{"not_picked":["Eviscerate+1"],"picked":"SKIP","floor":46},{"not_picked":[],"picked":"Terror+1","floor":48}],"player_experience":8995,"relics_obtained":[{"floor":9.0,"key":"Ancient Tea Set"},{"floor":14.0,"key":"Potion Belt"},{"floor":26,"key":"Dream Catcher"},{"floor":41,"key":"Bronze Scales"},{"floor":43,"key":"Paper Crane"}],"event_choices":[{"damage_healed":0.0,"max_hp_gain":0.0,"max_hp_loss":0.0,"gold_gain":64.0,"event_name":"Golden Wing","player_choice":"Gained Gold","floor":8.0,"gold_loss":0.0,"damage_taken":0.0},{"cards_removed":["Dagger Throw"],"damage_healed":5.0,"max_hp_gain":0.0,"max_hp_loss":0.0,"gold_gain":0.0,"event_name":"Bonfire Elementals","player_choice":"Offered Common","floor":13.0,"gold_loss":0.0,"damage_taken":0.0},{"cards_removed":["Dagger Throw"],"damage_healed":5.0,"max_hp_gain":0.0,"max_hp_loss":0.0,"gold_gain":0.0,"event_name":"Bonfire Elementals","player_choice":"Offered Special","floor":13.0,"gold_loss":0.0,"damage_taken":0.0},{"damage_healed":0,"gold_gain":0,"player_choice":"Ignored","damage_taken":0,"max_hp_gain":0,"max_hp_loss":0,"event_name":"Vampires","floor":19,"gold_loss":0},{"damage_healed":0,"gold_gain":0,"player_choice":"Simplicity","damage_taken":0,"max_hp_gain":0,"max_hp_loss":0,"event_name":"Back to Basics","floor":20,"gold_loss":0,"cards_upgraded":["Defend_G","Defend_G","Defend_G","Defend_G","Defend_G","Strike_G","Strike_G","Strike_G","Strike_G","Strike_G"]},{"damage_healed":0,"gold_gain":0,"player_choice":"Ignored","damage_taken":0,"max_hp_gain":0,"max_hp_loss":0,"event_name":"Ghosts","floor":29,"gold_loss":0},{"damage_healed":0,"gold_gain":0,"player_choice":"Ignored","damage_taken":0,"max_hp_gain":0,"max_hp_loss":0,"event_name":"Tomb of Lord Red Mask","floor":36,"gold_loss":0},{"damage_healed":0,"gold_gain":999,"player_choice":"Gold","damage_taken":0,"max_hp_gain":0,"max_hp_loss":0,"event_name":"MindBloom","floor":39,"gold_loss":0,"cards_obtained":["Normality","Normality"]}],"is_beta":false,"boss_relics":[{"not_picked":["Philosopher\u0027s Stone","Sozu"],"picked":"WristBlade"},{"not_picked":["Velvet Choker","Empty Cage"],"picked":"Astrolabe"}],"items_purged_floors":[],"is_endless":false,"potions_floor_spawned":[3,4,16,22,28,30,31,33,38,44],"killed_by":"Donu and Deca","ascension_level":0}