{"gold_per_floor":[115,115,65,11,11,11,27,27,27,44,44,44,54,67,67,163,163,176,204,217,217,217],"floor_reached":22,"playtime":6946,"items_purged":[],"score":174,"play_id":"3ea778c8-7acd-45ce-8142-854ac9550be3","local_time":"20190403125410","is_ascension_mode":false,"campfire_choices":[{"data":"Zap","floor":6.0,"key":"SMITH"},{"data":"Dualcast","floor":8.0,"key":"SMITH"},{"data":"Gash","floor":11.0,"key":"SMITH"},{"data":"Gash","floor":15.0,"key":"SMITH"}],"neow_cost":"NONE","seed_source_timestamp":0,"circlet_count":0,"master_deck":["Strike_B","Strike_B","Defend_B","Defend_B","Defend_B","Zap+1","Dualcast+1","Ball Lightning","Gash+1","Gash+1","Core Surge"],"special_seed":0,"relics":["Velvet Choker","Red Mask"],"potions_floor_usage":[19,19],"damage_taken":[{"damage":5.0,"enemies":"Small Slimes","floor":1.0,"turns":3.0},{"damage":1.0,"enemies":"Jaw Worm","floor":7.0,"turns":2.0},{"damage":1.0,"enemies":"Cultist","floor":10.0,"turns":4.0},{"damage":6.0,"enemies":"Large Slime","floor":13.0,"turns":4.0},{"damage":6.0,"enemies":"2 Fungi Beasts","floor":14.0,"turns":3.0},{"damage":28.0,"enemies":"Slime Boss","floor":16.0,"turns":9.0},{"damage":34,"enemies":"3 Byrds","floor":18,"turns":5},{"damage":28,"enemies":"Masked Bandits","floor":19,"turns":4},{"damage":0,"enemies":"Chosen","floor":20,"turns":4},{"damage":0,"enemies":"Shelled Parasite and Fungi","floor":22,"turns":1}],"seed_played":"-4999374841624302329","potions_obtained":[{"floor":1.0,"key":"Poison Potion"},{"floor":10.0,"key":"Weak Potion"},{"floor":14.0,"key":"SteroidPotion"},{"floor":18,"key":"AttackPotion"}],"is_trial":false,"path_per_floor":["M","?","?","$","?","R","M","R","T","M","R","$","M","M","R","B",null,"M","?","M","?","M"],"character_chosen":"DEFECT","items_purchased":["Gash"],"campfire_rested":0,"item_purchase_floors":[4],"current_hp_per_floor":[70,63,63,63,63,63,62,62,62,61,61,61,55,49,49,21,75,41,13,13,38,38],"gold":217,"neow_bonus":"BOSS_RELIC","is_prod":false,"is_daily":false,"chose_seed":false,"campfire_upgraded":4,"win_rate":0,"timestamp":1554321250,"path_taken":["M","?","?","$","?","R","M","R","T","M","R","$","M","M","R","BOSS","M","?","M","?","M"],"build_version":"2019-01-23","purchased_purges":0,"victory":false,"max_hp_per_floor":[75,75,75,75,75,75,75,75,75,75,75,75,75,75,75,75,75,75,75,75,75,75],"card_choices":[{"not_picked":["Skim","Beam Cell"],"picked":"Ball Lightning","floor":1.0},{"not_picked":["Steam","Hologram","Cold Snap"],"picked":"SKIP","floor":7.0},{"not_picked":["Recycle","Rebound"],"picked":"Gash","floor":10.0},{"not_picked":["Self Repair","Streamline","Tempest"],"picked":"SKIP","floor":13.0},{"not_picked":["Redo","FTL","Go for the Eyes"],"picked":"SKIP","floor":14.0},{"not_picked":["Hyperbeam","Machine Learning"],"picked":"Core Surge","floor":16.0},{"not_picked":["Compile Driver","Steam Power","Darkness+1"],"picked":"SKIP","floor":18},{"not_picked":["Genetic Algorithm","Gash","Doom and Gloom+1"],"picked":"SKIP","floor":20}],"player_experience":274477,"relics_obtained":[{"floor":19,"key":"Red Mask"}],"event_choices":[{"cards_removed":["Strike_B"],"damage_healed":0.0,"max_hp_gain":0.0,"max_hp_loss":0.0,"gold_gain":0.0,"event_name":"Golden Wing","player_choice":"Card Removal","floor":2.0,"gold_loss":0.0,"damage_taken":7.0},{"cards_removed":["Defend_B"],"damage_healed":0.0,"max_hp_gain":0.0,"max_hp_loss":0.0,"gold_gain":0.0,"event_name":"The Cleric","player_choice":"Card Removal","floor":3.0,"gold_loss":50.0,"damage_taken":0.0},{"cards_removed":["Strike_B"],"damage_healed":0.0,"max_hp_gain":0.0,"max_hp_loss":0.0,"gold_gain":0.0,"event_name":"Living Wall","player_choice":"Forget","floor":5.0,"gold_loss":0.0,"damage_taken":0.0},{"damage_healed":0,"gold_gain":0,"player_choice":"Fought Bandits","damage_taken":0,"max_hp_gain":0,"max_hp_loss":0,"event_name":"Masked Bandits","floor":19,"gold_loss":0},{"damage_healed":25,"gold_gain":0,"player_choice":"Heal","damage_taken":0,"max_hp_gain":0,"max_hp_loss":0,"event_name":"The Library","floor":21,"gold_loss":0}],"is_beta":false,"boss_relics":[{"not_picked":[]}],"items_purged_floors":[],"is_endless":false,"potions_floor_spawned":[1,10,14,18],"killed_by":"Shelled Parasite and Fungi","ascension_level":0}