{"gold_per_floor":[118,118,138,156,174,200,200,229,255,255,355,374,391,391,391,493,493,506,126,51,51,61,61,21,32,114,132,132,32,65,75,75,180,180,190,203,0,17,17,17,30,30,30,59,59,59,128,144,144,144],"floor_reached":50,"playtime":2623,"items_purged":["Regret","Strike_R"],"score":797,"play_id":"2574afb9-36c4-46ec-ac59-85f1e0c12530","local_time":"20190303105131","is_ascension_mode":true,"campfire_choices":[{"data":"Body Slam","floor":7.0,"key":"SMITH"},{"data":"Entrench","floor":10.0,"key":"SMITH"},{"data":"Body Slam","floor":15.0,"key":"SMITH"},{"data":"Armaments","floor":23.0,"key":"SMITH"},{"floor":28.0,"key":"REST"},{"floor":32.0,"key":"REST"},{"floor":40.0,"key":"REST"},{"floor":42.0,"key":"REST"},{"floor":49.0,"key":"REST"}],"neow_cost":"NONE","seed_source_timestamp":80552506057118,"circlet_count":0,"master_deck":["Strike_R","Strike_R","Defend_R","Defend_R","Defend_R","Defend_R","Bash+1","Body Slam+1","Shrug It Off","Entrench+1","Power Through","Iron Wave","Body Slam+1","Headbutt","Barricade","Body Slam","Searing Blow","Armaments+1","True Grit+1","Juggernaut","Body Slam","Shrug It Off","Headbutt","Armaments","Shrug It Off+1","Offering","Impervious","Regret","Injury","Doubt","True Grit+1","Metallicize+1","Master of Strategy","Pommel Strike+1","Shrug It Off","Flame Barrier+1","Seeing Red+1","Shrug It Off+1","Flame Barrier+1"],"special_seed":0,"relics":["Burning Blood","NeowsBlessing","Sundial","Oddly Smooth Stone","Boot","Blood Vial","Orrery","Mercury Hourglass","Pantograph","Calling Bell","Dream Catcher","Question Card","FossilizedHelix","Red Mask","Magic Flower","Ginger","Paper Frog"],"potions_floor_usage":[],"damage_taken":[{"damage":0.0,"enemies":"2 Louse","floor":1.0,"turns":1.0},{"damage":0.0,"enemies":"Small Slimes","floor":3.0,"turns":1.0},{"damage":0.0,"enemies":"Cultist","floor":4.0,"turns":1.0},{"damage":11.0,"enemies":"2 Fungi Beasts","floor":5.0,"turns":6.0},{"damage":25.0,"enemies":"3 Sentries","floor":6.0,"turns":10.0},{"damage":10.0,"enemies":"Gremlin Nob","floor":8.0,"turns":4.0},{"damage":1.0,"enemies":"3 Louse","floor":12.0,"turns":4.0},{"damage":0.0,"enemies":"Looter","floor":13.0,"turns":2.0},{"damage":48.0,"enemies":"Slime Boss","floor":16.0,"turns":11.0},{"damage":12.0,"enemies":"Chosen","floor":18.0,"turns":3.0},{"damage":12.0,"enemies":"3 Byrds","floor":22.0,"turns":3.0},{"damage":12.0,"enemies":"Snake Plant","floor":25.0,"turns":5.0},{"damage":13.0,"enemies":"Centurion and Healer","floor":27.0,"turns":8.0},{"damage":40.0,"enemies":"Slavers","floor":30.0,"turns":7.0},{"damage":23.0,"enemies":"Cultist and Chosen","floor":31.0,"turns":7.0},{"damage":6.0,"enemies":"Collector","floor":33.0,"turns":10.0},{"damage":49.0,"enemies":"Orb Walker","floor":35.0,"turns":6.0},{"damage":43.0,"enemies":"3 Darklings","floor":36.0,"turns":8.0},{"damage":3.0,"enemies":"Maw","floor":38.0,"turns":10.0},{"damage":22.0,"enemies":"Spire Growth","floor":41.0,"turns":4.0},{"damage":6.0,"enemies":"Nemesis","floor":44.0,"turns":8.0},{"damage":37.0,"enemies":"Jaw Worm Horde","floor":48.0,"turns":7.0},{"damage":63,"enemies":"Donu and Deca","floor":50,"turns":9}],"seed_played":"2415098547293098314","potions_obtained":[{"floor":1.0,"key":"SpeedPotion"},{"floor":3.0,"key":"Block Potion"},{"floor":4.0,"key":"Strength Potion"},{"floor":6.0,"key":"Poison Potion"},{"floor":13.0,"key":"SpeedPotion"},{"floor":24.0,"key":"EssenceOfSteel"},{"floor":24.0,"key":"FairyPotion"},{"floor":24.0,"key":"Strength Potion"},{"floor":25.0,"key":"Weak Potion"},{"floor":27.0,"key":"PowerPotion"},{"floor":38.0,"key":"SteroidPotion"},{"floor":41.0,"key":"SpeedPotion"}],"is_trial":false,"path_per_floor":["M","?","M","M","M","E","R","E","T","R","?","M","M","?","R","B",null,"M","$","?","?","M","R","?","M","T","M","R","$","E","M","R","B",null,"M","M","?","M","?","R","M","R","T","E","$","?","T","M","R","B"],"character_chosen":"IRONCLAD","items_purchased":["Juggernaut","Body Slam","Shrug It Off","LiquidBronze"],"campfire_rested":5,"item_purchase_floors":[19,19,19,19],"current_hp_per_floor":[80,80,80,80,75,56,56,52,52,52,52,57,63,63,63,23,80,74,74,74,74,70,70,70,66,66,61,80,80,46,31,55,80,80,37,14,14,19,19,43,29,53,53,59,59,59,59,34,58,17],"gold":144,"neow_bonus":"THREE_ENEMY_KILL","is_prod":false,"is_daily":false,"chose_seed":false,"campfire_upgraded":4,"win_rate":0,"timestamp":1551631891,"path_taken":["M","?","M","M","M","E","R","E","T","R","?","?","M","?","R","BOSS","M","$","?","?","M","R","?","?","T","M","R","$","E","M","R","BOSS","M","M","?","M","?","R","M","R","T","E","$","?","?","M","R","BOSS"],"build_version":"2019-01-23","purchased_purges":2,"victory":false,"max_hp_per_floor":[80,80,80,80,80,80,80,80,80,80,80,80,80,80,80,80,80,80,80,80,80,80,80,80,80,80,80,80,80,80,80,80,80,80,80,80,80,80,80,80,80,80,80,80,80,80,80,80,80,80],"card_choices":[{"not_picked":["Burning Pact","Anger"],"picked":"Body Slam","floor":1.0},{"not_picked":["Clothesline","Anger"],"picked":"Shrug It Off","floor":3.0},{"not_picked":["Spot Weakness","Sever Soul"],"picked":"Entrench","floor":4.0},{"not_picked":["Infernal Blade","Anger"],"picked":"Power Through","floor":5.0},{"not_picked":["Warcry","Feel No Pain"],"picked":"Iron Wave","floor":6.0},{"not_picked":["Corruption","Intimidate","Wild Strike"],"picked":"SKIP","floor":8.0},{"not_picked":["Havoc","Armaments"],"picked":"Body Slam","floor":12.0},{"not_picked":["Hemokinesis","Carnage"],"picked":"Headbutt","floor":13.0},{"not_picked":["Double Tap","Reaper"],"picked":"Barricade","floor":16.0},{"not_picked":["Armaments","Headbutt"],"picked":"Body Slam","floor":17.0},{"not_picked":["Barricade","Sword Boomerang"],"picked":"Searing Blow","floor":17.0},{"not_picked":["Sever Soul","Metallicize"],"picked":"Armaments","floor":17.0},{"not_picked":["Heavy Blade","Iron Wave+1"],"picked":"True Grit+1","floor":18.0},{"not_picked":["Warcry","Battle Trance"],"picked":"Armaments","floor":22.0},{"not_picked":["Clothesline","Limit Break"],"picked":"Shrug It Off+1","floor":25.0},{"not_picked":["Armaments","Twin Strike+1","Havoc+1"],"picked":"SKIP","floor":27.0},{"not_picked":["Wild Strike","Burning Pact"],"picked":"Offering","floor":30.0},{"not_picked":["Thunderclap+1","Shrug It Off","True Grit"],"picked":"SKIP","floor":31.0},{"not_picked":["Double Tap","Brutality"],"picked":"Impervious","floor":33.0},{"not_picked":["Pommel Strike+1","Sword Boomerang+1","Perfected Strike+1"],"picked":"True Grit+1","floor":35.0},{"not_picked":["Exhume","Clash","Uppercut"],"picked":"Metallicize+1","floor":36.0},{"not_picked":["Twin Strike+1","Disarm+1","Blood for Blood+1","Intimidate+1"],"picked":"SKIP","floor":38.0},{"not_picked":["Impatience","Magnetism","Apotheosis"],"picked":"Master of Strategy","floor":39.0},{"not_picked":["Feel No Pain+1","Thunderclap","Warcry"],"picked":"Pommel Strike+1","floor":40.0},{"not_picked":["Shockwave","Pommel Strike","Sentinel+1"],"picked":"Shrug It Off","floor":41.0},{"not_picked":["Wild Strike+1","Iron Wave+1","Second Wind+1"],"picked":"Flame Barrier+1","floor":42.0},{"not_picked":["Reckless Charge+1","Cleave+1","Fire Breathing+1"],"picked":"Seeing Red+1","floor":44.0},{"not_picked":["Cleave+1","Inflame+1","Sword Boomerang+1"],"picked":"Shrug It Off+1","floor":48.0},{"not_picked":["Intimidate","Corruption+1","Headbutt+1"],"picked":"Flame Barrier+1","floor":49.0}],"player_experience":598553,"relics_obtained":[{"floor":6.0,"key":"Sundial"},{"floor":8.0,"key":"Oddly Smooth Stone"},{"floor":9.0,"key":"Boot"},{"floor":26.0,"key":"Mercury Hourglass"},{"floor":30.0,"key":"Pantograph"},{"floor":34.0,"key":"Dream Catcher"},{"floor":34.0,"key":"Question Card"},{"floor":34.0,"key":"FossilizedHelix"},{"floor":43.0,"key":"Magic Flower"},{"floor":44.0,"key":"Ginger"},{"floor":47.0,"key":"Paper Frog"}],"event_choices":[{"damage_healed":0.0,"max_hp_gain":0.0,"max_hp_loss":0.0,"gold_gain":0.0,"event_name":"Living Wall","player_choice":"Grow","floor":2.0,"gold_loss":0.0,"damage_taken":0.0,"cards_upgraded":["Bash"]},{"damage_healed":0.0,"max_hp_gain":0.0,"max_hp_loss":0.0,"gold_gain":100.0,"event_name":"Wheel of Change","player_choice":"Gold","floor":11.0,"gold_loss":0.0,"damage_taken":0.0},{"damage_healed":0.0,"max_hp_gain":0.0,"max_hp_loss":0.0,"gold_gain":0.0,"event_name":"Big Fish","player_choice":"Box","floor":14.0,"gold_loss":0.0,"damage_taken":0.0,"relics_obtained":["Blood Vial"],"cards_obtained":["Regret"]},{"cards_removed":["Strike_R"],"damage_healed":0.0,"max_hp_gain":0.0,"max_hp_loss":0.0,"gold_gain":0.0,"event_name":"Beggar","player_choice":"Gave Gold","floor":20.0,"gold_loss":75.0,"damage_taken":0.0},{"damage_healed":0.0,"max_hp_gain":0.0,"max_hp_loss":0.0,"gold_gain":0.0,"event_name":"The Library","player_choice":"Read","floor":21.0,"gold_loss":0.0,"damage_taken":0.0,"cards_obtained":["Headbutt"]},{"damage_healed":0.0,"max_hp_gain":0.0,"max_hp_loss":0.0,"gold_gain":0.0,"event_name":"The Woman in Blue","player_choice":"Bought 3 Potions","floor":24.0,"gold_loss":0.0,"damage_taken":0.0},{"damage_healed":0.0,"max_hp_gain":0.0,"max_hp_loss":0.0,"gold_gain":0.0,"event_name":"Tomb of Lord Red Mask","player_choice":"Paid","floor":37.0,"gold_loss":203.0,"damage_taken":0.0,"relics_obtained":["Red Mask"]},{"damage_healed":0.0,"max_hp_gain":0.0,"max_hp_loss":0.0,"gold_gain":0.0,"event_name":"SensoryStone","player_choice":"Memory 1","floor":39.0,"gold_loss":0.0,"damage_taken":0.0},{"cards_removed":["Strike_R"],"damage_healed":0.0,"max_hp_gain":0.0,"max_hp_loss":0.0,"gold_gain":0.0,"event_name":"Falling","player_choice":"Removed Attack","floor":46.0,"gold_loss":0.0,"damage_taken":0.0}],"is_beta":false,"boss_relics":[{"not_picked":["Velvet Choker","Snecko Eye"],"picked":"Orrery"},{"not_picked":["Cursed Key","Fusion Hammer"],"picked":"Calling Bell"}],"items_purged_floors":[19,29],"is_endless":false,"potions_floor_spawned":[1,3,4,6,13,25,27,38,41],"killed_by":"Donu and Deca","ascension_level":4}