{"gold_per_floor":[113,133,308,76,151,177,197,197,197,207,220,232,232,243,243,343,343,356,366,393,404,404,404,439,451,508,535,574,596,608,634,646,758,770,798,187,205,218,493,493,40,56,83,98,118,118,151,170,170,170],"floor_reached":51,"playtime":5196,"items_purged":["Doubt","Strike_G","Regret"],"score":832,"play_id":"130e6e10-fd4e-41c9-b28b-4dfbe75bf3f6","local_time":"20190407120042","is_ascension_mode":true,"campfire_choices":[{"data":"Phantasmal Killer","floor":8,"key":"SMITH"},{"data":"Crippling Poison","floor":13,"key":"SMITH"},{"floor":15,"key":"REST"},{"floor":23,"key":"REST"},{"floor":25,"key":"REST"},{"floor":30,"key":"REST"},{"floor":32,"key":"REST"},{"floor":40,"key":"REST"},{"floor":46,"key":"REST"},{"floor":49,"key":"REST"}],"neow_cost":"NONE","seed_source_timestamp":163189555569287,"circlet_count":0,"master_deck":["Defend_G","Defend_G","Defend_G","Defend_G","Defend_G","Strike_G","Strike_G","Strike_G","Survivor","Neutralize","Acrobatics","Dagger Throw","Backstab","Phantasmal Killer+1","Quick Slash","Crippling Poison+1","Bouncing Flask","Caltrops","Well Laid Plans","Corpse Explosion","Well Laid Plans","Outmaneuver+1","Adrenaline","Deadly Poison+1","Caltrops+1","Choke+1","Backflip+1","Tools of the Trade","Sucker Punch+1","Apotheosis","Endless Agony+1","Deflect+1","Footwork","Finisher+1","Decay","Dodge and Roll+1","Bouncing Flask+1","Glass Knife"],"relics":["Ring of the Snake","Bronze Scales","Shuriken","Snake Skull","Sozu","Oddly Smooth Stone","MawBank","Art of War","Red Mask","Cursed Key","Strawberry","Toolbox","Paper Crane","Pen Nib","Pocketwatch"],"potions_floor_usage":[16,16,24],"damage_taken":[{"damage":0,"enemies":"Cultist","floor":1,"turns":5},{"damage":0,"enemies":"Small Slimes","floor":2,"turns":3},{"damage":12,"enemies":"3 Sentries","floor":6,"turns":11},{"damage":0,"enemies":"2 Louse","floor":7,"turns":2},{"damage":1,"enemies":"Blue Slaver","floor":10,"turns":2},{"damage":0,"enemies":"Exordium Thugs","floor":11,"turns":3},{"damage":4,"enemies":"2 Fungi Beasts","floor":12,"turns":3},{"damage":0,"enemies":"Blue Slaver","floor":14,"turns":4},{"damage":1,"enemies":"The Guardian","floor":16,"turns":7},{"damage":0,"enemies":"3 Byrds","floor":18,"turns":2},{"damage":21,"enemies":"2 Thieves","floor":19,"turns":3},{"damage":14,"enemies":"Snecko","floor":21,"turns":5},{"damage":13,"enemies":"Slavers","floor":24,"turns":2},{"damage":18,"enemies":"Chosen and Byrds","floor":27,"turns":4},{"damage":27,"enemies":"Masked Bandits","floor":28,"turns":4},{"damage":6,"enemies":"Centurion and Healer","floor":29,"turns":5},{"damage":12,"enemies":"Snecko","floor":31,"turns":3},{"damage":30,"enemies":"Automaton","floor":33,"turns":10},{"damage":13,"enemies":"3 Darklings","floor":35,"turns":3},{"damage":0,"enemies":"Orb Walker","floor":37,"turns":2},{"damage":32,"enemies":"Writhing Mass","floor":38,"turns":4},{"damage":10,"enemies":"3 Darklings","floor":42,"turns":4},{"damage":0,"enemies":"Maw","floor":44,"turns":5},{"damage":0,"enemies":"Sphere and 2 Shapes","floor":45,"turns":3},{"damage":22,"enemies":"Giant Head","floor":47,"turns":7},{"damage":0,"enemies":"Jaw Worm Horde","floor":48,"turns":1},{"damage":29,"enemies":"Donu and Deca","floor":50,"turns":7}],"seed_played":"20797821026590543","potions_obtained":[{"floor":6,"key":"AttackPotion"},{"floor":10,"key":"Weak Potion"},{"floor":14,"key":"Fire Potion"}],"is_trial":false,"path_per_floor":["?","?","M","M","M","T","?","?","?"],"character_chosen":"THE_SILENT","items_purchased":["Bronze Scales","Apotheosis","Strawberry","Toolbox","Paper Crane","Footwork"],"campfire_rested":8,"item_purchase_floors":[4,36,36,36,41,41],"current_hp_per_floor":[70,70,70,70,63,51,51,51,51,50,50,46,46,46,67,66,70,70,49,49,35,22,44,31,53,53,35,8,2,24,12,34,4,75,62,69,69,37,37,61,61,51,51,51,51,75,53,53,77,48],"gold":170,"neow_bonus":"TRANSFORM_CARD","is_prod":false,"is_daily":false,"chose_seed":false,"campfire_upgraded":2,"win_rate":0,"timestamp":1554631242,"path_taken":["M","M","?","$","?","E","M","R","T","?","?","M","R","M","R","BOSS","M","?","?","M","?","R","E","R","T","M","?","M","R","M","R","BOSS","M","$","M","M","?","R","$","M","T","M","M","R","E","M","R","BOSS"],"build_version":"2019-01-23","purchased_purges":3,"victory":true,"max_hp_per_floor":[70,70,70,70,70,70,70,70,70,70,70,70,70,70,70,70,70,70,70,70,70,75,75,75,75,75,75,75,75,75,75,75,75,75,75,82,82,82,82,82,82,82,82,82,82,82,82,82,82,82],"card_choices":[{"not_picked":["Underhanded Strike","Flechettes"],"picked":"Dagger Throw","floor":1},{"not_picked":["Tactician","Masterful Stab"],"picked":"Backstab","floor":2},{"not_picked":["Setup","Blade Dance"],"picked":"Phantasmal Killer","floor":6},{"not_picked":["Deflect","Underhanded Strike"],"picked":"Quick Slash","floor":7},{"not_picked":["Predator","Cloak And Dagger"],"picked":"Crippling Poison","floor":10},{"not_picked":["Concentrate","Dodge and Roll"],"picked":"Bouncing Flask","floor":11},{"not_picked":["Acrobatics","Infinite Blades"],"picked":"Caltrops","floor":12},{"not_picked":["Bouncing Flask","Dodge and Roll"],"picked":"Well Laid Plans","floor":14},{"not_picked":["Malaise","Adrenaline"],"picked":"Corpse Explosion","floor":16},{"not_picked":["PiercingWail","Sucker Punch"],"picked":"Well Laid Plans","floor":18},{"not_picked":["Quick Slash","Prepared"],"picked":"Outmaneuver+1","floor":19},{"not_picked":["Deadly Poison","Quick Slash"],"picked":"Adrenaline","floor":21},{"not_picked":["Backflip","A Thousand Cuts"],"picked":"Deadly Poison+1","floor":24},{"not_picked":["Endless Agony","Bane","Prepared"],"picked":"SKIP","floor":27},{"not_picked":["Flying Knee","Distraction"],"picked":"Caltrops+1","floor":28},{"not_picked":["Blur","Flying Knee"],"picked":"Choke+1","floor":29},{"not_picked":["Acrobatics","Footwork"],"picked":"Backflip+1","floor":31},{"not_picked":["Unload","Phantasmal Killer"],"picked":"Tools of the Trade","floor":33},{"not_picked":["Underhanded Strike+1","Cloak And Dagger"],"picked":"Sucker Punch+1","floor":35},{"not_picked":["Underhanded Strike","Backflip"],"picked":"Endless Agony+1","floor":37},{"not_picked":["Eviscerate+1","Caltrops"],"picked":"Deflect+1","floor":38},{"not_picked":["Dodge and Roll+1","Outmaneuver+1"],"picked":"Finisher+1","floor":42},{"not_picked":["Predator","Unload"],"picked":"Dodge and Roll+1","floor":44},{"not_picked":["Expertise+1","Prepared+1"],"picked":"Bouncing Flask+1","floor":45},{"not_picked":["Bullet Time","Endless Agony+1"],"picked":"Glass Knife","floor":47},{"not_picked":["Blur","Flechettes+1","Predator"],"picked":"SKIP","floor":48}],"player_experience":197414,"relics_obtained":[{"floor":6,"key":"Shuriken"},{"floor":9,"key":"Snake Skull"},{"floor":20,"key":"Oddly Smooth Stone"},{"floor":24,"key":"MawBank"},{"floor":26,"key":"Art of War"},{"floor":28,"key":"Red Mask"},{"floor":43,"key":"Pen Nib"},{"floor":47,"key":"Pocketwatch"}],"event_choices":[{"damage_healed":0,"gold_gain":175,"player_choice":"AGREE","damage_taken":0,"max_hp_gain":0,"max_hp_loss":0,"event_name":"Liars Game","floor":3,"gold_loss":0,"cards_obtained":["Doubt"]},{"damage_healed":0,"gold_gain":75,"player_choice":"Touch","damage_taken":7,"max_hp_gain":0,"max_hp_loss":0,"event_name":"FaceTrader","floor":5,"gold_loss":0},{"damage_healed":0,"gold_gain":0,"player_choice":"Shed Blood","damage_taken":18,"max_hp_gain":5,"max_hp_loss":0,"event_name":"Forgotten Altar","floor":22,"gold_loss":0},{"damage_healed":0,"gold_gain":0,"player_choice":"Fought Bandits","damage_taken":0,"max_hp_gain":0,"max_hp_loss":0,"event_name":"Masked Bandits","floor":28,"gold_loss":0},{"damage_healed":0,"gold_gain":275,"player_choice":"Desecrate","damage_taken":0,"max_hp_gain":0,"max_hp_loss":0,"event_name":"Golden Shrine","floor":39,"gold_loss":0,"cards_obtained":["Regret"]}],"is_beta":false,"boss_relics":[{"not_picked":["Ectoplasm","Busted Crown"],"picked":"Sozu"},{"not_picked":["Calling Bell","Runic Dome"],"picked":"Cursed Key"}],"items_purged_floors":[4,36,41],"is_endless":false,"potions_floor_spawned":[6,10,14,19,24,29,44,45,47],"ascension_level":3}