{"gold_per_floor":[368,368,20,36,53,53,128,128,128,128,143,154,154,167,167,239,239,259,259,273,17,17,49,49,49,49,49,59,7,33,33,33,33],"floor_reached":33,"playtime":1019,"items_purged":["Strike_B","Parasite"],"score":546,"play_id":"c8144f7a-e9a3-4a88-baf5-2c2445f4c0a6","local_time":"20190413215227","is_ascension_mode":true,"campfire_choices":[{"data":"Self Repair","floor":6.0,"key":"SMITH"},{"floor":8.0,"key":"REST"},{"data":"Barrage","floor":10.0,"key":"SMITH"},{"data":"Consume","floor":15.0,"key":"SMITH"},{"floor":25.0,"key":"REST"},{"floor":27.0,"key":"REST"},{"floor":32.0,"key":"REST"}],"neow_cost":"PERCENT_DAMAGE","seed_source_timestamp":22574793167780,"circlet_count":0,"master_deck":["AscendersBane","Strike_B","Strike_B","Strike_B","Defend_B","Defend_B","Defend_B","Defend_B","Zap+1","Dualcast","Self Repair+1","Capacitor","Compile Driver","Barrage+1","Sweeping Beam","Consume+1","Sweeping Beam","Echo Form","Ball Lightning+1","Hologram","Gash","Good Instincts","BootSequence","Cold Snap","Gash","All For One"],"special_seed":0,"relics":["Cracked Core","PreservedInsect","Fusion Hammer","Shuriken","Potion Belt","Symbiotic Virus","Du-Vu Doll"],"potions_floor_usage":[],"damage_taken":[{"damage":10.0,"enemies":"Small Slimes","floor":1.0,"turns":3.0},{"damage":7.0,"enemies":"Jaw Worm","floor":4.0,"turns":3.0},{"damage":7.0,"enemies":"Cultist","floor":5.0,"turns":4.0},{"damage":26.0,"enemies":"Exordium Wildlife","floor":11.0,"turns":5.0},{"damage":16.0,"enemies":"Looter","floor":12.0,"turns":4.0},{"damage":21.0,"enemies":"Blue Slaver","floor":14.0,"turns":4.0},{"damage":28.0,"enemies":"Slime Boss","floor":16.0,"turns":9.0},{"damage":18.0,"enemies":"Spheric Guardian","floor":18.0,"turns":4.0},{"damage":8.0,"enemies":"Chosen","floor":20.0,"turns":4.0},{"damage":49.0,"enemies":"Gremlin Leader","floor":23.0,"turns":6.0},{"damage":8.0,"enemies":"Centurion and Healer","floor":28.0,"turns":4.0},{"damage":40.0,"enemies":"Book of Stabbing","floor":30.0,"turns":4.0},{"damage":72,"enemies":"Collector","floor":33,"turns":5}],"seed_played":"53477133166399393","potions_obtained":[{"floor":1.0,"key":"Ancient Potion"},{"floor":4.0,"key":"LiquidBronze"},{"floor":12.0,"key":"Strength Potion"},{"floor":23.0,"key":"SteroidPotion"}],"is_trial":false,"path_per_floor":["M","?","$","M","M","R","?","R","T","R","M","M","?","M","R","B",null,"M","T","M","$","?","E","?","R","T","R","M","$","E","$","R","B"],"character_chosen":"DEFECT","items_purchased":["PreservedInsect","Capacitor","Compile Driver","Gash","Good Instincts","Gash"],"campfire_rested":4,"item_purchase_floors":[3,3,3,21,21,29],"current_hp_per_floor":[36,36,36,36,36,36,25,46,46,46,30,24,41,30,30,12,56,58,58,60,60,60,21,21,41,41,61,63,63,43,43,63,0],"gold":33,"neow_bonus":"TWO_FIFTY_GOLD","is_prod":false,"is_daily":false,"chose_seed":false,"campfire_upgraded":3,"win_rate":0,"timestamp":1555185147,"path_taken":["M","?","$","M","M","R","?","R","T","R","M","M","?","?","R","BOSS","M","?","M","$","?","E","?","R","T","R","M","?","E","?","R","BOSS"],"build_version":"2019-04-04","purchased_purges":2,"victory":false,"max_hp_per_floor":[71,71,71,71,71,71,71,71,71,71,71,71,71,71,71,71,71,71,71,71,68,68,68,68,68,68,68,68,68,68,68,68,68],"card_choices":[{"not_picked":["Redo","Go for the Eyes"],"picked":"Self Repair","floor":1.0},{"not_picked":["Beam Cell","Stack","Steam Power"],"picked":"SKIP","floor":4.0},{"not_picked":["Auto Shields","Turbo"],"picked":"Barrage","floor":5.0},{"not_picked":["Beam Cell","Steam"],"picked":"Sweeping Beam","floor":11.0},{"not_picked":["Streamline","Compile Driver"],"picked":"Consume","floor":12.0},{"not_picked":["Beam Cell","Doom and Gloom"],"picked":"Sweeping Beam","floor":14.0},{"not_picked":["Meteor Strike","Creative AI"],"picked":"Echo Form","floor":16.0},{"not_picked":["Auto Shields","Steam"],"picked":"Ball Lightning+1","floor":18.0},{"not_picked":["Static Discharge","Undo"],"picked":"Hologram","floor":20.0},{"not_picked":["Redo+1","Loop+1"],"picked":"BootSequence","floor":23.0},{"not_picked":["Stack","Conserve Battery"],"picked":"Cold Snap","floor":28.0},{"not_picked":["Barrage","Stack"],"picked":"All For One","floor":30.0}],"player_experience":1118224,"relics_obtained":[{"floor":19.0,"key":"Shuriken"},{"floor":23.0,"key":"Potion Belt"},{"floor":26.0,"key":"Symbiotic Virus"},{"floor":30.0,"key":"Du-Vu Doll"}],"event_choices":[{"damage_healed":0.0,"max_hp_gain":0.0,"max_hp_loss":0.0,"gold_gain":0.0,"event_name":"Living Wall","player_choice":"Grow","floor":2.0,"gold_loss":0.0,"damage_taken":0.0,"cards_upgraded":["Zap"]},{"damage_healed":0.0,"max_hp_gain":0.0,"max_hp_loss":0.0,"gold_gain":75.0,"event_name":"World of Goop","player_choice":"Gather Gold","floor":7.0,"gold_loss":0.0,"damage_taken":11.0},{"damage_healed":17.0,"max_hp_gain":0.0,"max_hp_loss":0.0,"gold_gain":0.0,"event_name":"Mushrooms","player_choice":"Healed and dodged fight","floor":13.0,"gold_loss":0.0,"damage_taken":0.0,"cards_obtained":["Parasite"]},{"damage_healed":0.0,"max_hp_gain":0.0,"max_hp_loss":0.0,"gold_gain":0.0,"event_name":"Beggar","player_choice":"Ignored","floor":24.0,"gold_loss":0.0,"damage_taken":0.0}],"is_beta":true,"boss_relics":[{"not_picked":["Pandora\u0027s Box","Velvet Choker"],"picked":"Fusion Hammer"}],"items_purged_floors":[3,21],"is_endless":false,"potions_floor_spawned":[1,4,11,12,23],"killed_by":"Collector","ascension_level":20}