{"gold_per_floor":[115,40,56,56,67,67,67,67,67,67,67,67,77,77,77,77],"floor_reached":16,"playtime":549,"items_purged":["Strike_B"],"score":90,"play_id":"447f0d27-fc2f-4266-88d9-88d743b501ce","local_time":"20180903024554","is_ascension_mode":false,"campfire_choices":[{"floor":6,"key":"REST"},{"data":"Zap","floor":8,"key":"SMITH"},{"data":"Dualcast","floor":10,"key":"SMITH"},{"data":"Defend_B","floor":15,"key":"SMITH"}],"neow_cost":"NONE","seed_source_timestamp":1632232268019491,"circlet_count":0,"master_deck":["Strike_B","Strike_B","Defend_B+1","Defend_B+1","Defend_B","Defend_B+1","Zap+1","Dualcast+1"],"relics":["Cracked Core","Ancient Tea Set","Matryoshka"],"potions_floor_usage":[16,16],"damage_taken":[{"damage":1,"enemies":"Jaw Worm","floor":1,"turns":3},{"damage":1,"enemies":"2 Louse","floor":3,"turns":4},{"damage":2,"enemies":"Small Slimes","floor":5,"turns":4},{"damage":6,"enemies":"Exordium Wildlife","floor":7,"turns":5},{"damage":5,"enemies":"Exordium Thugs","floor":13,"turns":5},{"damage":69,"enemies":"Slime Boss","floor":16,"turns":14}],"seed_played":"3049338324612637868","potions_obtained":[{"floor":3,"key":"Dexterity Potion"},{"floor":13,"key":"Energy Potion"}],"is_trial":false,"path_per_floor":["M","$","M","?","M","R","M","R","T","R","?","?","M","?","R"],"character_chosen":"DEFECT","items_purchased":[],"campfire_rested":1,"item_purchase_floors":[],"current_hp_per_floor":[74,74,73,58,56,75,69,69,69,69,69,69,64,69,69,0],"gold":77,"neow_bonus":"RANDOM_COMMON_RELIC","is_prod":false,"is_daily":false,"chose_seed":false,"campfire_upgraded":3,"win_rate":0.0,"timestamp":1535967954,"path_taken":["M","$","M","?","M","R","M","R","T","R","?","?","M","?","R","BOSS"],"build_version":"2018-08-30","purchased_purges":1,"victory":false,"max_hp_per_floor":[75,75,75,75,75,75,75,75,75,75,75,75,75,80,80,80],"card_choices":[{"not_picked":["Leap","Redo","Doom and Gloom"],"picked":"SKIP","floor":1},{"not_picked":["FTL","Leap","Turbo"],"picked":"SKIP","floor":3},{"not_picked":["Hologram","Recycle","FTL"],"picked":"SKIP","floor":5},{"not_picked":["Ball Lightning","Steam","Stack"],"picked":"SKIP","floor":7},{"not_picked":["Cold Snap","Go for the Eyes","Chaos"],"picked":"SKIP","floor":13}],"player_experience":94410,"relics_obtained":[{"floor":9,"key":"Matryoshka"}],"event_choices":[{"event_name":"Shining Light","player_choice":"Entered Light","floor":4,"damage_taken":0},{"event_name":"The Cleric","player_choice":"Leave","floor":11,"damage_taken":0},{"event_name":"Living Wall","player_choice":"Forget","floor":12,"damage_taken":0},{"event_name":"Big Fish","player_choice":"Donut","floor":14,"damage_taken":0}],"is_beta":false,"boss_relics":[],"items_purged_floors":[2],"is_endless":false,"potions_floor_spawned":[3,13],"killed_by":"Slime Boss","ascension_level":0}