{"gold_per_floor":[119,136,211,211,211,237,249,277,304,304,320,350,350,369,369,474,474,486,486,4,4,0,0,14,40,40,40,40,40,40,51,51,149,149,169,185,29,45,45],"floor_reached":39,"playtime":1943,"items_purged":[],"score":575,"play_id":"a59af5fa-7972-4148-9e0d-429366f3dc14","local_time":"20190213174012","is_ascension_mode":true,"campfire_choices":[{"data":"Sweeping Beam","floor":10,"key":"SMITH"},{"floor":13,"key":"REST"},{"floor":15,"key":"REST"},{"data":"Zap","floor":23,"key":"SMITH"},{"floor":27,"key":"REST"},{"floor":30,"key":"REST"},{"floor":32,"key":"REST"}],"neow_cost":"NONE","seed_source_timestamp":18667707728359,"circlet_count":0,"master_deck":["Strike_B","Strike_B","Strike_B","Defend_B","Defend_B","Defend_B","Defend_B","Zap+1","Dualcast","Leap","Hello World","BootSequence","Reinforced Body","Conserve Battery","Sweeping Beam+1","Coolheaded","Cold Snap","Defragment","Echo Form","Barrage+1","Blizzard","Compile Driver","Defragment","Flash of Steel","Thunder Strike","Compile Driver"],"relics":["Cracked Core","NeowsBlessing","CultistMask","Oddly Smooth Stone","Orichalcum","Gambling Chip","Inserter","Runic Capacitor","Symbiotic Virus","Blue Candle","Bottled Lightning","Busted Crown","Strawberry"],"potions_floor_usage":[8,18],"damage_taken":[{"damage":0,"enemies":"Jaw Worm","floor":1,"turns":1},{"damage":0,"enemies":"2 Louse","floor":2,"turns":1},{"damage":0,"enemies":"Lagavulin","floor":6,"turns":1},{"damage":0,"enemies":"Cultist","floor":7,"turns":4},{"damage":12,"enemies":"3 Sentries","floor":8,"turns":7},{"damage":3,"enemies":"Looter","floor":11,"turns":3},{"damage":20,"enemies":"Gremlin Nob","floor":12,"turns":6},{"damage":0,"enemies":"2 Fungi Beasts","floor":14,"turns":2},{"damage":31,"enemies":"Slime Boss","floor":16,"turns":11},{"damage":2,"enemies":"Chosen","floor":18,"turns":7},{"damage":7,"enemies":"Spheric Guardian","floor":24,"turns":6},{"damage":23,"enemies":"Gremlin Leader","floor":25,"turns":9},{"damage":10,"enemies":"3 Cultists","floor":31,"turns":5},{"damage":44,"enemies":"Collector","floor":33,"turns":9},{"damage":22,"enemies":"Orb Walker","floor":35,"turns":4},{"damage":10,"enemies":"3 Shapes","floor":36,"turns":6},{"damage":53,"enemies":"Transient","floor":38,"turns":5},{"damage":0,"enemies":"Maw","floor":39,"turns":2}],"seed_played":"-7074347359962608298","potions_obtained":[{"floor":1,"key":"Strength Potion"},{"floor":2,"key":"Explosive Potion"},{"floor":11,"key":"FairyPotion"},{"floor":12,"key":"SpeedPotion"},{"floor":24,"key":"GamblersBrew"}],"is_trial":false,"path_per_floor":["M","M","?","?","?","E","M","E","T","R","M","E","R","M","R","B",null,"M","?","$","?","?","R","M","E","T","R","?","$","R","M","R","B",null,"M","M","$","M","M"],"character_chosen":"DEFECT","items_purchased":["Runic Capacitor","Symbiotic Virus","Blizzard","Strawberry"],"campfire_rested":5,"item_purchase_floors":[20,20,20,37],"current_hp_per_floor":[68,68,57,57,57,57,57,45,45,45,42,22,44,44,66,35,65,63,63,63,54,54,54,47,24,24,46,32,32,54,44,66,22,62,40,30,37,8,8],"gold":45,"neow_bonus":"THREE_ENEMY_KILL","is_prod":false,"is_daily":false,"chose_seed":false,"campfire_upgraded":2,"win_rate":0,"timestamp":1550101212,"path_taken":["M","M","?","?","?","E","M","E","T","R","?","E","R","M","R","BOSS","M","?","$","?","?","R","M","E","T","R","?","$","R","M","R","BOSS","M","M","$","?","M"],"build_version":"2019-01-23","purchased_purges":0,"victory":false,"max_hp_per_floor":[75,75,75,75,75,75,75,75,75,75,75,75,75,75,75,75,75,75,75,75,75,75,75,75,75,75,75,75,75,75,75,75,75,75,75,75,82,82,82],"card_choices":[{"not_picked":["Doom and Gloom","Compile Driver"],"picked":"Leap","floor":1},{"not_picked":["Chaos","Cold Snap"],"picked":"Hello World","floor":2},{"not_picked":["Fission","FTL"],"picked":"Reinforced Body","floor":6},{"not_picked":["Rip and Tear","Beam Cell"],"picked":"Conserve Battery","floor":7},{"not_picked":["BootSequence","Genetic Algorithm"],"picked":"Sweeping Beam","floor":8},{"not_picked":["Fusion","BootSequence"],"picked":"Coolheaded","floor":11},{"not_picked":["Turbo","Darkness"],"picked":"Cold Snap","floor":12},{"not_picked":["Hologram","Redo"],"picked":"Defragment","floor":14},{"not_picked":["All For One","Amplify"],"picked":"Echo Form","floor":16},{"not_picked":["Cold Snap","Hologram"],"picked":"Barrage+1","floor":18},{"not_picked":["Force Field","Fusion+1"],"picked":"Compile Driver","floor":24},{"not_picked":["Stack+1","Gash+1"],"picked":"Defragment","floor":25},{"not_picked":["Steam+1","FTL","Go for the Eyes"],"picked":"SKIP","floor":31},{"not_picked":["Reboot","Hyperbeam"],"picked":"Thunder Strike","floor":33},{"not_picked":["Conserve Battery"],"picked":"SKIP","floor":35},{"not_picked":[],"picked":"Compile Driver","floor":36},{"not_picked":["Reprogram"],"picked":"SKIP","floor":38}],"player_experience":483440,"relics_obtained":[{"floor":6,"key":"Oddly Smooth Stone"},{"floor":8,"key":"Orichalcum"},{"floor":12,"key":"Gambling Chip"},{"floor":25,"key":"Blue Candle"},{"floor":26,"key":"Bottled Lightning"}],"event_choices":[{"damage_healed":0,"gold_gain":75,"player_choice":"Gather Gold","damage_taken":11,"max_hp_gain":0,"max_hp_loss":0,"event_name":"World of Goop","floor":3,"gold_loss":0},{"damage_healed":0,"gold_gain":0,"cards_transformed":["Strike_B"],"player_choice":"Change","damage_taken":0,"max_hp_gain":0,"max_hp_loss":0,"event_name":"Living Wall","floor":4,"gold_loss":0,"cards_obtained":["BootSequence"]},{"damage_healed":0,"gold_gain":0,"player_choice":"Trade","damage_taken":0,"relics_obtained":["CultistMask"],"max_hp_gain":0,"max_hp_loss":0,"event_name":"FaceTrader","floor":5,"gold_loss":0},{"damage_healed":0,"gold_gain":0,"player_choice":"Ignored","damage_taken":0,"max_hp_gain":0,"max_hp_loss":0,"event_name":"Ghosts","floor":19,"gold_loss":0},{"damage_healed":0,"gold_gain":0,"player_choice":"Stopped","damage_taken":9,"max_hp_gain":0,"max_hp_loss":0,"event_name":"Cursed Tome","floor":21,"gold_loss":0},{"damage_healed":0,"gold_gain":0,"player_choice":"Paid Fearfully","damage_taken":0,"max_hp_gain":0,"max_hp_loss":0,"event_name":"Masked Bandits","floor":22,"gold_loss":4},{"damage_healed":0,"gold_gain":0,"player_choice":"CARD ","damage_taken":14,"max_hp_gain":0,"max_hp_loss":0,"event_name":"Knowing Skull","floor":28,"potions_obtained":[],"gold_loss":0,"cards_obtained":["Flash of Steel"]}],"is_beta":false,"boss_relics":[{"not_picked":["Nuclear Battery","Pandora\u0027s Box"],"picked":"Inserter"},{"not_picked":["Snecko Eye","Fusion Hammer"],"picked":"Busted Crown"}],"items_purged_floors":[],"is_endless":false,"potions_floor_spawned":[1,2,11,12,24,31,36],"killed_by":"Maw","ascension_level":6}