{"gold_per_floor":[118,118,118,129,140,140,168,15,39,66,66,66,98,98,98,201,201,215,215,260,270,270,270,302,318,318,318,329,348,48,48,48,149,149,164,164,177,177,189,189,169,169,194,219,238,250,250,282,282,282],"floor_reached":51,"playtime":3047,"items_purged":["Strike_B"],"score":909,"play_id":"6497f75e-611c-4858-bbe6-fbbc0ff00037","local_time":"20190325231019","is_ascension_mode":true,"campfire_choices":[{"data":"Dualcast","floor":6,"key":"SMITH"},{"data":"Go for the Eyes","floor":15,"key":"SMITH"},{"data":"Creative AI","floor":23,"key":"SMITH"},{"data":"Sunder","floor":27,"key":"SMITH"},{"floor":32,"key":"REST"},{"data":"Zap","floor":40,"key":"SMITH"},{"data":"Conserve Battery","floor":42,"key":"SMITH"},{"data":"Defend_B","floor":47,"key":"SMITH"},{"floor":49,"key":"REST"}],"neow_cost":"TEN_PERCENT_HP_LOSS","seed_source_timestamp":115754126318623,"circlet_count":0,"master_deck":["Strike_B","Defend_B+1","Defend_B+1","Defend_B+1","Zap+1","Dualcast+1","Go for the Eyes+1","Cold Snap","Conserve Battery+1","Sunder+1","Creative AI+1","Reboot","Conserve Battery+1","Chill+1"],"relics":["Cracked Core","PreservedInsect","Emotion Chip","Centennial Puzzle","Letter Opener","Pantograph","Darkstone Periapt","Busted Crown","Bag of Marbles","Enchiridion","Symbiotic Virus","Regal Pillow","War Paint","Bag of Preparation","MutagenicStrength","Orrery","Oddly Smooth Stone","Gremlin Horn","The Courier"],"potions_floor_usage":[39,44,50,50,50],"damage_taken":[{"damage":2,"enemies":"Jaw Worm","floor":1,"turns":3},{"damage":0,"enemies":"2 Louse","floor":4,"turns":2},{"damage":0,"enemies":"Small Slimes","floor":5,"turns":3},{"damage":17,"enemies":"3 Sentries","floor":7,"turns":6},{"damage":0,"enemies":"Gremlin Nob","floor":10,"turns":3},{"damage":4,"enemies":"Lagavulin","floor":13,"turns":6},{"damage":15,"enemies":"The Guardian","floor":16,"turns":8},{"damage":7,"enemies":"Chosen","floor":18,"turns":7},{"damage":2,"enemies":"3 Byrds","floor":21,"turns":5},{"damage":4,"enemies":"Book of Stabbing","floor":24,"turns":4},{"damage":2,"enemies":"3 Cultists","floor":25,"turns":4},{"damage":4,"enemies":"Snake Plant","floor":28,"turns":2},{"damage":18,"enemies":"Snecko","floor":29,"turns":3},{"damage":16,"enemies":"Champ","floor":33,"turns":10},{"damage":12,"enemies":"3 Shapes","floor":35,"turns":4},{"damage":0,"enemies":"Orb Walker","floor":37,"turns":3},{"damage":8,"enemies":"Transient","floor":39,"turns":5},{"damage":5,"enemies":"Nemesis","floor":44,"turns":7},{"damage":0,"enemies":"4 Shapes","floor":45,"turns":3},{"damage":0,"enemies":"Spire Growth","floor":46,"turns":4},{"damage":30,"enemies":"Giant Head","floor":48,"turns":9},{"damage":35,"enemies":"Donu and Deca","floor":50,"turns":11}],"seed_played":"1472025887603997327","potions_obtained":[{"floor":4,"key":"FocusPotion"},{"floor":13,"key":"Dexterity Potion"},{"floor":21,"key":"SkillPotion"},{"floor":29,"key":"Block Potion"},{"floor":41,"key":"Poison Potion"},{"floor":45,"key":"Explosive Potion"}],"is_trial":false,"path_per_floor":["M","?","?","M","M","R","E","$","T","E","?","$","E","T","R","B",null,"M","?","T","M","?","R","E","M","T","R","M","M","$","?","R","B",null,"M","?","M","?","M","R","?","R","T","E","M","M","R","E","R","B",null],"character_chosen":"DEFECT","items_purchased":["Sunder","War Paint","Bag of Preparation"],"campfire_rested":2,"item_purchase_floors":[8,30,30],"current_hp_per_floor":[66,59,52,52,52,52,35,35,35,35,35,35,31,31,31,41,68,61,61,61,59,43,43,39,37,37,37,33,15,15,15,50,52,68,56,56,56,56,48,48,48,48,48,43,43,43,43,13,48,33],"gold":282,"neow_bonus":"REMOVE_TWO","is_prod":false,"is_daily":false,"chose_seed":false,"campfire_upgraded":7,"win_rate":0,"timestamp":1553573419,"path_taken":["M","?","?","M","M","R","E","$","T","E","?","?","E","?","R","BOSS","M","?","?","M","?","R","E","M","T","R","M","M","?","?","R","BOSS","M","?","M","?","?","R","?","R","T","E","?","M","R","E","R","BOSS"],"build_version":"2019-01-23","purchased_purges":1,"victory":true,"max_hp_per_floor":[68,68,68,68,68,68,68,68,68,68,68,68,68,68,68,68,68,68,68,68,68,68,68,68,68,68,68,68,68,68,68,68,68,68,68,68,68,68,68,68,68,68,68,68,68,68,68,68,68,68],"card_choices":[{"not_picked":["Barrage","Rebound"],"picked":"Go for the Eyes","floor":1},{"not_picked":["Turbo","Compile Driver","Doom and Gloom"],"picked":"SKIP","floor":4},{"not_picked":["Heatsinks","Hologram"],"picked":"Cold Snap","floor":5},{"not_picked":["Doom and Gloom","Rebound"],"picked":"Conserve Battery","floor":7},{"not_picked":["Undo","Leap"],"picked":"Creative AI","floor":10},{"not_picked":["Steam","Loop","Coolheaded"],"picked":"SKIP","floor":13},{"not_picked":["Meteor Strike","Hyperbeam"],"picked":"Reboot","floor":16},{"not_picked":["Steam"],"picked":"SKIP","floor":18},{"not_picked":["Cold Snap"],"picked":"SKIP","floor":21},{"not_picked":["Reprogram"],"picked":"SKIP","floor":24},{"not_picked":["Redo"],"picked":"SKIP","floor":25},{"not_picked":["Stack"],"picked":"SKIP","floor":28},{"not_picked":[],"picked":"Conserve Battery+1","floor":29},{"not_picked":["Coolheaded"],"picked":"SKIP","floor":35},{"not_picked":[],"picked":"Chill+1","floor":37},{"not_picked":["Beam Cell"],"picked":"SKIP","floor":39},{"not_picked":["Cold Snap"],"picked":"SKIP","floor":44},{"not_picked":["Chaos+1"],"picked":"SKIP","floor":45},{"not_picked":["Hologram"],"picked":"SKIP","floor":46},{"not_picked":["Streamline"],"picked":"SKIP","floor":48}],"player_experience":87349,"relics_obtained":[{"floor":7,"key":"Emotion Chip"},{"floor":9,"key":"Centennial Puzzle"},{"floor":10,"key":"Letter Opener"},{"floor":13,"key":"Pantograph"},{"floor":14,"key":"Darkstone Periapt"},{"floor":20,"key":"Bag of Marbles"},{"floor":22,"key":"Enchiridion"},{"floor":24,"key":"Symbiotic Virus"},{"floor":26,"key":"Regal Pillow"},{"floor":43,"key":"Oddly Smooth Stone"},{"floor":44,"key":"Gremlin Horn"},{"floor":48,"key":"The Courier"}],"event_choices":[{"cards_removed":["Strike_B"],"damage_healed":0,"gold_gain":0,"player_choice":"Card Removal","damage_taken":7,"max_hp_gain":0,"max_hp_loss":0,"event_name":"Golden Wing","floor":2,"gold_loss":0},{"damage_healed":0,"gold_gain":0,"player_choice":"Success","damage_taken":7,"relics_obtained":["PreservedInsect"],"max_hp_gain":0,"max_hp_loss":0,"event_name":"Scrap Ooze","floor":3,"gold_loss":0},{"damage_healed":0,"gold_gain":0,"player_choice":"Ignored","damage_taken":0,"max_hp_gain":0,"max_hp_loss":0,"event_name":"Golden Idol","floor":11,"gold_loss":0},{"damage_healed":0,"gold_gain":0,"player_choice":"Ignored","damage_taken":0,"max_hp_gain":0,"max_hp_loss":0,"event_name":"The Mausoleum","floor":19,"gold_loss":0},{"damage_healed":0,"gold_gain":0,"player_choice":"Obtained Book","damage_taken":16,"max_hp_gain":0,"max_hp_loss":0,"event_name":"Cursed Tome","floor":22,"gold_loss":0},{"damage_healed":0,"gold_gain":0,"player_choice":"Inject Mutagens","damage_taken":0,"relics_obtained":["MutagenicStrength"],"max_hp_gain":0,"max_hp_loss":0,"event_name":"Drug Dealer","floor":31,"gold_loss":0},{"damage_healed":0,"gold_gain":0,"player_choice":"Ignored","damage_taken":0,"max_hp_gain":0,"max_hp_loss":0,"event_name":"Tomb of Lord Red Mask","floor":36,"gold_loss":0},{"damage_healed":0,"gold_gain":0,"player_choice":"Got Potions","damage_taken":0,"max_hp_gain":0,"max_hp_loss":0,"event_name":"Lab","floor":38,"gold_loss":0},{"damage_healed":0,"gold_gain":0,"player_choice":"Bought 1 Potion","damage_taken":0,"max_hp_gain":0,"max_hp_loss":0,"event_name":"The Woman in Blue","floor":41,"gold_loss":0}],"is_beta":false,"boss_relics":[{"not_picked":["Pandora\u0027s Box","Snecko Eye"],"picked":"Busted Crown"},{"not_picked":["Runic Dome","White Beast Statue"],"picked":"Orrery"}],"items_purged_floors":[8],"is_endless":false,"potions_floor_spawned":[4,13,21,24,25,29,37,45],"ascension_level":4}