{"gold_per_floor":[364,379,396,409,427,427,427,447,528,542,183,183,282,300,300,429,429,453,484,56,56,56,89,108,131,131,144,163,184,184,37,37,158,158,158,380,380,36,36,36,36,56,81,104,119,119,83,104,104,104],"floor_reached":50,"playtime":3191,"items_purged":[],"score":531,"play_id":"611a3903-7a59-4183-bf06-370d5b177ebc","local_time":"20181102023042","is_ascension_mode":true,"campfire_choices":[{"data":"Perfected Strike","floor":6,"key":"SMITH"},{"data":"Entrench","floor":15,"key":"SMITH"},{"floor":30,"key":"REST"},{"floor":32,"key":"REST"},{"floor":40,"key":"REST"},{"floor":49,"key":"REST"}],"neow_cost":"PERCENT_DAMAGE","seed_source_timestamp":344418061198341,"circlet_count":0,"master_deck":["Strike_R","Strike_R","Strike_R","Strike_R","Strike_R","Defend_R","Defend_R","Defend_R","Bash","Fire Breathing+1","Metallicize","Ghostly Armor","Anger","Perfected Strike+1","Headbutt","Entrench+1","Feel No Pain","Uppercut","Impervious","Shrug It Off","Shrug It Off","Warcry","Immolate","Shrug It Off","Metallicize","Pummel","Armaments+1","Perfected Strike","Inflame","PanicButton","Combust"],"relics":["Burning Blood","Kunai","TheAbacus","Juzu Bracelet","Golden Idol","Tiny Chest","Busted Crown","Red Mask","Strange Spoon","Oddly Smooth Stone","Mummified Hand","Pocketwatch","Bottled Flame","Art of War","Fusion Hammer","Ginger","Regal Pillow"],"potions_floor_usage":[4,8,16,16,16,19,25,28,29,29,37,48,48],"damage_taken":[{"damage":1,"enemies":"2 Louse","floor":1,"turns":4},{"damage":4,"enemies":"Small Slimes","floor":2,"turns":4},{"damage":4,"enemies":"Jaw Worm","floor":3,"turns":6},{"damage":6,"enemies":"Large Slime","floor":4,"turns":6},{"damage":8,"enemies":"Blue Slaver","floor":5,"turns":5},{"damage":4,"enemies":"3 Louse","floor":8,"turns":4},{"damage":10,"enemies":"2 Fungi Beasts","floor":10,"turns":4},{"damage":10,"enemies":"3 Sentries","floor":13,"turns":8},{"damage":16,"enemies":"Blue Slaver","floor":14,"turns":4},{"damage":25,"enemies":"Hexaghost","floor":16,"turns":8},{"damage":30,"enemies":"Chosen","floor":18,"turns":7},{"damage":27,"enemies":"Masked Bandits","floor":19,"turns":5},{"damage":23,"enemies":"Book of Stabbing","floor":23,"turns":6},{"damage":10,"enemies":"3 Byrds","floor":24,"turns":7},{"damage":15,"enemies":"Snake Plant","floor":25,"turns":3},{"damage":10,"enemies":"Centurion and Healer","floor":27,"turns":4},{"damage":0,"enemies":"3 Cultists","floor":28,"turns":5},{"damage":18,"enemies":"Snake Plant","floor":29,"turns":5},{"damage":37,"enemies":"Automaton","floor":33,"turns":15},{"damage":34,"enemies":"3 Shapes","floor":35,"turns":3},{"damage":0,"enemies":"3 Darklings","floor":37,"turns":1},{"damage":14,"enemies":"Sphere and 2 Shapes","floor":42,"turns":4},{"damage":0,"enemies":"Maw","floor":44,"turns":8},{"damage":33,"enemies":"Spire Growth","floor":45,"turns":4},{"damage":17,"enemies":"3 Darklings","floor":48,"turns":3},{"damage":74,"enemies":"Awakened One","floor":50,"turns":8}],"seed_played":"4349843439841334379","potions_obtained":[{"floor":1,"key":"Block Potion"},{"floor":2,"key":"SpeedPotion"},{"floor":4,"key":"Strength Potion"},{"floor":5,"key":"Block Potion"},{"floor":14,"key":"LiquidBronze"},{"floor":16,"key":"Poison Potion"},{"floor":23,"key":"EssenceOfSteel"},{"floor":24,"key":"Fire Potion"},{"floor":25,"key":"SpeedPotion"},{"floor":27,"key":"AttackPotion"},{"floor":29,"key":"SmokeBomb"},{"floor":42,"key":"Regen Potion"},{"floor":45,"key":"Block Potion"}],"is_trial":false,"path_per_floor":["M","M","M","M","M","R","?","M","T","M","$","?","?","M","R","B",null,"M","?","$","?","T","E","M","M","T","M","M","M","R","$","R","B",null,"M","?","M","$","?","R","$","M","T","M","M","?","$","M","R","B"],"character_chosen":"IRONCLAD","items_purchased":["TheAbacus","Juzu Bracelet","Strange Spoon","Shrug It Off","Oddly Smooth Stone","Warcry","Art of War","Perfected Strike","Ginger","Combust"],"campfire_rested":4,"item_purchase_floors":[11,11,20,20,20,20,31,38,38,47],"current_hp_per_floor":[61,63,65,65,63,63,63,65,65,61,61,61,57,47,47,28,74,50,29,29,53,53,36,32,23,23,19,25,13,35,35,57,26,74,46,46,52,52,52,74,74,66,66,72,45,45,45,43,74,0],"gold":104,"neow_bonus":"TWO_FIFTY_GOLD","is_prod":false,"is_daily":false,"chose_seed":false,"campfire_upgraded":2,"win_rate":0,"timestamp":1541143842,"path_taken":["M","M","M","M","M","R","?","M","T","M","$","?","?","M","R","BOSS","M","?","$","?","?","E","M","M","T","M","M","M","R","$","R","BOSS","M","?","M","$","?","R","$","M","T","M","M","?","$","M","R","BOSS"],"build_version":"2018-11-01","purchased_purges":0,"victory":false,"max_hp_per_floor":[80,80,80,80,80,80,80,80,80,80,80,74,74,74,74,74,74,74,74,74,74,74,74,74,74,74,74,74,74,74,74,74,74,74,74,74,74,74,74,74,74,74,74,74,74,74,74,74,74,74],"card_choices":[{"not_picked":["Flex","Second Wind"],"picked":"Fire Breathing","floor":1},{"not_picked":["Rage","Headbutt"],"picked":"Metallicize","floor":2},{"not_picked":["Havoc","Warcry"],"picked":"Ghostly Armor","floor":3},{"not_picked":["True Grit","Sword Boomerang"],"picked":"Anger","floor":4},{"not_picked":["Wild Strike","Offering"],"picked":"Perfected Strike","floor":5},{"not_picked":["Clothesline","Warcry"],"picked":"Headbutt","floor":8},{"not_picked":["Uppercut","Flex"],"picked":"Entrench","floor":10},{"not_picked":["Dropkick","True Grit"],"picked":"Feel No Pain","floor":13},{"not_picked":["Clash","Havoc"],"picked":"Uppercut","floor":14},{"not_picked":["Demon Form","Juggernaut"],"picked":"Impervious","floor":16},{"not_picked":["Disarm+1"],"picked":"SKIP","floor":18},{"not_picked":[],"picked":"Shrug It Off","floor":19},{"not_picked":[],"picked":"Immolate","floor":23},{"not_picked":[],"picked":"Shrug It Off","floor":24},{"not_picked":["True Grit"],"picked":"SKIP","floor":25},{"not_picked":[],"picked":"Metallicize","floor":27},{"not_picked":[],"picked":"Pummel","floor":28},{"not_picked":[],"picked":"Armaments+1","floor":29},{"not_picked":["Twin Strike+1"],"picked":"SKIP","floor":35},{"not_picked":[],"picked":"Inflame","floor":42},{"not_picked":["Flex+1"],"picked":"SKIP","floor":44},{"not_picked":["Disarm+1"],"picked":"SKIP","floor":45},{"not_picked":[],"picked":"PanicButton","floor":46},{"not_picked":["Sever Soul+1"],"picked":"SKIP","floor":48}],"player_experience":255726,"relics_obtained":[{"floor":9,"key":"Kunai"},{"floor":19,"key":"Red Mask"},{"floor":22,"key":"Mummified Hand"},{"floor":23,"key":"Pocketwatch"},{"floor":26,"key":"Bottled Flame"},{"floor":43,"key":"Regal Pillow"}],"event_choices":[{"damage_healed":0,"gold_gain":0,"player_choice":"Grow","damage_taken":0,"max_hp_gain":0,"max_hp_loss":0,"event_name":"Living Wall","floor":7,"gold_loss":0,"cards_upgraded":["Fire Breathing"]},{"damage_healed":0,"gold_gain":0,"player_choice":"Lose Max HP","damage_taken":0,"relics_obtained":["Golden Idol"],"max_hp_gain":0,"max_hp_loss":6,"event_name":"Golden Idol","floor":12,"gold_loss":0},{"damage_healed":0,"gold_gain":0,"player_choice":"Searched \u00273\u0027 times","damage_taken":0,"relics_obtained":["Tiny Chest"],"max_hp_gain":0,"max_hp_loss":0,"event_name":"Dead Adventurer","floor":13,"gold_loss":0},{"damage_healed":0,"gold_gain":0,"player_choice":"Fought Bandits","damage_taken":0,"max_hp_gain":0,"max_hp_loss":0,"event_name":"Masked Bandits","floor":19,"gold_loss":0},{"damage_healed":24,"gold_gain":0,"player_choice":"Heal","damage_taken":0,"max_hp_gain":0,"max_hp_loss":0,"event_name":"The Library","floor":21,"gold_loss":0},{"damage_healed":0,"gold_gain":222,"player_choice":"Wore Mask","damage_taken":0,"max_hp_gain":0,"max_hp_loss":0,"event_name":"Tomb of Lord Red Mask","floor":36,"gold_loss":0},{"cards_removed":["Defend_R"],"damage_healed":0,"gold_gain":0,"player_choice":"Removed Skill","damage_taken":0,"max_hp_gain":0,"max_hp_loss":0,"event_name":"Falling","floor":39,"gold_loss":0},{"damage_healed":0,"gold_gain":0,"player_choice":"Memory 1","damage_taken":0,"max_hp_gain":0,"max_hp_loss":0,"event_name":"SensoryStone","floor":46,"gold_loss":0}],"is_beta":false,"boss_relics":[{"not_picked":["Snecko Eye","Philosopher\u0027s Stone"],"picked":"Busted Crown"},{"not_picked":["Black Star","Pandora\u0027s Box"],"picked":"Fusion Hammer"}],"items_purged_floors":[],"is_endless":false,"potions_floor_spawned":[1,2,4,5,14,16,23,24,25,27,29,37,42,45],"killed_by":"Awakened One","ascension_level":2}