{"path_per_floor":["M","$","?","$","M","R","E","R","T","M","?","E","M","M","R","B",null,"M","$","?","?","?","R","?","?","T","M","R"],"character_chosen":"IRONCLAD","items_purchased":["Metallicize","Orichalcum"],"gold_per_floor":[118,3,3,3,20,20,52,52,103,121,121,150,169,183,183,279,279,289,37,37,37,37,37,37,37,37,52,52],"floor_reached":29,"campfire_rested":1,"playtime":1813,"current_hp_per_floor":[70,70,54,54,60,60,45,45,45,50,50,16,19,25,49,34,80,64,64,64,80,80,80,80,80,80,77,77],"items_purged":["Berserk","Strike_R"],"gold":52,"play_id":"6fb91af2-25f5-4502-83ac-a06ee44c535f","is_prod":false,"is_daily":false,"is_ascension_mode":false,"campfire_upgraded":4,"path_taken":["M","$","?","$","?","R","E","R","T","M","?","E","?","M","R","BOSS","M","$","?","?","?","R","?","?","T","M","R","E"],"build_version":"2018-02-01-PROD3","purchased_purges":3,"victory":false,"master_deck":["Strike_R","Strike_R","Strike_R","Defend_R+1","Defend_R","Defend_R","Defend_R","Bash+1","Inflame+1","Metallicize+1","Burning Pact","Burning Pact","Armaments","Sword Boomerang","Sentinel+1","Pommel Strike","Barricade+1","Power Through","Metallicize+1","Heavy Blade"],"max_hp_per_floor":[80,80,80,80,80,80,80,80,80,80,80,80,80,80,80,80,80,80,80,80,80,80,80,80,80,80,80,80],"relics":["Burning Blood","Unceasing Top","Oddly Smooth Stone","Runic Pyramid","Orichalcum","Nloth\u0027s Gift","Ice Cream"],"card_choices":[{"not_picked":["Flex","Sword Boomerang"],"picked":"Inflame"},{"not_picked":["Thunderclap","Bloodletting"],"picked":"Burning Pact"},{"not_picked":["Body Slam","Iron Wave"],"picked":"Burning Pact"},{"not_picked":["Clash","Twin Strike"],"picked":"Armaments"},{"not_picked":["Body Slam","Twin Strike"],"picked":"Sword Boomerang"},{"not_picked":["Iron Wave","Shrug It Off"],"picked":"Sentinel"},{"not_picked":["Flex","Anger"],"picked":"Pommel Strike"},{"not_picked":["Double Tap","Feed"],"picked":"Barricade"},{"not_picked":["Dual Wield","Heavy Blade"],"picked":"Power Through"},{"not_picked":["Clash","Clothesline"],"picked":"Heavy Blade"}],"player_experience":59917,"potions_floor_usage":[14,16,29],"damage_taken":[{"damage":16,"enemies":"Jaw Worm","floor":1,"turns":5},{"damage":0,"enemies":"2 Louse","floor":5,"turns":3},{"damage":21,"enemies":"3 Sentries","floor":7,"turns":11},{"damage":1,"enemies":"Blue Slaver","floor":10,"turns":5},{"damage":40,"enemies":"Gremlin Nob","floor":12,"turns":5},{"damage":3,"enemies":"2 Fungi Beasts","floor":13,"turns":4},{"damage":0,"enemies":"Lots of Slimes","floor":14,"turns":1},{"damage":21,"enemies":"Slime Boss","floor":16,"turns":10},{"damage":22,"enemies":"Spheric Guardian","floor":18,"turns":10},{"damage":9,"enemies":"Chosen","floor":27,"turns":9},{"damage":82,"enemies":"Slavers","floor":29,"turns":7}],"event_choices":[{"event_name":"Shining Light","player_choice":"Entered Light","floor":3,"damage_taken":0},{"event_name":"Purifier","player_choice":"One Purge","floor":11,"damage_taken":0},{"event_name":"Duplicator","player_choice":"One dupe","floor":20,"damage_taken":0},{"event_name":"The Library","player_choice":"Heal","floor":21,"damage_taken":0},{"event_name":"N\u0027loth","player_choice":"Traded a Centennial Puzzle","floor":22,"damage_taken":0},{"event_name":"Addict","player_choice":"Ignored","floor":24,"damage_taken":0},{"event_name":"Beggar","player_choice":"Ignored","floor":25,"damage_taken":0}],"boss_relics":[{"not_picked":["Runic Dome","Lizard Tail"],"picked":"Runic Pyramid"}],"potions_floor_spawned":[12,13,18],"seed_played":"-6554652621925300757","killed_by":"Slavers","ascension_level":0,"is_trial":false}