{"gold_per_floor":[110,37,52,63,120,120,34,34,34,44,44,44,44,44,44,142,192,202,301,301,327,340,340],"floor_reached":23,"playtime":1589,"items_purged":[],"score":309,"play_id":"0051bdf2-6524-4519-8472-bf263cf5a6b3","local_time":"20190225134153","is_ascension_mode":true,"campfire_choices":[{"data":"Zap","floor":6.0,"key":"SMITH"},{"data":"Coolheaded","floor":8.0,"key":"SMITH"},{"data":"Hello World","floor":13.0,"key":"SMITH"},{"data":"Dualcast","floor":15.0,"key":"SMITH"}],"neow_cost":"NONE","seed_source_timestamp":650035304354309,"circlet_count":0,"master_deck":["Strike_B","Strike_B","Strike_B","Strike_B","Defend_B+1","Defend_B","Defend_B","Defend_B","Zap+1","Dualcast+1","Conserve Battery","Hello World+1","Stack","Melter+1","Blizzard+1","Coolheaded+1","Blizzard","Creative AI","Chaos","Stack","Necronomicurse","Self Repair+1"],"special_seed":0,"relics":["Eternal Feather","Darkstone Periapt","Tiny House","Necronomicon","Regal Pillow"],"potions_floor_usage":[23,23],"damage_taken":[{"damage":4.0,"enemies":"Small Slimes","floor":1.0,"turns":4.0},{"damage":2.0,"enemies":"2 Louse","floor":3.0,"turns":5.0},{"damage":2.0,"enemies":"Jaw Worm","floor":4.0,"turns":4.0},{"damage":10.0,"enemies":"3 Louse","floor":10.0,"turns":5.0},{"damage":0.0,"enemies":"Exordium Thugs","floor":12.0,"turns":2.0},{"damage":0.0,"enemies":"The Guardian","floor":16.0,"turns":16.0},{"damage":15.0,"enemies":"Shell Parasite","floor":18.0,"turns":8.0},{"damage":0.0,"enemies":"Spheric Guardian","floor":22.0,"turns":3.0},{"damage":51,"enemies":"Book of Stabbing","floor":23,"turns":7}],"seed_played":"-134462165614590502","potions_obtained":[{"floor":3.0,"key":"Regen Potion"},{"floor":10.0,"key":"SmokeBomb"},{"floor":17.0,"key":"SneckoOil"}],"is_trial":false,"path_per_floor":["M","$","M","M","?","R","$","R","T","M","$","M","R","?","R","B",null,"M","?","?","T","M","E"],"character_chosen":"DEFECT","items_purchased":["Hello World","Blizzard","Coolheaded"],"campfire_rested":0,"item_purchase_floors":[2,7,7],"current_hp_per_floor":[64,64,62,60,60,66,66,75,75,65,65,65,74,59,68,68,78,63,63,53,53,53,17],"gold":340,"neow_bonus":"BOSS_RELIC","is_prod":false,"is_daily":false,"chose_seed":false,"campfire_upgraded":4,"win_rate":0,"timestamp":1551123713,"path_taken":["M","$","M","M","?","R","$","R","T","M","$","M","R","?","R","BOSS","M","?","?","?","M","E"],"build_version":"2019-01-23","purchased_purges":0,"victory":false,"max_hp_per_floor":[75,75,75,75,75,75,75,75,75,75,75,75,75,75,75,75,80,80,80,86,86,86,86],"card_choices":[{"not_picked":["Turbo","Barrage"],"picked":"Conserve Battery","floor":1.0},{"not_picked":["Double Energy","Consume"],"picked":"Stack","floor":3.0},{"not_picked":["Coolheaded","Steam"],"picked":"Melter","floor":4.0},{"not_picked":["Gash","Fusion"],"picked":"Blizzard","floor":10.0},{"not_picked":["Amplify","Buffer"],"picked":"Creative AI","floor":16.0},{"not_picked":["Barrage","Sweeping Beam"],"picked":"Chaos","floor":17.0},{"not_picked":["Beam Cell","Reinforced Body"],"picked":"Stack","floor":18.0},{"not_picked":["Redo","Stack"],"picked":"Self Repair+1","floor":22.0}],"player_experience":562295,"relics_obtained":[{"floor":9.0,"key":"Darkstone Periapt"},{"floor":20.0,"key":"Necronomicon"},{"floor":21.0,"key":"Regal Pillow"}],"event_choices":[{"damage_healed":0.0,"max_hp_gain":0.0,"max_hp_loss":0.0,"gold_gain":57.0,"event_name":"Golden Wing","player_choice":"Gained Gold","floor":5.0,"gold_loss":0.0,"damage_taken":0.0},{"damage_healed":0.0,"max_hp_gain":0.0,"max_hp_loss":0.0,"gold_gain":0.0,"event_name":"Shining Light","player_choice":"Entered Light","floor":14.0,"gold_loss":0.0,"damage_taken":15.0,"cards_upgraded":["Melter","Defend_B"]},{"damage_healed":0.0,"max_hp_gain":0.0,"max_hp_loss":0.0,"gold_gain":99.0,"event_name":"Nest","player_choice":"Stole From Cult","floor":19.0,"gold_loss":0.0,"damage_taken":0.0},{"damage_healed":0.0,"max_hp_gain":0.0,"max_hp_loss":0.0,"gold_gain":0.0,"event_name":"Cursed Tome","player_choice":"Obtained Book","floor":20.0,"gold_loss":0.0,"damage_taken":16.0}],"is_beta":false,"boss_relics":[{"not_picked":["Lizard Tail","White Beast Statue"],"picked":"Tiny House"}],"items_purged_floors":[],"is_endless":false,"potions_floor_spawned":[3,10,12],"killed_by":"Book of Stabbing","ascension_level":7}