{"gold_per_floor":[119,130,130,144,158,186,34,68,115,133,133,145,145,158,158,258,258,275,275,293,310,61,61,12,28,28,40,51,51,51,71,71,172,172,188,202,218,230,243,243,260,260,260,291,305,215,248,265,265,265],"floor_reached":51,"playtime":3651,"items_purged":[],"score":704,"play_id":"8ff14d29-4f44-4835-9b46-d6f1b7fefe65","local_time":"20190413011047","is_ascension_mode":false,"campfire_choices":[{"data":"Demon Form","floor":11,"key":"SMITH"},{"data":"Body Slam","floor":15,"key":"SMITH"},{"data":"Whirlwind","floor":23,"key":"SMITH"},{"data":"Shockwave","floor":30,"key":"SMITH"},{"data":"Flame Barrier","floor":32,"key":"SMITH"},{"data":"Dark Shackles","floor":40,"key":"SMITH"},{"data":"Defend_R","floor":42,"key":"SMITH"},{"data":"Defend_R","floor":49,"key":"SMITH"}],"neow_cost":"NONE","seed_source_timestamp":514184381972968,"circlet_count":0,"master_deck":["Strike_R","Strike_R+1","Strike_R","Strike_R","Defend_R","Defend_R+1","Defend_R","Defend_R+1","Bash+1","Flame Barrier+1","Whirlwind+1","Dark Shackles+1","Shockwave+1","Infernal Blade","Demon Form+1","Cleave+1","Body Slam+1","Blood for Blood","Shrug It Off+1","Reaper","Shrug It Off+1","True Grit+1","Impervious+1","Shrug It Off+1","Exhume+1","Feel No Pain+1","Flex+1","Parasite","Juggernaut+1","Berserk+1","Sentinel+1","Parasite","Perfected Strike+1"],"relics":["Burning Blood","Pear","Vajra","Toxic Egg 2","Meat on the Bone","Coffee Dripper","Nloth\u0027s Gift","Chemical X","Frozen Egg 2","Snecko Eye","Bird Faced Urn","Dream Catcher","Bag of Preparation"],"potions_floor_usage":[16,16,16,33,35,39,41,44,47,50],"damage_taken":[{"damage":5,"enemies":"Small Slimes","floor":1,"turns":3},{"damage":1,"enemies":"Cultist","floor":2,"turns":4},{"damage":0,"enemies":"2 Louse","floor":4,"turns":2},{"damage":8,"enemies":"Gremlin Gang","floor":5,"turns":4},{"damage":21,"enemies":"Lagavulin","floor":6,"turns":8},{"damage":17,"enemies":"3 Sentries","floor":8,"turns":5},{"damage":3,"enemies":"Red Slaver","floor":10,"turns":5},{"damage":7,"enemies":"Blue Slaver","floor":12,"turns":4},{"damage":17,"enemies":"Exordium Thugs","floor":14,"turns":3},{"damage":42,"enemies":"Slime Boss","floor":16,"turns":9},{"damage":0,"enemies":"Spheric Guardian","floor":18,"turns":3},{"damage":7,"enemies":"Shell Parasite","floor":20,"turns":5},{"damage":5,"enemies":"Cultist and Chosen","floor":21,"turns":4},{"damage":4,"enemies":"Shelled Parasite and Fungi","floor":25,"turns":4},{"damage":0,"enemies":"Centurion and Healer","floor":27,"turns":3},{"damage":0,"enemies":"Snecko","floor":28,"turns":3},{"damage":0,"enemies":"3 Cultists","floor":31,"turns":1},{"damage":28,"enemies":"Automaton","floor":33,"turns":11},{"damage":0,"enemies":"3 Darklings","floor":35,"turns":2},{"damage":1,"enemies":"Orb Walker","floor":36,"turns":4},{"damage":17,"enemies":"3 Darklings","floor":37,"turns":3},{"damage":0,"enemies":"Jaw Worm Horde","floor":38,"turns":1},{"damage":5,"enemies":"Writhing Mass","floor":39,"turns":3},{"damage":12,"enemies":"Maw","floor":41,"turns":5},{"damage":4,"enemies":"Giant Head","floor":44,"turns":8},{"damage":20,"enemies":"Sphere and 2 Shapes","floor":45,"turns":3},{"damage":6,"enemies":"Reptomancer","floor":47,"turns":4},{"damage":6,"enemies":"Writhing Mass","floor":48,"turns":5},{"damage":24,"enemies":"Time Eater","floor":50,"turns":9}],"seed_played":"7399739851447893216","potions_obtained":[{"floor":4,"key":"Strength Potion"},{"floor":8,"key":"Regen Potion"},{"floor":14,"key":"Explosive Potion"},{"floor":21,"key":"SteroidPotion"},{"floor":27,"key":"Energy Potion"},{"floor":28,"key":"Block Potion"},{"floor":37,"key":"Weak Potion"},{"floor":39,"key":"Strength Potion"},{"floor":41,"key":"Block Potion"},{"floor":45,"key":"LiquidBronze"},{"floor":48,"key":"SteroidPotion"}],"is_trial":false,"path_per_floor":["M","M","?","M","M","E","$","E","T","M","R","M","T","M","R","B",null,"M","?","M","M","$","R","$","M","T","M","M","$","R","M","R","B",null,"M","M","M","M","M","R","M","R","T","E","M","?","E","M","R","B",null],"character_chosen":"IRONCLAD","items_purchased":["Vajra","Shrug It Off+1","Chemical X","True Grit+1"],"campfire_rested":0,"item_purchase_floors":[7,22,22,24],"current_hp_per_floor":[88,88,88,88,86,81,81,70,70,73,73,72,72,61,61,52,98,98,98,97,98,98,98,98,98,98,98,98,98,98,98,98,90,98,98,98,96,98,98,98,92,92,92,98,84,84,98,98,98,98],"gold":265,"neow_bonus":"TEN_PERCENT_HP_BONUS","is_prod":false,"is_daily":false,"chose_seed":false,"campfire_upgraded":8,"win_rate":0.0,"timestamp":1555143047,"path_taken":["M","M","?","M","?","E","$","E","T","M","R","M","?","M","R","BOSS","M","?","M","?","$","R","$","M","T","M","?","?","R","M","R","BOSS","M","M","M","M","M","R","M","R","T","E","M","?","E","M","R","BOSS"],"build_version":"2019-01-23","purchased_purges":0,"victory":true,"max_hp_per_floor":[88,88,88,88,88,98,98,98,98,98,98,98,98,98,98,98,98,98,98,98,98,98,98,98,98,98,98,98,98,98,98,98,98,98,98,98,98,98,98,98,98,98,98,98,98,98,98,98,98,98],"card_choices":[{"not_picked":["Shrug It Off","Sword Boomerang"],"picked":"Flame Barrier","floor":1},{"not_picked":["Intimidate","Clash"],"picked":"Whirlwind","floor":2},{"not_picked":["True Grit","Sword Boomerang"],"picked":"Infernal Blade","floor":4},{"not_picked":["Sword Boomerang","Flex"],"picked":"Demon Form","floor":5},{"not_picked":["Burning Pact","Carnage"],"picked":"Cleave","floor":6},{"not_picked":["Wild Strike","Immolate","Second Wind"],"picked":"SKIP","floor":8},{"not_picked":["Seeing Red+1","Heavy Blade"],"picked":"Body Slam","floor":10},{"not_picked":["Wild Strike","Perfected Strike"],"picked":"Blood for Blood","floor":12},{"not_picked":["Clothesline","Intimidate+1"],"picked":"Shrug It Off+1","floor":14},{"not_picked":["Immolate","Offering+1"],"picked":"Reaper","floor":16},{"not_picked":["Fire Breathing","Twin Strike","Iron Wave"],"picked":"SKIP","floor":18},{"not_picked":["Perfected Strike+1","Havoc+1","Intimidate+1"],"picked":"SKIP","floor":20},{"not_picked":["Pommel Strike","Havoc+1","Twin Strike+1"],"picked":"SKIP","floor":21},{"not_picked":["Perfected Strike+1","Armaments+1"],"picked":"Impervious+1","floor":25},{"not_picked":["Shockwave+1","Clothesline"],"picked":"Shrug It Off+1","floor":27},{"not_picked":["Shrug It Off+1","Cleave+1","Infernal Blade+1"],"picked":"SKIP","floor":28},{"not_picked":["Perfected Strike","Cleave","Second Wind+1"],"picked":"SKIP","floor":31},{"not_picked":["Fiend Fire","Immolate"],"picked":"Exhume+1","floor":33},{"not_picked":["Thunderclap","Warcry+1"],"picked":"Feel No Pain+1","floor":35},{"not_picked":["Pommel Strike+1","Wild Strike+1","Clothesline"],"picked":"SKIP","floor":36},{"not_picked":["Iron Wave+1","Body Slam","Thunderclap+1"],"picked":"SKIP","floor":37},{"not_picked":["Rupture+1","Uppercut"],"picked":"Flex+1","floor":38},{"not_picked":["Clash","Searing Blow","Heavy Blade"],"picked":"SKIP","floor":39},{"not_picked":["Headbutt+1","Rampage+1"],"picked":"Juggernaut+1","floor":41},{"not_picked":["Heavy Blade","Fiend Fire"],"picked":"Berserk+1","floor":44},{"not_picked":["Wild Strike","Inflame+1","Warcry+1"],"picked":"SKIP","floor":45},{"not_picked":["Clash","Armaments+1"],"picked":"Sentinel+1","floor":47},{"not_picked":["Battle Trance+1","Intimidate+1"],"picked":"Perfected Strike+1","floor":48}],"player_experience":54371,"relics_obtained":[{"floor":6,"key":"Pear"},{"floor":8,"key":"Toxic Egg 2"},{"floor":9,"key":"Whetstone"},{"floor":13,"key":"Meat on the Bone"},{"floor":26,"key":"Frozen Egg 2"},{"floor":43,"key":"Bird Faced Urn"},{"floor":44,"key":"Dream Catcher"},{"floor":47,"key":"Bag of Preparation"}],"event_choices":[{"damage_healed":0,"gold_gain":0,"player_choice":"2 cards matched","damage_taken":0,"max_hp_gain":0,"max_hp_loss":0,"event_name":"Match and Keep!","floor":3,"gold_loss":0,"cards_obtained":["Dark Shackles","Shockwave"]},{"damage_healed":0,"gold_gain":0,"player_choice":"Traded Relic","damage_taken":0,"relics_obtained":["Nloth\u0027s Gift"],"max_hp_gain":0,"max_hp_loss":0,"event_name":"N\u0027loth","floor":19,"relics_lost":["Whetstone"],"gold_loss":0},{"cards_removed":["Strike_R"],"damage_healed":0,"gold_gain":0,"player_choice":"Upgrade and Remove","damage_taken":0,"max_hp_gain":0,"max_hp_loss":0,"event_name":"Designer","floor":46,"gold_loss":90,"cards_upgraded":["Strike_R"]}],"is_beta":false,"boss_relics":[{"not_picked":["Black Star","Astrolabe"],"picked":"Coffee Dripper"},{"not_picked":["Busted Crown","Velvet Choker"],"picked":"Snecko Eye"}],"items_purged_floors":[],"is_endless":false,"potions_floor_spawned":[4,8,14,21,27,28,31,37,39,41,45,48],"ascension_level":0}