{"gold_per_floor":[114,125,125,125,135,135,145,176,176,207,132,132,144,419,419,419],"floor_reached":16,"playtime":626,"items_purged":["Regret"],"score":146,"play_id":"74b49720-b0eb-48cf-bc9e-bb6ec55218a3","local_time":"20181022231101","is_ascension_mode":true,"campfire_choices":[{"data":"Reckless Charge","floor":6,"key":"SMITH"},{"data":"Burning Pact","floor":15,"key":"SMITH"}],"neow_cost":"NONE","seed_source_timestamp":82231273890560,"circlet_count":0,"master_deck":["Strike_R","Strike_R","Strike_R","Strike_R","Strike_R","Defend_R","Defend_R","Defend_R","Defend_R","Bash","Burning Pact+1","Reckless Charge+1","Clash","Infernal Blade","Wild Strike","Pommel Strike+1","Wild Strike","Regret"],"relics":["Burning Blood","NeowsBlessing","Paper Frog","Blue Candle","Pear","Darkstone Periapt"],"potions_floor_usage":[8,10,16,16,16],"damage_taken":[{"damage":0,"enemies":"2 Louse","floor":1,"turns":1},{"damage":0,"enemies":"Jaw Worm","floor":2,"turns":1},{"damage":0,"enemies":"Small Slimes","floor":5,"turns":1},{"damage":13,"enemies":"Blue Slaver","floor":7,"turns":2},{"damage":27,"enemies":"Lagavulin","floor":8,"turns":5},{"damage":28,"enemies":"Gremlin Nob","floor":10,"turns":4},{"damage":16,"enemies":"2 Fungi Beasts","floor":13,"turns":3},{"damage":37,"enemies":"Hexaghost","floor":16,"turns":5}],"seed_played":"-2078640977186556684","potions_obtained":[{"floor":1,"key":"SteroidPotion"},{"floor":2,"key":"Ancient Potion"},{"floor":7,"key":"AttackPotion"},{"floor":10,"key":"Weak Potion"},{"floor":13,"key":"Strength Potion"}],"is_trial":false,"path_per_floor":["M","M","?","?","M","R","M","E","T","E","$","?","M","?","R"],"character_chosen":"IRONCLAD","items_purchased":[],"campfire_rested":0,"item_purchase_floors":[],"current_hp_per_floor":[80,80,80,80,80,80,73,52,62,40,40,40,30,36,36,0],"gold":419,"neow_bonus":"THREE_ENEMY_KILL","is_prod":false,"is_daily":false,"chose_seed":false,"campfire_upgraded":2,"win_rate":0,"timestamp":1540267861,"path_taken":["M","M","?","?","M","R","M","E","T","E","$","?","M","?","R","BOSS"],"build_version":"2018-10-18","purchased_purges":1,"victory":false,"max_hp_per_floor":[80,80,80,80,80,80,80,80,90,90,90,90,90,96,96,96],"card_choices":[{"not_picked":["Second Wind","Rupture"],"picked":"Burning Pact","floor":1},{"not_picked":["Body Slam","True Grit"],"picked":"Reckless Charge","floor":2},{"not_picked":["Twin Strike","Body Slam"],"picked":"Clash","floor":5},{"not_picked":["Armaments","Dual Wield"],"picked":"Infernal Blade","floor":7},{"not_picked":["Cleave","True Grit"],"picked":"Wild Strike","floor":8},{"not_picked":["Sever Soul","Sword Boomerang"],"picked":"Pommel Strike","floor":10},{"not_picked":["Heavy Blade","Sentinel"],"picked":"Wild Strike","floor":13}],"player_experience":169758,"relics_obtained":[{"floor":8,"key":"Blue Candle"},{"floor":9,"key":"Pear"},{"floor":10,"key":"Darkstone Periapt"}],"event_choices":[{"damage_healed":0,"gold_gain":0,"player_choice":"Box","damage_taken":0,"relics_obtained":["Paper Frog"],"max_hp_gain":0,"max_hp_loss":0,"event_name":"Big Fish","floor":3,"gold_loss":0,"cards_obtained":["Regret"]},{"damage_healed":0,"gold_gain":0,"player_choice":"Ignored","damage_taken":0,"max_hp_gain":0,"max_hp_loss":0,"event_name":"Shining Light","floor":4,"gold_loss":0},{"damage_healed":0,"gold_gain":0,"player_choice":"Grow","damage_taken":0,"max_hp_gain":0,"max_hp_loss":0,"event_name":"Living Wall","floor":12,"gold_loss":0,"cards_upgraded":["Pommel Strike"]},{"damage_healed":0,"gold_gain":275,"player_choice":"Desecrate","damage_taken":0,"max_hp_gain":0,"max_hp_loss":0,"event_name":"Golden Shrine","floor":14,"gold_loss":0,"cards_obtained":["Regret"]}],"is_beta":false,"boss_relics":[],"items_purged_floors":[11],"is_endless":false,"potions_floor_spawned":[1,2,7,10,13],"killed_by":"Hexaghost","ascension_level":2}