{"gold_per_floor":[215,215,215,227,241,241,272,288,288,288,288],"floor_reached":11,"playtime":360,"items_purged":[],"score":84,"play_id":"cfe68caa-8080-42c8-b60d-db2eddfd71f1","local_time":"20181029150111","is_ascension_mode":true,"campfire_choices":[{"data":"White Noise","floor":6,"key":"SMITH"}],"neow_cost":"NONE","seed_source_timestamp":46681764362466,"circlet_count":0,"master_deck":["Strike_B+1","Strike_B","Strike_B","Strike_B","Defend_B","Defend_B","Defend_B+1","Defend_B","Zap","Dualcast","Tempest","Regret","White Noise+1","Glacier","Leap","Compile Driver"],"relics":["Cracked Core","Mango","Shovel","Nunchaku"],"potions_floor_usage":[7,7,11,11],"damage_taken":[{"damage":0,"enemies":"Small Slimes","floor":1,"turns":3},{"damage":11,"enemies":"Jaw Worm","floor":4,"turns":3},{"damage":5,"enemies":"Cultist","floor":5,"turns":4},{"damage":22,"enemies":"3 Sentries","floor":7,"turns":5},{"damage":20,"enemies":"3 Louse","floor":8,"turns":3},{"damage":22,"enemies":"Gremlin Nob","floor":11,"turns":3}],"seed_played":"-8533855350161318717","potions_obtained":[{"floor":1,"key":"Fire Potion"},{"floor":5,"key":"EntropicBrew"}],"is_trial":false,"path_per_floor":["M","?","?","M","M","R","E","M","T","?"],"character_chosen":"DEFECT","items_purchased":[],"campfire_rested":0,"item_purchase_floors":[],"current_hp_per_floor":[75,75,89,78,73,73,51,31,31,13,0],"gold":288,"neow_bonus":"HUNDRED_GOLD","is_prod":false,"is_daily":false,"chose_seed":false,"campfire_upgraded":1,"win_rate":0,"timestamp":1540843271,"path_taken":["M","?","?","M","M","R","E","M","T","?","E"],"build_version":"2018-10-25v2","purchased_purges":0,"victory":false,"max_hp_per_floor":[75,75,89,89,89,89,89,89,89,89,89],"card_choices":[{"not_picked":["Consume","Force Field"],"picked":"Tempest","floor":1},{"not_picked":["Blizzard","Doom and Gloom"],"picked":"White Noise","floor":4},{"not_picked":["Coolheaded","Beam Cell"],"picked":"Glacier","floor":5},{"not_picked":["Stack","Scrape"],"picked":"Leap","floor":7},{"not_picked":["Lockon","Streamline"],"picked":"Compile Driver","floor":8}],"player_experience":224462,"relics_obtained":[{"floor":7,"key":"Shovel"},{"floor":9,"key":"Nunchaku"}],"event_choices":[{"damage_healed":0,"gold_gain":0,"player_choice":"Leave","damage_taken":0,"max_hp_gain":0,"max_hp_loss":0,"event_name":"The Cleric","floor":2,"gold_loss":0},{"damage_healed":0,"gold_gain":0,"player_choice":"Box","damage_taken":0,"relics_obtained":["Mango"],"max_hp_gain":0,"max_hp_loss":0,"event_name":"Big Fish","floor":3,"gold_loss":0,"cards_obtained":["Regret"]},{"damage_healed":0,"gold_gain":0,"player_choice":"Entered Light","damage_taken":18,"max_hp_gain":0,"max_hp_loss":0,"event_name":"Shining Light","floor":10,"gold_loss":0,"cards_upgraded":["Strike_B","Defend_B"]}],"is_beta":false,"boss_relics":[],"items_purged_floors":[],"is_endless":false,"potions_floor_spawned":[1,5],"killed_by":"Gremlin Nob","ascension_level":3}