{"gold_per_floor":[109,109,129,149,162,73,73,348,348,367,387,413,413,431,431,533,583,593,104,115,127,144,144,144],"floor_reached":24,"playtime":2202,"items_purged":[],"score":212,"play_id":"49eaadee-24ab-46b4-9919-50ccb5cd4e09","local_time":"20181024024247","is_ascension_mode":true,"campfire_choices":[{"data":"Infinite Blades","floor":7,"key":"SMITH"},{"data":"Infinite Blades","floor":13,"key":"SMITH"},{"floor":15,"key":"REST"},{"data":"After Image","floor":23,"key":"SMITH"}],"neow_cost":"NONE","seed_source_timestamp":10511090607068,"circlet_count":0,"master_deck":["Defend_G","Defend_G","Defend_G","Defend_G","Defend_G","Strike_G","Strike_G","Strike_G","Strike_G","Strike_G","Survivor","Neutralize","Infinite Blades+1","Flash of Steel","Blade Dance","A Thousand Cuts","Accuracy","Blade Dance+1","Regret","Prepared","After Image+1","Infinite Blades+1","Prepared","Accuracy","Accuracy","Adrenaline","Prepared","Dodge and Roll+1"],"relics":["Ring of the Snake","Dream Catcher","Molten Egg 2","Nunchaku","Tiny House","Toy Ornithopter","Orichalcum"],"potions_floor_usage":[10,12,16,20,21,21,24],"damage_taken":[{"damage":2,"enemies":"Jaw Worm","floor":1,"turns":6},{"damage":0,"enemies":"Cultist","floor":3,"turns":4},{"damage":0,"enemies":"Small Slimes","floor":4,"turns":3},{"damage":5,"enemies":"2 Fungi Beasts","floor":5,"turns":4},{"damage":18,"enemies":"Exordium Thugs","floor":10,"turns":4},{"damage":12,"enemies":"Large Slime","floor":11,"turns":5},{"damage":7,"enemies":"Gremlin Nob","floor":12,"turns":5},{"damage":7,"enemies":"2 Fungi Beasts","floor":14,"turns":3},{"damage":12,"enemies":"Hexaghost","floor":16,"turns":7},{"damage":26,"enemies":"3 Byrds","floor":18,"turns":4},{"damage":9,"enemies":"Chosen","floor":20,"turns":4},{"damage":29,"enemies":"Snake Plant","floor":21,"turns":5},{"damage":9,"enemies":"Centurion and Healer","floor":22,"turns":6},{"damage":50,"enemies":"Gremlin Leader","floor":24,"turns":3}],"seed_played":"5868543864687518102","potions_obtained":[{"floor":5,"key":"SkillPotion"},{"floor":11,"key":"Block Potion"},{"floor":14,"key":"LiquidBronze"},{"floor":16,"key":"Fire Potion"},{"floor":17,"key":"Regen Potion"},{"floor":20,"key":"Strength Potion"},{"floor":21,"key":"FairyPotion"},{"floor":22,"key":"AttackPotion"}],"is_trial":false,"path_per_floor":["M","?","M","M","M","$","R","?","T","M","M","E","R","M","R","B",null,"M","$","M","M","M","R"],"character_chosen":"THE_SILENT","items_purchased":["Accuracy","Blade Dance","Adrenaline","Toy Ornithopter","Orichalcum"],"campfire_rested":1,"item_purchase_floors":[6,6,19,19,19],"current_hp_per_floor":[68,68,68,68,63,63,63,63,63,45,33,26,26,19,40,28,75,49,49,45,38,29,29,0],"gold":144,"neow_bonus":"RANDOM_COMMON_RELIC","is_prod":false,"is_daily":false,"chose_seed":false,"campfire_upgraded":3,"win_rate":0,"timestamp":1540366967,"path_taken":["M","?","M","M","M","$","R","?","T","M","M","E","R","M","R","BOSS","M","$","M","M","M","R","E"],"build_version":"2018-10-18","purchased_purges":0,"victory":false,"max_hp_per_floor":[70,70,70,70,70,70,70,70,70,70,70,70,70,70,70,70,75,75,75,75,75,75,75,75],"card_choices":[{"not_picked":["Dodge and Roll","Slice"],"picked":"Infinite Blades","floor":1},{"not_picked":["Bane","Dodge and Roll"],"picked":"Blade Dance","floor":3},{"not_picked":["Poisoned Stab","Blade Dance"],"picked":"A Thousand Cuts","floor":4},{"not_picked":["Underhanded Strike","Flying Knee","Poisoned Stab"],"picked":"SKIP","floor":5},{"not_picked":["Endless Agony+1","Slice+1"],"picked":"Prepared","floor":10},{"not_picked":["Endless Agony+1","Blade Dance"],"picked":"After Image","floor":11},{"not_picked":["Cloak And Dagger","Blade Dance"],"picked":"Infinite Blades","floor":12},{"not_picked":["Quick Slash+1","Dagger Throw+1"],"picked":"Prepared","floor":14},{"not_picked":["Footwork","Poisoned Stab+1"],"picked":"Accuracy","floor":15},{"not_picked":["Caltrops+1","PiercingWail"],"picked":"Accuracy","floor":18},{"not_picked":["Backflip","Underhanded Strike+1","Bane+1"],"picked":"SKIP","floor":20},{"not_picked":["Bouncing Flask","Skewer+1"],"picked":"Prepared","floor":21},{"not_picked":["Dagger Spray+1","Distraction+1"],"picked":"Dodge and Roll+1","floor":22}],"player_experience":175610,"relics_obtained":[{"floor":9,"key":"Molten Egg 2"},{"floor":12,"key":"Nunchaku"}],"event_choices":[{"damage_healed":0,"gold_gain":0,"player_choice":"1 cards matched","damage_taken":0,"max_hp_gain":0,"max_hp_loss":0,"event_name":"Match and Keep!","floor":2,"gold_loss":0,"cards_obtained":["Flash of Steel"]},{"damage_healed":0,"gold_gain":275,"player_choice":"Desecrate","damage_taken":0,"max_hp_gain":0,"max_hp_loss":0,"event_name":"Golden Shrine","floor":8,"gold_loss":0,"cards_obtained":["Regret"]}],"is_beta":false,"boss_relics":[{"not_picked":["Philosopher\u0027s Stone","Calling Bell"],"picked":"Tiny House"}],"items_purged_floors":[],"is_endless":false,"potions_floor_spawned":[5,11,14,16,20,21,22],"killed_by":"Gremlin Leader","ascension_level":1}