{"gold_per_floor":[112,63,138,149,165,197,197,232,287,237,237],"floor_reached":11,"playtime":290,"items_purged":[],"score":93,"play_id":"c0123149-fe00-43e6-83eb-7169fbd5e996","local_time":"20190213175600","is_ascension_mode":true,"campfire_choices":[],"neow_cost":"NONE","seed_source_timestamp":21270316936944,"circlet_count":0,"master_deck":["Strike_R+1","Strike_R","Strike_R","Strike_R","Strike_R","Defend_R","Defend_R","Defend_R","Defend_R","Bash","Armaments","Anger","Headbutt","Dual Wield+1","Cleave","Pommel Strike","Headbutt"],"relics":["Burning Blood","NeowsBlessing","Regal Pillow","Smiling Mask","Tiny Chest"],"potions_floor_usage":[6],"damage_taken":[{"damage":0,"enemies":"Jaw Worm","floor":1,"turns":1},{"damage":0,"enemies":"Cultist","floor":4,"turns":1},{"damage":0,"enemies":"2 Louse","floor":5,"turns":1},{"damage":26,"enemies":"3 Sentries","floor":6,"turns":9},{"damage":36,"enemies":"Gremlin Nob","floor":8,"turns":5},{"damage":0,"enemies":"Lagavulin","floor":11,"turns":1}],"seed_played":"1701994149658042093","potions_obtained":[{"floor":4,"key":"EssenceOfSteel"},{"floor":6,"key":"Energy Potion"}],"is_trial":false,"path_per_floor":["M","$","?","M","M","E","?","E","T","$","E"],"character_chosen":"IRONCLAD","items_purchased":["Anger","Headbutt"],"campfire_rested":0,"item_purchase_floors":[2,10],"current_hp_per_floor":[80,80,72,78,80,60,44,14,14,14,14],"gold":237,"neow_bonus":"THREE_ENEMY_KILL","is_prod":false,"is_daily":false,"chose_seed":false,"campfire_upgraded":0,"win_rate":0,"timestamp":1550102160,"path_taken":["M","$","?","?","M","E","?","E","T","?","E"],"build_version":"2019-01-23","purchased_purges":0,"victory":false,"max_hp_per_floor":[80,80,80,80,80,80,80,80,80,80,80],"card_choices":[{"not_picked":["Evolve","Thunderclap"],"picked":"Armaments","floor":1},{"not_picked":["Heavy Blade","Sentinel"],"picked":"Headbutt","floor":4},{"not_picked":["Whirlwind","Havoc"],"picked":"Dual Wield","floor":5},{"not_picked":["Pommel Strike","Clothesline"],"picked":"Cleave","floor":6},{"not_picked":["Evolve","Clothesline"],"picked":"Pommel Strike","floor":8}],"player_experience":485383,"relics_obtained":[{"floor":6,"key":"Regal Pillow"},{"floor":8,"key":"Smiling Mask"},{"floor":9,"key":"Tiny Chest"}],"event_choices":[{"damage_healed":0,"gold_gain":75,"player_choice":"Touch","damage_taken":8,"max_hp_gain":0,"max_hp_loss":0,"event_name":"FaceTrader","floor":3,"gold_loss":0},{"damage_healed":0,"gold_gain":0,"player_choice":"Entered Light","damage_taken":16,"max_hp_gain":0,"max_hp_loss":0,"event_name":"Shining Light","floor":7,"gold_loss":0,"cards_upgraded":["Strike_R","Dual Wield"]}],"is_beta":false,"boss_relics":[],"items_purged_floors":[],"is_endless":false,"potions_floor_spawned":[4,6],"killed_by":"Lagavulin","ascension_level":3}