{"gold_per_floor":[119,139,153,153,170,170,181,215,215,231,250,250,0,10,10,112,112,123,123,150,167,178,178],"floor_reached":23,"playtime":1888,"items_purged":["Strike_R"],"score":247,"play_id":"6c432637-a9a6-4874-b102-6e059469ed6b","local_time":"20190413141038","is_ascension_mode":false,"campfire_choices":[{"data":"Feed","floor":6.0,"key":"SMITH"},{"data":"Limit Break","floor":12.0,"key":"SMITH"},{"floor":15.0,"key":"RECALL"}],"neow_cost":"TEN_PERCENT_HP_LOSS","seed_source_timestamp":7188603424869721,"circlet_count":0,"master_deck":["Strike_R","Strike_R","Strike_R","Strike_R","Defend_R","Defend_R","Defend_R","Defend_R+1","Bash","Feed+1","Feel No Pain+1","Disarm","Pummel","Pummel","Pommel Strike","Limit Break+1","Reaper","Inflame","Heavy Blade","Blind","Demon Form","Heavy Blade","RitualDagger","Warcry+1","Offering"],"special_seed":0,"relics":["Black Blood","Bottled Flame","Question Card","Red Mask"],"potions_floor_usage":[23],"damage_taken":[{"damage":6.0,"enemies":"Cultist","floor":1.0,"turns":4.0},{"damage":10.0,"enemies":"Jaw Worm","floor":2.0,"turns":4.0},{"damage":0.0,"enemies":"2 Louse","floor":3.0,"turns":2.0},{"damage":6.0,"enemies":"Blue Slaver","floor":5.0,"turns":6.0},{"damage":16.0,"enemies":"Looter","floor":7.0,"turns":5.0},{"damage":30.0,"enemies":"Lagavulin","floor":8.0,"turns":9.0},{"damage":4.0,"enemies":"Exordium Wildlife","floor":10.0,"turns":4.0},{"damage":5.0,"enemies":"3 Louse","floor":11.0,"turns":5.0},{"damage":6.0,"enemies":"Exordium Thugs","floor":14.0,"turns":4.0},{"damage":47.0,"enemies":"The Guardian","floor":16.0,"turns":10.0},{"damage":25.0,"enemies":"Spheric Guardian","floor":18.0,"turns":4.0},{"damage":85.0,"enemies":"Masked Bandits","floor":20.0,"turns":6.0},{"damage":15.0,"enemies":"2 Thieves","floor":21.0,"turns":4.0},{"damage":24.0,"enemies":"Snake Plant","floor":22.0,"turns":4.0},{"damage":27,"enemies":"Book of Stabbing","floor":23,"turns":2}],"seed_played":"-8217794807150436471","potions_obtained":[{"floor":1.0,"key":"Regen Potion"},{"floor":8.0,"key":"SpeedPotion"},{"floor":14.0,"key":"SteroidPotion"},{"floor":16.0,"key":"SpeedPotion"},{"floor":20.0,"key":"Energy Potion"}],"is_trial":false,"path_per_floor":["M","M","M","?","M","R","M","E","T","M","M","R","$","M","R","B",null,"M","?","?","M","M","E"],"character_chosen":"IRONCLAD","items_purchased":["Inflame","Heavy Blade","Blind"],"campfire_rested":0,"item_purchase_floors":[13,13,13],"current_hp_per_floor":[75,74,81,65,68,68,62,54,54,60,65,65,65,81,81,48,104,89,83,24,31,17,0],"gold":178,"neow_bonus":"THREE_RARE_CARDS","is_prod":false,"is_daily":false,"chose_seed":false,"campfire_upgraded":2,"win_rate":0,"timestamp":1555179038,"path_taken":["M","?","M","?","M","R","M","E","T","M","M","R","$","M","R","BOSS","M","?","?","M","M","E"],"build_version":"2019-01-23","purchased_purges":1,"victory":false,"max_hp_per_floor":[75,78,81,81,84,84,88,92,92,96,100,100,100,104,104,104,104,104,104,108,112,112,112],"card_choices":[{"not_picked":["Exhume","Berserk"],"picked":"Feed","floor":0.0},{"not_picked":["Havoc","Clothesline"],"picked":"Feel No Pain","floor":1.0},{"not_picked":["Pommel Strike","Heavy Blade"],"picked":"Disarm","floor":2.0},{"not_picked":["Sword Boomerang","Twin Strike"],"picked":"Pummel","floor":3.0},{"not_picked":["Twin Strike","Flex"],"picked":"Pummel","floor":5.0},{"not_picked":["Clash","Body Slam"],"picked":"Pommel Strike","floor":7.0},{"not_picked":["Wild Strike","Warcry"],"picked":"Limit Break","floor":8.0},{"not_picked":["Thunderclap","Armaments","Perfected Strike","Havoc"],"picked":"SKIP","floor":10.0},{"not_picked":["True Grit","Fire Breathing","Clash"],"picked":"Reaper","floor":11.0},{"not_picked":["Sever Soul","Wild Strike","Sword Boomerang","Twin Strike"],"picked":"SKIP","floor":14.0},{"not_picked":["Fiend Fire","Double Tap","Brutality"],"picked":"Demon Form","floor":16.0},{"not_picked":["Burning Pact","Shrug It Off","Body Slam+1"],"picked":"Heavy Blade","floor":18.0},{"not_picked":["Carnage","Perfected Strike","Whirlwind"],"picked":"Warcry+1","floor":20.0},{"not_picked":["Warcry","Iron Wave","Clothesline","Anger"],"picked":"SKIP","floor":21.0},{"not_picked":["Evolve+1","Entrench","Warcry"],"picked":"Offering","floor":22.0}],"player_experience":297302,"relics_obtained":[{"floor":8.0,"key":"Bottled Flame"},{"floor":9.0,"key":"Question Card"},{"floor":20.0,"key":"Red Mask"}],"event_choices":[{"damage_healed":0.0,"max_hp_gain":0.0,"max_hp_loss":0.0,"gold_gain":0.0,"event_name":"Shining Light","player_choice":"Entered Light","floor":4.0,"gold_loss":0.0,"damage_taken":16.0,"cards_upgraded":["Defend_R","Feel No Pain"]},{"damage_healed":0.0,"max_hp_gain":0.0,"max_hp_loss":0.0,"gold_gain":0.0,"event_name":"Nest","player_choice":"Joined the Cult","floor":19.0,"gold_loss":0.0,"damage_taken":6.0,"cards_obtained":["RitualDagger"]},{"damage_healed":0.0,"max_hp_gain":0.0,"max_hp_loss":0.0,"gold_gain":0.0,"event_name":"Masked Bandits","player_choice":"Fought Bandits","floor":20.0,"gold_loss":0.0,"damage_taken":0.0}],"is_beta":false,"boss_relics":[{"not_picked":["Coffee Dripper","Cursed Key"],"picked":"Black Blood"}],"items_purged_floors":[13],"is_endless":false,"potions_floor_spawned":[1,8,14,16,20],"killed_by":"Book of Stabbing","ascension_level":0}