{"path_per_floor":["M","M","?","M","M","R","$","M","T","M","R","$","?","M","R","B",null,"M","?","M","M","$","R","M","R","T","?","M","M","?"],"character_chosen":"THE_SILENT","items_purchased":["Noxious Fumes"],"gold_per_floor":[110,130,130,148,160,160,11,28,28,48,48,48,48,67,67,162,162,175,90,106,124,24,24,41,41,41,41,52,67,67,67],"floor_reached":31,"campfire_rested":4,"playtime":1125,"current_hp_per_floor":[70,70,70,70,66,66,66,48,48,34,55,55,55,49,70,43,70,54,54,33,6,6,27,5,26,26,49,27,5,5,0],"items_purged":["Eviscerate","Strike_G"],"gold":67,"score":231,"play_id":"45e6605c-cbcd-4ec1-8bdb-733ec973fe71","local_time":"20180423214449","is_prod":false,"is_daily":false,"chose_seed":false,"is_ascension_mode":false,"campfire_upgraded":1,"timestamp":1524545089,"path_taken":["M","M","?","M","M","R","$","?","T","M","R","$","?","M","R","BOSS","M","?","?","M","?","R","M","R","T","?","?","M","?","?"],"build_version":"2018-04-19","seed_source_timestamp":1106542225695920,"purchased_purges":2,"victory":false,"master_deck":["Defend_G","Defend_G","Defend_G","Defend_G","Defend_G","Strike_G","Strike_G","Strike_G","Survivor","Neutralize","Noxious Fumes","Dagger Spray","Deadly Poison","Bouncing Flask+1","Noxious Fumes","Adrenaline","Deadly Poison","Outmaneuver","After Image","Finesse"],"max_hp_per_floor":[70,70,70,70,70,70,70,70,70,70,70,70,70,70,70,70,70,70,70,70,70,70,70,70,70,70,70,70,70,70,75],"relics":["Ring of the Snake","NeowsBlessing","Darkstone Periapt","Black Star","Blue Candle","Anchor"],"card_choices":[{"not_picked":["Malaise","Dagger Spray"],"picked":"Noxious Fumes","floor":1},{"not_picked":["Deadly Poison","Slice"],"picked":"Dagger Spray","floor":2},{"not_picked":["Dodge and Roll","Sucker Punch"],"picked":"Deadly Poison","floor":4},{"not_picked":["Predator","Poisoned Stab"],"picked":"Bouncing Flask","floor":5},{"not_picked":["Doppelganger","Burst"],"picked":"Adrenaline","floor":16},{"not_picked":["Underhanded Strike","Slice"],"picked":"Deadly Poison","floor":18},{"not_picked":["Underhanded Strike","Dodge and Roll"],"picked":"Outmaneuver","floor":20},{"not_picked":["Poisoned Stab","Dodge and Roll"],"picked":"After Image","floor":21}],"player_experience":51968,"potions_floor_usage":[8,8,16,16,21,24,29],"damage_taken":[{"damage":0,"enemies":"Jaw Worm","floor":1,"turns":1},{"damage":0,"enemies":"Cultist","floor":2,"turns":1},{"damage":0,"enemies":"2 Louse","floor":4,"turns":2},{"damage":4,"enemies":"Red Slaver","floor":5,"turns":4},{"damage":18,"enemies":"Exordium Thugs","floor":8,"turns":4},{"damage":14,"enemies":"Blue Slaver","floor":10,"turns":4},{"damage":6,"enemies":"Looter","floor":14,"turns":4},{"damage":27,"enemies":"Slime Boss","floor":16,"turns":9},{"damage":16,"enemies":"Chosen","floor":18,"turns":5},{"damage":21,"enemies":"Shell Parasite","floor":20,"turns":4},{"damage":27,"enemies":"Snecko","floor":21,"turns":5},{"damage":22,"enemies":"Centurion and Healer","floor":24,"turns":6},{"damage":22,"enemies":"Snake Plant","floor":28,"turns":4},{"damage":22,"enemies":"3 Cultists","floor":29,"turns":6}],"event_choices":[{"event_name":"Transmorgrifier","player_choice":"Transform","floor":3,"damage_taken":0},{"event_name":"Golden Wing","player_choice":"Ignored","floor":13,"damage_taken":0},{"event_name":"Addict","player_choice":"Obtained Relic","floor":19,"damage_taken":0},{"event_name":"The Library","player_choice":"Heal","floor":27,"damage_taken":0},{"event_name":"Match and Keep!","player_choice":"1 cards matched","floor":30,"damage_taken":0}],"boss_relics":[{"not_picked":["Snecko Eye","Astrolabe"],"picked":"Black Star"}],"potions_floor_spawned":[1,2,10,14,20,21,28,29],"seed_played":"5538449632405466075","ascension_level":0,"is_trial":false}