{"gold_per_floor":[117,117,132,145,60,87,87,102,102,77,77,96,107,107],"floor_reached":14,"playtime":464,"items_purged":[],"score":120,"play_id":"ee2785ec-b32c-4a7f-8f5b-845448bc9b53","local_time":"20190211020132","is_ascension_mode":true,"campfire_choices":[{"floor":7.0,"key":"REST"}],"neow_cost":"NONE","seed_source_timestamp":475222352184865,"circlet_count":0,"master_deck":["Strike_B","Strike_B","Strike_B","Strike_B","Defend_B","Defend_B","Defend_B","Zap","Dualcast","Hologram","Gash","Leap","Deep Breath","Hologram","Sweeping Beam","Zap","Reprogram","Rainbow","Jack Of All Trades","Compile Driver","Hologram"],"special_seed":0,"relics":["Cracked Core","NeowsBlessing","Bottled Lightning"],"potions_floor_usage":[13,14],"damage_taken":[{"damage":0.0,"enemies":"Small Slimes","floor":1.0,"turns":1.0},{"damage":0.0,"enemies":"Cultist","floor":3.0,"turns":1.0},{"damage":0.0,"enemies":"Jaw Worm","floor":4.0,"turns":1.0},{"damage":37.0,"enemies":"Gremlin Nob","floor":6.0,"turns":5.0},{"damage":3.0,"enemies":"Looter","floor":8.0,"turns":3.0},{"damage":40,"enemies":"Exordium Thugs","floor":12,"turns":4},{"damage":4,"enemies":"Red Slaver","floor":13,"turns":3},{"damage":0,"enemies":"Exordium Wildlife","floor":14,"turns":3}],"seed_played":"-451230519404043275","potions_obtained":[{"floor":3.0,"key":"SpeedPotion"},{"floor":6.0,"key":"Ancient Potion"},{"floor":12,"key":"Energy Potion"},{"floor":13,"key":"Fire Potion"}],"is_trial":false,"path_per_floor":["M","?","M","M","$","E","R","M","T","?","?","M","M","M"],"character_chosen":"DEFECT","items_purchased":["Deep Breath"],"campfire_rested":1,"item_purchase_floors":[5],"current_hp_per_floor":[68,68,68,68,68,31,53,50,50,50,50,10,6,6],"gold":107,"neow_bonus":"THREE_ENEMY_KILL","is_prod":false,"is_daily":false,"chose_seed":false,"campfire_upgraded":0,"win_rate":0,"timestamp":1549872092,"path_taken":["M","?","M","?","$","E","R","M","T","?","?","M","M","M"],"build_version":"2019-01-23","purchased_purges":0,"victory":false,"max_hp_per_floor":[75,75,75,75,75,75,75,75,75,75,75,75,75,75],"card_choices":[{"not_picked":["Barrage","Stack"],"picked":"Hologram","floor":1.0},{"not_picked":["Chill","Beam Cell"],"picked":"Gash","floor":3.0},{"not_picked":["Cold Snap","Streamline"],"picked":"Leap","floor":4.0},{"not_picked":["Cold Snap","Amplify"],"picked":"Hologram","floor":6.0},{"not_picked":["Stack","Cold Snap"],"picked":"Sweeping Beam","floor":8.0},{"not_picked":["Force Field","Hello World"],"picked":"Compile Driver","floor":12},{"not_picked":["Stack","Melter"],"picked":"Hologram","floor":13}],"player_experience":476284,"relics_obtained":[{"floor":6.0,"key":"Bottled Lightning"}],"event_choices":[{"cards_removed":["Defend_B"],"damage_healed":0.0,"max_hp_gain":0.0,"max_hp_loss":0.0,"gold_gain":0.0,"event_name":"Purifier","player_choice":"Purged","floor":2.0,"gold_loss":0.0,"damage_taken":0.0},{"damage_healed":0.0,"max_hp_gain":0.0,"max_hp_loss":0.0,"gold_gain":0.0,"event_name":"World of Goop","player_choice":"Left Gold","floor":10.0,"gold_loss":25.0,"damage_taken":0.0},{"damage_healed":0.0,"max_hp_gain":0.0,"max_hp_loss":0.0,"gold_gain":0.0,"event_name":"Match and Keep!","player_choice":"4 cards matched","floor":11.0,"gold_loss":0.0,"damage_taken":0.0,"cards_obtained":["Zap","Reprogram","Rainbow","Jack Of All Trades"]}],"is_beta":false,"boss_relics":[],"items_purged_floors":[],"is_endless":false,"potions_floor_spawned":[3,6,12,13],"killed_by":"Exordium Wildlife","ascension_level":6}