{"gold_per_floor":[112,128,147,322,322,355,355,355,380,408,418,418,439,67,67,190,190,205,205,205,130,130,130,144,144],"floor_reached":25,"playtime":1365,"items_purged":["Parasite"],"score":219,"play_id":"b60a8269-6ba9-4fa6-b87c-a495e6dc866d","local_time":"20190130132851","is_ascension_mode":true,"campfire_choices":[{"floor":8,"key":"REST"},{"floor":15,"key":"REST"},{"data":"Creative AI","floor":23,"key":"SMITH"}],"neow_cost":"CURSE","seed_source_timestamp":82465496060474,"circlet_count":0,"master_deck":["Zap","Dualcast","The Bomb","Swift Strike","Capacitor","Steam","Go for the Eyes","Defragment","Streamline","Magnetism","Creative AI","Auto Shields","Beam Cell","Steam Power","Creative AI+1","Loop","Beam Cell","Creative AI","Ball Lightning"],"relics":["Cracked Core","Potion Belt","Cables","Smiling Mask","Gremlin Horn","Golden Idol","Regal Pillow","Pandora\u0027s Box"],"potions_floor_usage":[13,24,24],"damage_taken":[{"damage":1,"enemies":"Cultist","floor":1,"turns":3},{"damage":4,"enemies":"2 Louse","floor":2,"turns":2},{"damage":10,"enemies":"Small Slimes","floor":3,"turns":3},{"damage":17,"enemies":"3 Sentries","floor":6,"turns":4},{"damage":30,"enemies":"Gremlin Nob","floor":10,"turns":4},{"damage":0,"enemies":"Looter","floor":11,"turns":3},{"damage":9,"enemies":"Large Slime","floor":13,"turns":5},{"damage":30,"enemies":"Slime Boss","floor":16,"turns":7},{"damage":18,"enemies":"Chosen","floor":18,"turns":5},{"damage":26,"enemies":"Spheric Guardian","floor":24,"turns":5},{"damage":10,"enemies":"Snake Plant","floor":25,"turns":2}],"seed_played":"846427168493730578","potions_obtained":[{"floor":2,"key":"FocusPotion"},{"floor":3,"key":"Regen Potion"},{"floor":16,"key":"FearPotion"}],"is_trial":false,"path_per_floor":["M","M","M","?","?","E","?","R","T","E","M","?","M","$","R","B",null,"M","?","?","?","?","R","M","M"],"character_chosen":"DEFECT","items_purchased":["Magnetism","Regal Pillow"],"campfire_rested":2,"item_purchase_floors":[14,14],"current_hp_per_floor":[74,70,60,60,53,36,24,46,46,16,16,16,19,19,53,23,66,48,48,32,32,32,32,6,0],"gold":144,"neow_bonus":"RANDOM_COLORLESS_2","is_prod":false,"is_daily":false,"chose_seed":false,"campfire_upgraded":1,"win_rate":0,"timestamp":1548876531,"path_taken":["M","?","M","?","?","E","?","R","T","E","M","?","M","?","R","BOSS","M","?","?","?","?","R","M","M"],"build_version":"2019-01-23","purchased_purges":1,"victory":false,"max_hp_per_floor":[75,75,75,75,75,75,75,75,75,75,75,69,69,66,66,66,66,66,66,66,66,66,66,66,66],"card_choices":[{"not_picked":["BootSequence","Redo","Conserve Battery"],"picked":"SKIP","floor":1},{"not_picked":["Cold Snap","Sweeping Beam"],"picked":"Capacitor","floor":2},{"not_picked":["Conserve Battery","Redo"],"picked":"Steam","floor":3},{"not_picked":["Conserve Battery","Steam"],"picked":"Go for the Eyes","floor":6},{"not_picked":["Coolheaded","Chaos"],"picked":"Defragment","floor":10},{"not_picked":["Barrage","Rainbow","Recycle"],"picked":"SKIP","floor":11},{"not_picked":["Genetic Algorithm","Ball Lightning"],"picked":"Streamline","floor":13},{"not_picked":["Hyperbeam","Buffer"],"picked":"Creative AI","floor":16},{"not_picked":["Stack+1","Coolheaded+1"],"picked":"Beam Cell","floor":18},{"not_picked":["Blizzard","Ball Lightning+1","Cold Snap"],"picked":"SKIP","floor":24}],"player_experience":421717,"relics_obtained":[{"floor":6,"key":"Potion Belt"},{"floor":9,"key":"Smiling Mask"},{"floor":10,"key":"Gremlin Horn"}],"event_choices":[{"damage_healed":0,"gold_gain":175,"player_choice":"AGREE","damage_taken":0,"max_hp_gain":0,"max_hp_loss":0,"event_name":"Liars Game","floor":4,"gold_loss":0,"cards_obtained":["Doubt"]},{"cards_removed":["Doubt"],"damage_healed":0,"gold_gain":0,"player_choice":"Card Removal","damage_taken":7,"max_hp_gain":0,"max_hp_loss":0,"event_name":"Golden Wing","floor":5,"gold_loss":0},{"damage_healed":0,"gold_gain":0,"player_choice":"Success","damage_taken":12,"relics_obtained":["Cables"],"max_hp_gain":0,"max_hp_loss":0,"event_name":"Scrap Ooze","floor":7,"gold_loss":0},{"damage_healed":0,"gold_gain":0,"player_choice":"Lose Max HP","damage_taken":0,"relics_obtained":["Golden Idol"],"max_hp_gain":0,"max_hp_loss":6,"event_name":"Golden Idol","floor":12,"gold_loss":0},{"damage_healed":0,"gold_gain":0,"cards_transformed":["Rainbow","Sweeping Beam"],"player_choice":"Became Test Subject","damage_taken":0,"max_hp_gain":0,"max_hp_loss":0,"event_name":"Drug Dealer","floor":19,"gold_loss":0,"cards_obtained":["Creative AI","Ball Lightning"]},{"damage_healed":0,"gold_gain":0,"player_choice":"Obtained Book","damage_taken":16,"max_hp_gain":0,"max_hp_loss":0,"event_name":"Cursed Tome","floor":20,"gold_loss":0},{"cards_removed":["Chill"],"damage_healed":0,"gold_gain":0,"player_choice":"Gave Gold","damage_taken":0,"max_hp_gain":0,"max_hp_loss":0,"event_name":"Beggar","floor":21,"gold_loss":75},{"damage_healed":0,"gold_gain":0,"player_choice":"Ignored","damage_taken":0,"max_hp_gain":0,"max_hp_loss":0,"event_name":"Vampires","floor":22,"gold_loss":0}],"is_beta":false,"boss_relics":[{"not_picked":["Lizard Tail","Astrolabe"],"picked":"Pandora\u0027s Box"}],"items_purged_floors":[14],"is_endless":false,"potions_floor_spawned":[2,3,16],"killed_by":"Snake Plant","ascension_level":1}