{"gold_per_floor":[119,119,133,133,149,149,1,1,1,1,76,108,108,108,108,108,108,108],"floor_reached":18,"playtime":330,"items_purged":[],"score":207,"play_id":"17b3b644-701e-4a22-ae8e-fa6216f3d6c4","local_time":"20190402151230","is_ascension_mode":true,"campfire_choices":[{"floor":6,"key":"REST"},{"floor":8,"key":"REST"},{"data":"Hello World","floor":10,"key":"SMITH"},{"data":"Finesse","floor":15,"key":"SMITH"},{"data":"Dualcast","floor":15,"key":"SMITH"},{"floor":17,"key":"REST"}],"neow_cost":"NONE","seed_source_timestamp":1101895189770057,"circlet_count":0,"master_deck":["AscendersBane","Strike_B","Strike_B","Strike_B","Strike_B","Defend_B+1","Defend_B","Defend_B","Defend_B+1","Zap+1","Dualcast+1","Conserve Battery+1","Gash","Hello World+1","Finesse+1","Rebound","Gash"],"relics":["ChewingGum","Blood Vial","Arrowhead","War Paint"],"potions_floor_usage":[5,12],"damage_taken":[{"damage":19,"enemies":"Jaw Worm","floor":1,"turns":5},{"damage":6,"enemies":"Cultist","floor":3,"turns":5},{"damage":4,"enemies":"Small Slimes","floor":5,"turns":4},{"damage":35,"enemies":"Gremlin Nob","floor":12,"turns":4},{"damage":54,"enemies":"Slime Boss","floor":18,"turns":8}],"seed_played":"-2529122086558006316","potions_obtained":[{"floor":3,"key":"SpeedPotion"},{"floor":5,"key":"Fire Potion"}],"is_trial":false,"path_per_floor":["M","?","M","?","M","R","$","R","T","R","?","E","PTL","PTL","R","?","R","B"],"character_chosen":"DEFECT","items_purchased":["Finesse","Rebound"],"campfire_rested":3,"item_purchase_floors":[7,7],"current_hp_per_floor":[45,45,39,39,35,56,56,71,71,71,60,27,27,27,27,27,48,0],"gold":108,"neow_bonus":"BOSS_RELIC","is_prod":false,"is_daily":false,"chose_seed":false,"campfire_upgraded":3,"win_rate":0,"timestamp":1554235950,"path_taken":["M","?","?","?","M","R","$","R","T","R","?","E","PTL","PTL","R","?","R","BOSS"],"build_version":"2019-01-23","purchased_purges":0,"victory":false,"max_hp_per_floor":[71,71,71,71,71,71,71,71,71,71,71,71,71,71,71,71,71,71],"card_choices":[{"not_picked":["Turbo","Sweeping Beam"],"picked":"Conserve Battery","floor":1},{"not_picked":["Barrage","Turbo"],"picked":"Gash","floor":3},{"not_picked":["Streamline","Blizzard"],"picked":"Hello World","floor":5},{"not_picked":["Rebound","Heatsinks"],"picked":"Gash","floor":12}],"player_experience":879458,"relics_obtained":[{"floor":9,"key":"Blood Vial"},{"floor":12,"key":"Arrowhead"}],"event_choices":[{"damage_healed":0,"gold_gain":0,"player_choice":"Upgraded","damage_taken":0,"max_hp_gain":0,"max_hp_loss":0,"event_name":"Upgrade Shrine","floor":2,"gold_loss":0,"cards_upgraded":["Zap"]},{"damage_healed":0,"gold_gain":0,"player_choice":"Grow","damage_taken":0,"max_hp_gain":0,"max_hp_loss":0,"event_name":"Living Wall","floor":4,"gold_loss":0,"cards_upgraded":["Conserve Battery"]},{"damage_healed":0,"gold_gain":75,"player_choice":"Gather Gold","damage_taken":11,"max_hp_gain":0,"max_hp_loss":0,"event_name":"World of Goop","floor":11,"gold_loss":0},{"damage_healed":0,"gold_gain":0,"player_choice":"Searched \u00272\u0027 times","damage_taken":0,"relics_obtained":["War Paint"],"max_hp_gain":0,"max_hp_loss":0,"event_name":"Dead Adventurer","floor":16,"gold_loss":0}],"is_beta":false,"boss_relics":[],"items_purged_floors":[],"is_endless":false,"potions_floor_spawned":[3,5],"killed_by":"Slime Boss","ascension_level":19}