{"gold_per_floor":[113,128,228,242,34,34,34,66,66,78,105,150,162,201,213,328,340,371,394,406,418,447,459,486,498],"floor_reached":25,"playtime":3088,"items_purged":[],"score":343,"play_id":"6434fe59-d6a9-449b-8681-c889210bf38f","local_time":"20190325003856","is_ascension_mode":true,"campfire_choices":[{"floor":6,"key":"REST"},{"floor":10,"key":"REST"},{"floor":13,"key":"REST"},{"data":"Defragment","floor":15,"key":"SMITH"},{"floor":23,"key":"REST"}],"neow_cost":"NONE","seed_source_timestamp":2866354435597956,"circlet_count":0,"master_deck":["AscendersBane","Strike_B","Strike_B","Strike_B","Strike_B","Defend_B","Defend_B","Defend_B","Defend_B","Zap","Dualcast","Forethought","Defragment+1","Cold Snap","Conserve Battery","Conserve Battery","Cold Snap","FTL","Echo Form","Buffer","Go for the Eyes+1","Capacitor","Defragment","Scrape"],"relics":["Cracked Core","ClockworkSouvenir","Mercury Hourglass","MawBank","The Courier","Matryoshka","Black Star","Omamori"],"potions_floor_usage":[8,16,25],"damage_taken":[{"damage":1,"enemies":"Cultist","floor":1,"turns":3},{"damage":16,"enemies":"Jaw Worm","floor":2,"turns":4},{"damage":14,"enemies":"2 Louse","floor":4,"turns":2},{"damage":25,"enemies":"Gremlin Nob","floor":8,"turns":5},{"damage":7,"enemies":"2 Fungi Beasts","floor":11,"turns":3},{"damage":16,"enemies":"3 Sentries","floor":12,"turns":6},{"damage":16,"enemies":"Lagavulin","floor":14,"turns":6},{"damage":17,"enemies":"Slime Boss","floor":16,"turns":8},{"damage":0,"enemies":"Spheric Guardian","floor":18,"turns":5},{"damage":18,"enemies":"3 Byrds","floor":19,"turns":5},{"damage":17,"enemies":"Cultist and Chosen","floor":22,"turns":8},{"damage":27,"enemies":"Centurion and Healer","floor":24,"turns":9},{"damage":31,"enemies":"Gremlin Leader","floor":25,"turns":2}],"seed_played":"-2170767143354392161","potions_obtained":[{"floor":1,"key":"SteroidPotion"},{"floor":4,"key":"Regen Potion"},{"floor":14,"key":"SpeedPotion"},{"floor":18,"key":"Dexterity Potion"}],"is_trial":false,"path_per_floor":["M","M","?","M","$","R","$","E","T","R","M","E","R","E","R","B",null,"M","M","?","?","M","R","M","E"],"character_chosen":"DEFECT","items_purchased":["ClockworkSouvenir"],"campfire_rested":4,"item_purchase_floors":[5],"current_hp_per_floor":[67,51,51,37,37,59,59,48,48,70,63,47,69,53,53,36,65,65,47,47,47,30,52,25,0],"gold":498,"neow_bonus":"RANDOM_COLORLESS","is_prod":false,"is_daily":false,"chose_seed":false,"campfire_upgraded":1,"win_rate":0,"timestamp":1553470736,"path_taken":["M","?","?","M","?","R","$","E","T","R","M","E","R","E","R","BOSS","M","M","?","?","M","R","M","E"],"build_version":"2019-01-23","purchased_purges":0,"victory":false,"max_hp_per_floor":[75,75,75,75,75,75,75,75,75,75,75,75,75,75,75,75,75,75,75,75,75,75,75,75,75],"card_choices":[{"not_picked":["Barrage","Cold Snap"],"picked":"Defragment","floor":1},{"not_picked":["Compile Driver","Conserve Battery"],"picked":"Cold Snap","floor":2},{"not_picked":["Steam","Skim"],"picked":"Conserve Battery","floor":4},{"not_picked":["Fusion","Storm"],"picked":"Conserve Battery","floor":8},{"not_picked":["Leap","Steam Power"],"picked":"Cold Snap","floor":11},{"not_picked":["Streamline","Turbo"],"picked":"FTL","floor":12},{"not_picked":["Conserve Battery","FTL"],"picked":"Echo Form","floor":14},{"not_picked":["Meteor Strike","Fission"],"picked":"Buffer","floor":16},{"not_picked":["Darkness+1","Stack"],"picked":"Go for the Eyes+1","floor":18},{"not_picked":["Rebound","Consume"],"picked":"Capacitor","floor":19},{"not_picked":["Genetic Algorithm","Compile Driver+1"],"picked":"Defragment","floor":22},{"not_picked":["Rebound+1","Tempest"],"picked":"Scrape","floor":24}],"player_experience":312400,"relics_obtained":[{"floor":8,"key":"Mercury Hourglass"},{"floor":9,"key":"MawBank"},{"floor":12,"key":"The Courier"},{"floor":14,"key":"Matryoshka"}],"event_choices":[{"damage_healed":0,"gold_gain":100,"player_choice":"Pray","damage_taken":0,"max_hp_gain":0,"max_hp_loss":0,"event_name":"Golden Shrine","floor":3,"gold_loss":0},{"damage_healed":0,"gold_gain":0,"player_choice":"Ignored","damage_taken":0,"max_hp_gain":0,"max_hp_loss":0,"event_name":"Vampires","floor":20,"gold_loss":0},{"damage_healed":0,"gold_gain":0,"player_choice":"Gave Potion","damage_taken":0,"relics_obtained":["Omamori"],"max_hp_gain":0,"max_hp_loss":0,"event_name":"WeMeetAgain","floor":21,"gold_loss":0}],"is_beta":false,"boss_relics":[{"not_picked":["Astrolabe","Eternal Feather"],"picked":"Black Star"}],"items_purged_floors":[],"is_endless":false,"potions_floor_spawned":[1,4,14,18],"killed_by":"Gremlin Leader","ascension_level":11}