{"gold_per_floor":[114,189,189,201,201,201,260,276,276,276,289,301,132,152,152,251,251,265,265,265,265,255,255,37,37,111,138,151,177,177,190,190,291,291,310,310,328,328,126,460,460,460,460,460,475,486,505,505],"floor_reached":48,"playtime":3782,"items_purged":["Darkness"],"score":555,"play_id":"241fa9cc-482c-4b9c-ad63-6ab0569a7af6","local_time":"20190130032848","is_ascension_mode":false,"campfire_choices":[{"data":"1","floor":6,"key":"LIFT"},{"floor":10,"key":"REST"},{"floor":15,"key":"REST"},{"floor":23,"key":"REST"},{"floor":30,"key":"REST"},{"data":"2","floor":32,"key":"LIFT"}],"neow_cost":"PERCENT_DAMAGE","seed_source_timestamp":44046834716268,"circlet_count":0,"master_deck":["Strike_B+1","Strike_B+1","Defend_B+1","Defend_B+1","Defend_B+1","Zap","Gash","Gash","Stack","Iron Wave","Gash","Streamline","Stack","Auto Shields","Gash","Steam Power","Glacier","Seek","Steam Power","Gash","Gash","Streamline+1","Self Repair","Hologram+1","Steam Power","Capacitor+1","Scrape+1","Coolheaded+1"],"relics":["FrozenCore","Girya","Tiny Chest","Cables","ClockworkSouvenir","MutagenicStrength","Kunai","Omamori","Darkstone Periapt","Shovel","DollysMirror","Old Coin","Blood Vial","Torii"],"potions_floor_usage":[22],"damage_taken":[{"damage":6,"enemies":"2 Louse","floor":1,"turns":3},{"damage":0,"enemies":"Cultist","floor":4,"turns":3},{"damage":21,"enemies":"Lagavulin","floor":7,"turns":5},{"damage":7,"enemies":"Jaw Worm","floor":8,"turns":2},{"damage":5,"enemies":"3 Louse","floor":11,"turns":2},{"damage":9,"enemies":"2 Fungi Beasts","floor":12,"turns":2},{"damage":0,"enemies":"Large Slime","floor":14,"turns":2},{"damage":15,"enemies":"Hexaghost","floor":16,"turns":10},{"damage":15,"enemies":"Chosen","floor":18,"turns":6},{"damage":17,"enemies":"2 Thieves","floor":22,"turns":4},{"damage":8,"enemies":"Sentry and Sphere","floor":28,"turns":6},{"damage":21,"enemies":"Book of Stabbing","floor":29,"turns":5},{"damage":0,"enemies":"Centurion and Healer","floor":31,"turns":5},{"damage":21,"enemies":"Champ","floor":33,"turns":10},{"damage":1,"enemies":"Orb Walker","floor":35,"turns":3},{"damage":28,"enemies":"3 Shapes","floor":37,"turns":3},{"damage":7,"enemies":"Giant Head","floor":40,"turns":7},{"damage":19,"enemies":"3 Darklings","floor":45,"turns":5},{"damage":13,"enemies":"Writhing Mass","floor":46,"turns":6},{"damage":11,"enemies":"Jaw Worm Horde","floor":47,"turns":4},{"damage":37,"enemies":"Nemesis","floor":48,"turns":2}],"seed_played":"-842197551564393355","potions_obtained":[{"floor":4,"key":"LiquidBronze"},{"floor":11,"key":"EssenceOfSteel"},{"floor":18,"key":"Fruit Juice"},{"floor":22,"key":"Swift Potion"},{"floor":31,"key":"Swift Potion"}],"is_trial":false,"path_per_floor":["M","?","?","M","?","R","E","M","T","R","M","M","$","M","R","B",null,"M","?","$","?","M","R","$","?","T","T","M","E","R","M","R","B",null,"M","?","M","T","$","E","T","$","T","?","M","M","M","E"],"character_chosen":"DEFECT","items_purchased":["Gash","Steam Power","Gash","ClockworkSouvenir","DollysMirror"],"campfire_rested":4,"item_purchase_floors":[13,13,24,24,39],"current_hp_per_floor":[48,37,30,30,30,30,9,2,2,24,19,10,10,10,32,17,75,60,60,60,60,48,72,72,72,72,72,64,43,67,67,67,53,80,79,79,51,51,51,51,51,51,51,51,41,37,35,0],"gold":505,"neow_bonus":"TRANSFORM_TWO_CARDS","is_prod":false,"is_daily":false,"chose_seed":false,"campfire_upgraded":0,"win_rate":0,"timestamp":1548840528,"path_taken":["M","?","?","M","?","R","E","?","T","R","M","?","$","M","R","BOSS","M","?","$","?","M","R","$","?","T","?","M","E","R","?","R","BOSS","M","?","M","?","?","E","?","$","T","?","M","M","M","E"],"build_version":"2019-01-23","purchased_purges":1,"victory":false,"max_hp_per_floor":[75,75,75,75,75,75,75,75,75,75,75,75,75,75,75,75,75,75,75,75,75,80,80,80,80,80,80,80,80,80,80,80,80,80,80,80,80,80,80,80,80,80,80,76,76,76,76,76],"card_choices":[{"not_picked":["Redo","Go for the Eyes"],"picked":"Gash","floor":1},{"not_picked":["Go for the Eyes","Barrage"],"picked":"Stack","floor":4},{"not_picked":["Lockon","Cold Snap"],"picked":"Gash","floor":7},{"not_picked":["Force Field","Sunder"],"picked":"Streamline","floor":8},{"not_picked":["Steam","Biased Cognition"],"picked":"Stack","floor":11},{"not_picked":["Conserve Battery","Leap"],"picked":"Auto Shields","floor":12},{"not_picked":["Go for the Eyes","Hello World"],"picked":"Glacier","floor":14},{"not_picked":["Rainbow","Core Surge"],"picked":"Seek","floor":16},{"not_picked":["Turbo+1","Ball Lightning","Defragment+1"],"picked":"SKIP","floor":18},{"not_picked":["Darkness","White Noise","Double Energy+1"],"picked":"SKIP","floor":22},{"not_picked":["Undo","Scrape+1"],"picked":"Gash","floor":28},{"not_picked":["Amplify","Cold Snap"],"picked":"Streamline+1","floor":29},{"not_picked":["Steam","Rip and Tear"],"picked":"Self Repair","floor":31},{"not_picked":["Sweeping Beam","Ball Lightning+1"],"picked":"Hologram+1","floor":35},{"not_picked":["Darkness+1","Multi-Cast","Rebound"],"picked":"SKIP","floor":37},{"not_picked":["Coolheaded+1","Turbo+1"],"picked":"Capacitor+1","floor":40},{"not_picked":["Undo+1","Reinforced Body"],"picked":"Scrape+1","floor":45},{"not_picked":["Recycle+1","Cold Snap","Compile Driver"],"picked":"SKIP","floor":46},{"not_picked":["Redo+1","Conserve Battery"],"picked":"Coolheaded+1","floor":47}],"player_experience":409863,"relics_obtained":[{"floor":7,"key":"Tiny Chest"},{"floor":9,"key":"Cables"},{"floor":26,"key":"Kunai"},{"floor":27,"key":"Omamori"},{"floor":29,"key":"Darkstone Periapt"},{"floor":38,"key":"Shovel"},{"floor":40,"key":"Old Coin"},{"floor":41,"key":"Blood Vial"},{"floor":43,"key":"Torii"}],"event_choices":[{"damage_healed":0,"gold_gain":75,"player_choice":"Gather Gold","damage_taken":11,"max_hp_gain":0,"max_hp_loss":0,"event_name":"World of Goop","floor":2,"gold_loss":0},{"damage_healed":0,"gold_gain":0,"player_choice":"Success","damage_taken":7,"relics_obtained":["Girya"],"max_hp_gain":0,"max_hp_loss":0,"event_name":"Scrap Ooze","floor":3,"gold_loss":0},{"cards_removed":["Defend_B"],"damage_healed":0,"gold_gain":0,"player_choice":"Took Card","damage_taken":0,"max_hp_gain":0,"max_hp_loss":0,"event_name":"NoteForYourself","floor":5,"gold_loss":0,"cards_obtained":["Iron Wave"]},{"damage_healed":0,"gold_gain":0,"player_choice":"Simplicity","damage_taken":0,"max_hp_gain":0,"max_hp_loss":0,"event_name":"Back to Basics","floor":19,"gold_loss":0,"cards_upgraded":["Strike_B","Strike_B","Defend_B","Defend_B","Defend_B"]},{"damage_healed":0,"gold_gain":0,"player_choice":"Read","damage_taken":0,"max_hp_gain":0,"max_hp_loss":0,"event_name":"The Library","floor":21,"gold_loss":0,"cards_obtained":["Steam Power"]},{"damage_healed":0,"gold_gain":0,"player_choice":"Inject Mutagens","damage_taken":0,"relics_obtained":["MutagenicStrength"],"max_hp_gain":0,"max_hp_loss":0,"event_name":"Drug Dealer","floor":25,"gold_loss":0},{"cards_removed":["Dualcast"],"damage_healed":0,"gold_gain":0,"player_choice":"Removed Skill","damage_taken":0,"max_hp_gain":0,"max_hp_loss":0,"event_name":"Falling","floor":36,"gold_loss":0},{"damage_healed":0,"gold_gain":0,"player_choice":"Max HP","damage_taken":0,"max_hp_gain":0,"max_hp_loss":4,"event_name":"Winding Halls","floor":44,"gold_loss":0}],"is_beta":false,"boss_relics":[{"not_picked":["Calling Bell","Ectoplasm"],"picked":"FrozenCore"},{"not_picked":["Philosopher\u0027s Stone","White Beast Statue","Busted Crown"]}],"items_purged_floors":[13],"is_endless":false,"potions_floor_spawned":[4,11,18,22,31,33,37,45,46],"killed_by":"Nemesis","ascension_level":0}