{"gold_per_floor":[117,16,28,0,20,20,20,20,20,45,45,75,4,17,17,121,121,46,46,46,46,21,21,21,21,21,21,21,21,21,21,21,21],"floor_reached":33,"playtime":2515,"items_purged":[],"score":271,"play_id":"e3618a45-4e09-40e1-97ba-7bb4d4b799a8","local_time":"20190409191804","is_ascension_mode":false,"campfire_choices":[{"data":"Heavy Blade","floor":6.0,"key":"SMITH"},{"data":"Shrug It Off","floor":8.0,"key":"SMITH"},{"data":"Clothesline","floor":11.0,"key":"SMITH"},{"data":"Disarm","floor":15,"key":"SMITH"},{"data":"Entrench","floor":25,"key":"SMITH"},{"data":"Flex","floor":27,"key":"SMITH"},{"data":"Double Tap","floor":30,"key":"SMITH"},{"data":"Dual Wield","floor":32,"key":"SMITH"}],"neow_cost":"PERCENT_DAMAGE","seed_source_timestamp":875421238800,"circlet_count":0,"master_deck":["Strike_R","Strike_R","Strike_R","Strike_R","Strike_R","Defend_R","Defend_R","Defend_R","Defend_R","Bash","Dual Wield+1","Heavy Blade+1","Shrug It Off+1","Bloodletting","Clothesline+1","Iron Wave","Fiend Fire","Whirlwind","Disarm+1","Double Tap+1","Armaments","Flex+1","Pommel Strike","Entrench+1","Shrug It Off","Bloodletting","Cleave"],"special_seed":0,"relics":["Burning Blood","Thread and Needle","Gambling Chip","Matryoshka","FossilizedHelix","Ectoplasm","MutagenicStrength","Anchor","Regal Pillow","Pocketwatch"],"potions_floor_usage":[18,31,31,33,33,33,33,33],"damage_taken":[{"damage":0.0,"enemies":"Jaw Worm","floor":1.0,"turns":3.0},{"damage":0.0,"enemies":"Small Slimes","floor":3.0,"turns":4.0},{"damage":3.0,"enemies":"2 Louse","floor":5.0,"turns":2.0},{"damage":37.0,"enemies":"Lagavulin","floor":10.0,"turns":10.0},{"damage":22.0,"enemies":"3 Sentries","floor":12.0,"turns":9.0},{"damage":0,"enemies":"2 Fungi Beasts","floor":14,"turns":3},{"damage":31,"enemies":"Hexaghost","floor":16,"turns":18},{"damage":21,"enemies":"2 Thieves","floor":18,"turns":5},{"damage":0,"enemies":"Spheric Guardian","floor":24,"turns":1},{"damage":9,"enemies":"3 Cultists","floor":28,"turns":5},{"damage":0,"enemies":"Cultist and Chosen","floor":29,"turns":3},{"damage":10,"enemies":"Slavers","floor":31,"turns":6},{"damage":72,"enemies":"Automaton","floor":33,"turns":6}],"seed_played":"732703473681690805","potions_obtained":[{"floor":1.0,"key":"SpeedPotion"},{"floor":3.0,"key":"SteroidPotion"},{"floor":12.0,"key":"Ancient Potion"},{"floor":18,"key":"LiquidBronze"},{"floor":24,"key":"SpeedPotion"},{"floor":31,"key":"EntropicBrew"}],"is_trial":false,"path_per_floor":["M","$","M","?","M","R","?","R","T","E","R","E","$","M","R","B",null,"M","?","?","?","$","?","M","R","T","R","M","M","R","E","R","B"],"character_chosen":"IRONCLAD","items_purchased":["Heavy Blade","Shrug It Off","Whirlwind","Pommel Strike"],"campfire_rested":0,"item_purchase_floors":[2,2,13,22],"current_hp_per_floor":[62,62,68,68,71,71,76,76,76,45,45,29,29,35,35,10,85,70,70,70,54,54,54,60,60,60,60,57,63,63,59,59,0],"gold":21,"neow_bonus":"ONE_RARE_RELIC","is_prod":false,"is_daily":false,"chose_seed":false,"campfire_upgraded":8,"win_rate":0.0,"timestamp":1554862684,"path_taken":["M","$","M","?","M","R","?","R","T","E","R","E","?","M","R","BOSS","M","?","?","?","$","?","M","R","T","R","M","M","R","E","R","BOSS"],"build_version":"2019-01-23","purchased_purges":0,"victory":false,"max_hp_per_floor":[80,80,80,80,80,80,85,85,85,85,85,85,85,85,85,85,85,85,85,85,85,85,85,85,85,85,85,85,85,85,85,85,85],"card_choices":[{"not_picked":["Iron Wave","Clash"],"picked":"Dual Wield","floor":1.0},{"not_picked":["Infernal Blade","Headbutt"],"picked":"Bloodletting","floor":3.0},{"not_picked":["Iron Wave","Heavy Blade"],"picked":"Clothesline","floor":5.0},{"not_picked":["Rampage","Brutality"],"picked":"Iron Wave","floor":10.0},{"not_picked":["Thunderclap","Warcry"],"picked":"Fiend Fire","floor":12.0},{"not_picked":["Pommel Strike","Heavy Blade"],"picked":"Disarm","floor":14},{"not_picked":["Barricade","Feed"],"picked":"Double Tap","floor":16},{"not_picked":["Heavy Blade","Anger"],"picked":"Armaments","floor":18},{"not_picked":["Anger","Warcry"],"picked":"Entrench","floor":24},{"not_picked":["Clothesline","Rage"],"picked":"Shrug It Off","floor":28},{"not_picked":["Iron Wave","Dropkick"],"picked":"Bloodletting","floor":29},{"not_picked":["Armaments","Rupture"],"picked":"Cleave","floor":31}],"player_experience":754973,"relics_obtained":[{"floor":9.0,"key":"Gambling Chip"},{"floor":10.0,"key":"Matryoshka"},{"floor":12.0,"key":"FossilizedHelix"},{"floor":26,"key":"Anchor"},{"floor":26,"key":"Regal Pillow"},{"floor":31,"key":"Pocketwatch"}],"event_choices":[{"damage_healed":0.0,"max_hp_gain":0.0,"max_hp_loss":0.0,"gold_gain":0.0,"event_name":"World of Goop","player_choice":"Left Gold","floor":4.0,"gold_loss":28.0,"damage_taken":0.0},{"damage_healed":0.0,"max_hp_gain":5.0,"max_hp_loss":0.0,"gold_gain":0.0,"event_name":"Big Fish","player_choice":"Donut","floor":7.0,"gold_loss":0.0,"damage_taken":0.0},{"damage_healed":0,"gold_gain":0,"player_choice":"Ignored","damage_taken":0,"max_hp_gain":0,"max_hp_loss":0,"event_name":"Beggar","floor":19,"gold_loss":0},{"damage_healed":0,"gold_gain":0,"player_choice":"Read","damage_taken":0,"max_hp_gain":0,"max_hp_loss":0,"event_name":"The Library","floor":20,"gold_loss":0,"cards_obtained":["Flex"]},{"damage_healed":0,"gold_gain":0,"player_choice":"Obtained Book","damage_taken":16,"max_hp_gain":0,"max_hp_loss":0,"event_name":"Cursed Tome","floor":21,"gold_loss":0},{"damage_healed":0,"gold_gain":0,"player_choice":"Inject Mutagens","damage_taken":0,"relics_obtained":["MutagenicStrength"],"max_hp_gain":0,"max_hp_loss":0,"event_name":"Drug Dealer","floor":23,"gold_loss":0}],"is_beta":false,"boss_relics":[{"not_picked":["Pandora\u0027s Box","Empty Cage"],"picked":"Ectoplasm"}],"items_purged_floors":[],"is_endless":false,"potions_floor_spawned":[1,3,12,18,24,31],"killed_by":"Automaton","ascension_level":0}