{"gold_per_floor":[112,112,112,112,126,126,139,168,195,212,212,16,26,57,57,161,161,148,161,161,176,176],"floor_reached":22,"playtime":977,"items_purged":[],"score":284,"play_id":"0f9d5661-0049-454d-b5fd-8e095ca83563","local_time":"20190320020924","is_ascension_mode":true,"campfire_choices":[{"floor":6,"key":"REST"},{"data":"Reboot","floor":11,"key":"SMITH"},{"data":"Hologram","floor":15,"key":"SMITH"}],"neow_cost":"NONE","seed_source_timestamp":2441891399421911,"circlet_count":0,"master_deck":["Zap+1","Dualcast","Reboot+1","Conserve Battery","Coolheaded","Conserve Battery","Conserve Battery","Coolheaded","Metamorphosis","Darkness","Hologram+1","Echo Form","Double Energy","Hologram","Hyperbeam","Hello World","Leap","Ball Lightning","Lockon","Defragment"],"relics":["Cracked Core","Strawberry","Ancient Tea Set","Singing Bowl","Pandora\u0027s Box"],"potions_floor_usage":[16,18,18,22,22,22],"damage_taken":[{"damage":2,"enemies":"2 Louse","floor":1,"turns":2},{"damage":0,"enemies":"Jaw Worm","floor":5,"turns":4},{"damage":0,"enemies":"Cultist","floor":7,"turns":3},{"damage":4,"enemies":"Lagavulin","floor":8,"turns":8},{"damage":0,"enemies":"Looter","floor":10,"turns":4},{"damage":0,"enemies":"Gremlin Gang","floor":13,"turns":3},{"damage":11,"enemies":"Gremlin Nob","floor":14,"turns":3},{"damage":11,"enemies":"Hexaghost","floor":16,"turns":7},{"damage":4,"enemies":"2 Thieves","floor":18,"turns":4},{"damage":23,"enemies":"Shell Parasite","floor":19,"turns":4},{"damage":15,"enemies":"Centurion and Healer","floor":21,"turns":5},{"damage":19,"enemies":"Colosseum Slavers","floor":22,"turns":3},{"damage":27,"enemies":"Colosseum Nobs","floor":22,"turns":2}],"seed_played":"4341184168052941480","potions_obtained":[{"floor":10,"key":"Weak Potion"},{"floor":13,"key":"Explosive Potion"},{"floor":14,"key":"Explosive Potion"},{"floor":16,"key":"AttackPotion"},{"floor":20,"key":"SteroidPotion"},{"floor":20,"key":"PowerPotion"},{"floor":21,"key":"AttackPotion"}],"is_trial":false,"path_per_floor":["M","?","?","?","M","R","M","E","T","M","R","$","M","E","R","B",null,"M","M","?","M","?"],"character_chosen":"DEFECT","items_purchased":["Metamorphosis"],"campfire_rested":1,"item_purchase_floors":[12],"current_hp_per_floor":[66,51,44,44,44,66,66,69,69,69,69,69,69,58,58,47,73,69,46,46,33,0],"gold":176,"neow_bonus":"TRANSFORM_CARD","is_prod":false,"is_daily":false,"chose_seed":false,"campfire_upgraded":2,"win_rate":0,"timestamp":1553044164,"path_taken":["M","?","?","?","?","R","M","E","T","M","R","$","M","E","R","BOSS","M","M","?","?","?"],"build_version":"2019-01-23","purchased_purges":0,"victory":false,"max_hp_per_floor":[75,75,75,75,75,75,75,82,82,82,82,82,82,82,82,82,82,82,82,82,84,84],"card_choices":[{"not_picked":["Steam","Melter"],"picked":"Conserve Battery","floor":1},{"not_picked":["Streamline","Stack"],"picked":"Coolheaded","floor":5},{"not_picked":["Hologram","Barrage"],"picked":"Conserve Battery","floor":7},{"not_picked":["Double Energy","Turbo"],"picked":"Conserve Battery","floor":8},{"not_picked":["Hyperbeam","Steam"],"picked":"Coolheaded","floor":10},{"not_picked":["Hologram","Heatsinks"],"picked":"Darkness","floor":13},{"not_picked":["FTL","Redo"],"picked":"Hologram","floor":14},{"not_picked":["All For One","Thunder Strike"],"picked":"Echo Form","floor":16},{"not_picked":["Conserve Battery","Gash"],"picked":"Lockon","floor":18},{"not_picked":["Heatsinks+1","Go for the Eyes"],"picked":"Defragment","floor":19},{"not_picked":["Skim","Conserve Battery","Aggregate"],"picked":"Singing Bowl","floor":21}],"player_experience":301162,"relics_obtained":[{"floor":8,"key":"Strawberry"},{"floor":9,"key":"Ancient Tea Set"},{"floor":14,"key":"Singing Bowl"}],"event_choices":[{"damage_healed":0,"gold_gain":0,"player_choice":"Entered Light","damage_taken":15,"max_hp_gain":0,"max_hp_loss":0,"event_name":"Shining Light","floor":2,"gold_loss":0,"cards_upgraded":["Defend_B","Defend_B"]},{"cards_removed":["Defend_B"],"damage_healed":0,"gold_gain":0,"player_choice":"Card Removal","damage_taken":7,"max_hp_gain":0,"max_hp_loss":0,"event_name":"Golden Wing","floor":3,"gold_loss":0},{"damage_healed":0,"gold_gain":0,"player_choice":"Upgraded","damage_taken":0,"max_hp_gain":0,"max_hp_loss":0,"event_name":"Upgrade Shrine","floor":4,"gold_loss":0,"cards_upgraded":["Zap"]},{"damage_healed":0,"gold_gain":0,"player_choice":"Got Potions","damage_taken":0,"max_hp_gain":0,"max_hp_loss":0,"event_name":"Lab","floor":20,"gold_loss":0},{"damage_healed":0,"gold_gain":0,"player_choice":"Fight","damage_taken":0,"max_hp_gain":0,"max_hp_loss":0,"event_name":"Colosseum","floor":22,"gold_loss":0},{"damage_healed":0,"gold_gain":0,"player_choice":"Fought Nobs","damage_taken":0,"max_hp_gain":0,"max_hp_loss":0,"event_name":"Colosseum","floor":22,"gold_loss":0}],"is_beta":false,"boss_relics":[{"not_picked":["Fusion Hammer","Snecko Eye"],"picked":"Pandora\u0027s Box"}],"items_purged_floors":[],"is_endless":false,"potions_floor_spawned":[10,13,14,16,21,22],"killed_by":"Colosseum Nobs","ascension_level":9}