{"gold_per_floor":[114,124,77,90,90,102,102,132,156,174,202,202,202,229,229,329,329,347,347,109,36,46,46,75,25,25,25],"floor_reached":27,"playtime":6547,"items_purged":["Pain","Strike_B"],"score":398,"play_id":"9138200c-0382-40b3-8f5c-a1dfffc42a4f","local_time":"20190407152547","is_ascension_mode":true,"campfire_choices":[{"data":"Go for the Eyes","floor":7.0,"key":"SMITH"},{"floor":12.0,"key":"REST"},{"floor":15.0,"key":"REST"},{"data":"Defragment","floor":23.0,"key":"SMITH"}],"neow_cost":"NONE","seed_source_timestamp":0,"circlet_count":0,"master_deck":["AscendersBane","Strike_B+1","Strike_B","Strike_B","Defend_B","Defend_B","Defend_B","Defend_B","Zap+1","Dualcast","Coolheaded","Cold Snap","Cold Snap","Glacier+1","Go for the Eyes+1","Self Repair","Ball Lightning","Echo Form","Sunder","Defragment+1","Defragment"],"special_seed":0,"relics":["Orrery","Pen Nib","Orichalcum","Smiling Mask","Singing Bowl","Inserter","WarpedTongs","Regal Pillow","Blue Candle"],"potions_floor_usage":[],"damage_taken":[{"damage":7.0,"enemies":"Jaw Worm","floor":1.0,"turns":5.0},{"damage":0.0,"enemies":"Small Slimes","floor":2.0,"turns":5.0},{"damage":0.0,"enemies":"Cultist","floor":4.0,"turns":5.0},{"damage":1.0,"enemies":"2 Fungi Beasts","floor":6.0,"turns":4.0},{"damage":9.0,"enemies":"Lagavulin","floor":8.0,"turns":8.0},{"damage":6.0,"enemies":"3 Louse","floor":10.0,"turns":4.0},{"damage":34.0,"enemies":"Gremlin Nob","floor":11.0,"turns":6.0},{"damage":9.0,"enemies":"Lagavulin","floor":14.0,"turns":10.0},{"damage":32.0,"enemies":"The Guardian","floor":16.0,"turns":16.0},{"damage":1.0,"enemies":"Chosen","floor":18.0,"turns":7.0},{"damage":6.0,"enemies":"Shell Parasite","floor":22.0,"turns":7.0},{"damage":42.0,"enemies":"Gremlin Leader","floor":24.0,"turns":6.0},{"damage":50,"enemies":"Slavers","floor":27,"turns":3}],"seed_played":"1426879549521306659","potions_obtained":[{"floor":2.0,"key":"SkillPotion"},{"floor":10.0,"key":"GamblersBrew"},{"floor":16.0,"key":"FocusPotion"},{"floor":18.0,"key":"Poison Potion"}],"is_trial":false,"path_per_floor":["M","M","$","M","?","M","R","E","T","M","E","R","?","E","R","B",null,"M","?","$","$","M","R","E","$","T","E"],"character_chosen":"DEFECT","items_purchased":["Go for the Eyes","Sunder","Regal Pillow","Defragment"],"campfire_rested":2,"item_purchase_floors":[3,20,20,21],"current_hp_per_floor":[61,61,61,61,46,52,52,50,50,51,24,46,46,44,66,41,67,75,75,75,75,76,76,46,46,46,0],"gold":25,"neow_bonus":"BOSS_RELIC","is_prod":false,"is_daily":false,"chose_seed":false,"campfire_upgraded":2,"win_rate":0,"timestamp":1554668747,"path_taken":["M","M","$","M","?","M","R","E","T","M","E","R","?","E","R","BOSS","M","?","?","$","M","R","E","$","T","E"],"build_version":"2019-01-23","purchased_purges":2,"victory":false,"max_hp_per_floor":[75,75,75,75,75,75,75,75,75,75,75,75,75,75,75,75,75,77,77,77,77,77,77,79,79,79,79],"card_choices":[{"not_picked":["Double Energy","Genetic Algorithm"],"picked":"Coolheaded","floor":0.0},{"not_picked":["Sweeping Beam","Turbo"],"picked":"Cold Snap","floor":0.0},{"not_picked":["BootSequence","Doom and Gloom"],"picked":"Cold Snap","floor":0.0},{"not_picked":["Chill","Doom and Gloom"],"picked":"Glacier","floor":1.0},{"not_picked":["Aggregate","Reprogram","Steam Power"],"picked":"SKIP","floor":2.0},{"not_picked":["Go for the Eyes","Stack"],"picked":"Self Repair","floor":4.0},{"not_picked":["Stack","Hologram","Go for the Eyes"],"picked":"SKIP","floor":6.0},{"not_picked":["Go for the Eyes","Meteor Strike","Redo"],"picked":"SKIP","floor":8.0},{"not_picked":["Leap","Compile Driver","Sweeping Beam"],"picked":"SKIP","floor":10.0},{"not_picked":["Leap","Streamline","Darkness"],"picked":"SKIP","floor":11.0},{"not_picked":["Beam Cell","Lockon"],"picked":"Ball Lightning","floor":14.0},{"not_picked":["Core Surge","Multi-Cast"],"picked":"Echo Form","floor":16.0},{"not_picked":["Rebound","Steam","Reprogram"],"picked":"Singing Bowl","floor":18.0},{"not_picked":["Tempest+1","Barrage"],"picked":"Defragment","floor":22.0},{"not_picked":["Biased Cognition","Sweeping Beam","Reinforced Body"],"picked":"Singing Bowl","floor":24.0}],"player_experience":276935,"relics_obtained":[{"floor":8.0,"key":"Pen Nib"},{"floor":9.0,"key":"Orichalcum"},{"floor":11.0,"key":"Smiling Mask"},{"floor":14.0,"key":"Singing Bowl"},{"floor":24.0,"key":"Blue Candle"}],"event_choices":[{"damage_healed":0.0,"max_hp_gain":0.0,"max_hp_loss":0.0,"gold_gain":0.0,"event_name":"Shining Light","player_choice":"Entered Light","floor":5.0,"gold_loss":0.0,"damage_taken":15.0,"cards_upgraded":["Strike_B","Zap"]},{"damage_healed":0.0,"max_hp_gain":0.0,"max_hp_loss":0.0,"gold_gain":0.0,"event_name":"Living Wall","player_choice":"Grow","floor":13.0,"gold_loss":0.0,"damage_taken":0.0,"cards_upgraded":["Glacier"]},{"damage_healed":0.0,"max_hp_gain":0.0,"max_hp_loss":0.0,"gold_gain":0.0,"event_name":"Accursed Blacksmith","player_choice":"Rummage","floor":19.0,"gold_loss":0.0,"damage_taken":0.0,"relics_obtained":["WarpedTongs"],"cards_obtained":["Pain"]}],"is_beta":false,"boss_relics":[{"not_picked":["Black Star","Coffee Dripper"],"picked":"Inserter"}],"items_purged_floors":[20,25],"is_endless":false,"potions_floor_spawned":[2,10,16,18],"killed_by":"Slavers","ascension_level":12}