{"gold_per_floor":[117,33,49,49,49,49,63,63,63,63,81,97,13,25,25,25],"floor_reached":16,"playtime":313,"items_purged":[],"score":179,"play_id":"7ff62aa4-7864-429e-a077-88a4d46d9c77","local_time":"20190331190536","is_ascension_mode":true,"campfire_choices":[{"data":"ReplayRNGCard","floor":6,"key":"SMITH"},{"data":"Dualcast","floor":8,"key":"SMITH"},{"data":"Panic Button","floor":10,"key":"SMITH"},{"floor":15,"key":"REST"}],"neow_cost":"NONE","seed_source_timestamp":943097820251372,"circlet_count":0,"master_deck":["AscendersBane","Strike_B","Strike_B","Strike_B","Strike_B","Defend_B","Defend_B","Defend_B","Defend_B","Zap","Dualcast+1","Ball Lightning","ReplayRNGCard+1","Panic Button+1","ReplayTheSpireMod:Calculation Training","Crystallizer","Compile Driver+1","FIFO Queue","BasicCrystalCard"],"relics":["Cracked Core","NeowsBlessing","Molten Egg 2"],"potions_floor_usage":[16],"damage_taken":[{"damage":0,"enemies":"Cultist","floor":1,"turns":1},{"damage":0,"enemies":"Small Slimes","floor":3,"turns":1},{"damage":0,"enemies":"2 Louse","floor":7,"turns":1},{"damage":32,"enemies":"Exordium Wildlife","floor":11,"turns":6},{"damage":14,"enemies":"3 Louse","floor":12,"turns":3},{"damage":0,"enemies":"Red Slaver","floor":14,"turns":3},{"damage":45,"enemies":"Slime Boss","floor":16,"turns":6}],"seed_played":"1107819979884152579","potions_obtained":[{"floor":3,"key":"Poison Potion"},{"floor":11,"key":"SteroidPotion"}],"is_trial":false,"path_per_floor":["M","$","M","?","?","R","M","R","T","R","M","M","$","M","R","B"],"character_chosen":"DEFECT","items_purchased":["ReplayRNGCard","FIFO Queue"],"campfire_rested":1,"item_purchase_floors":[2,13],"current_hp_per_floor":[64,64,64,64,64,64,64,64,64,64,32,18,18,18,39,0],"gold":25,"neow_bonus":"THREE_ENEMY_KILL","is_prod":false,"is_daily":false,"chose_seed":false,"campfire_upgraded":3,"win_rate":0,"timestamp":1554077136,"path_taken":["M","?","M","?","?","R","M","R","T","R","M","M","$","?","R","BOSS"],"build_version":"2019-01-23","purchased_purges":0,"victory":false,"max_hp_per_floor":[71,71,71,71,71,71,71,71,71,71,71,71,71,71,71,71],"card_choices":[{"not_picked":["Streamline","Cold Snap"],"picked":"Ball Lightning","floor":1},{"not_picked":["Gash","Streamline"],"picked":"Panic Button","floor":3},{"not_picked":["Stack","BasicCrystalCard"],"picked":"ReplayTheSpireMod:Calculation Training","floor":7},{"not_picked":["Skim","Leap"],"picked":"Crystallizer","floor":11},{"not_picked":["Streamline+1","Hologram"],"picked":"Compile Driver+1","floor":12},{"not_picked":["Ball Lightning+1","Streamline+1"],"picked":"BasicCrystalCard","floor":14}],"player_experience":876216,"relics_obtained":[{"floor":9,"key":"Molten Egg 2"}],"event_choices":[{"damage_healed":0,"gold_gain":0,"player_choice":"Leave","damage_taken":0,"max_hp_gain":0,"max_hp_loss":0,"event_name":"The Cleric","floor":4,"gold_loss":0},{"damage_healed":0,"gold_gain":0,"player_choice":"Ignored","damage_taken":0,"max_hp_gain":0,"max_hp_loss":0,"event_name":"Shining Light","floor":5,"gold_loss":0}],"is_beta":false,"boss_relics":[],"items_purged_floors":[],"is_endless":false,"potions_floor_spawned":[3,11],"killed_by":"Slime Boss","ascension_level":19}