{"gold_per_floor":[113,128,139,116,129,129,159,178,230,245,257,257,271,284,284,379,379,399,49,61,72,72,102,102,102,148,158,118,138,25,44,44,148,148,168,168,168,18,32,32,49,68,118,118,118],"floor_reached":45,"playtime":4117,"items_purged":["Defend_B"],"score":789,"play_id":"eaa7c088-e766-4fa1-a13d-358724d79668","local_time":"20190407163438","is_ascension_mode":true,"campfire_choices":[{"floor":6,"key":"REST"},{"floor":12,"key":"REST"},{"floor":15,"key":"REST"},{"floor":24,"key":"REST"},{"floor":32,"key":"REST"},{"data":"Recycle","floor":40,"key":"SMITH"},{"floor":44,"key":"REST"}],"neow_cost":"NONE","seed_source_timestamp":65930031714244,"circlet_count":0,"master_deck":["AscendersBane","Strike_B","Defend_B","Defend_B","Defend_B","Zap","Dualcast+1","Hello World","FTL","Steam","Cold Snap","Seek","Coolheaded","Ball Lightning","Cold Snap","All For One","Undo+1","Chaos+1","Tempest+1","Cold Snap","White Noise","Conserve Battery+1","White Noise","Core Surge","Stack+1","Recycle+1","Glacier+1"],"relics":["Velvet Choker","Gambling Chip","Astrolabe","ClockworkSouvenir","Regal Pillow","Ornamental Fan","Orichalcum","Lizard Tail","War Paint","DataDisk"],"potions_floor_usage":[7,13,16,16,23,23,31,41,42],"damage_taken":[{"damage":0,"enemies":"Cultist","floor":1,"turns":4},{"damage":13,"enemies":"2 Louse","floor":2,"turns":3},{"damage":2,"enemies":"Jaw Worm","floor":3,"turns":3},{"damage":20,"enemies":"Exordium Thugs","floor":5,"turns":5},{"damage":22,"enemies":"Gremlin Nob","floor":7,"turns":6},{"damage":9,"enemies":"Lots of Slimes","floor":8,"turns":6},{"damage":0,"enemies":"2 Fungi Beasts","floor":10,"turns":4},{"damage":0,"enemies":"Blue Slaver","floor":11,"turns":4},{"damage":40,"enemies":"Gremlin Gang","floor":13,"turns":4},{"damage":0,"enemies":"Large Slime","floor":14,"turns":4},{"damage":0,"enemies":"Slime Boss","floor":16,"turns":11},{"damage":4,"enemies":"Shell Parasite","floor":18,"turns":8},{"damage":0,"enemies":"3 Byrds","floor":20,"turns":5},{"damage":7,"enemies":"Snecko","floor":21,"turns":4},{"damage":21,"enemies":"Book of Stabbing","floor":23,"turns":6},{"damage":12,"enemies":"Colosseum Slavers","floor":25,"turns":4},{"damage":19,"enemies":"Shelled Parasite and Fungi","floor":27,"turns":7},{"damage":9,"enemies":"Centurion and Healer","floor":29,"turns":7},{"damage":0,"enemies":"3 Cultists","floor":31,"turns":4},{"damage":11,"enemies":"Automaton","floor":33,"turns":9},{"damage":0,"enemies":"Orb Walker","floor":35,"turns":5},{"damage":0,"enemies":"3 Shapes","floor":39,"turns":6},{"damage":14,"enemies":"3 Darklings","floor":41,"turns":12},{"damage":83,"enemies":"Jaw Worm Horde","floor":42,"turns":7},{"damage":21,"enemies":"Writhing Mass","floor":45,"turns":8}],"seed_played":"32024028227935177","potions_obtained":[{"floor":2,"key":"Block Potion"},{"floor":8,"key":"SpeedPotion"},{"floor":11,"key":"PowerPotion"},{"floor":13,"key":"SkillPotion"},{"floor":16,"key":"FearPotion"},{"floor":18,"key":"Fruit Juice"},{"floor":28,"key":"Weak Potion"},{"floor":28,"key":"SneckoOil"},{"floor":31,"key":"Energy Potion"},{"floor":41,"key":"AttackPotion"}],"is_trial":false,"path_per_floor":["M","M","M","$","M","R","E","M","T","M","M","R","M","M","R","B",null,"M","$","M","M","?","E","R","?","T","M","?","M","$","M","R","B",null,"M","?","?","$","M","R","M","M","T","R","M"],"character_chosen":"DEFECT","items_purchased":["Steam","ClockworkSouvenir","Regal Pillow","White Noise","War Paint"],"campfire_rested":6,"item_purchase_floors":[4,19,19,30,38],"current_hp_per_floor":[68,55,53,53,33,55,33,24,24,24,24,46,6,6,28,28,63,59,59,59,52,38,22,62,50,50,31,31,22,22,22,62,51,77,77,77,77,77,77,77,63,27,27,67,46],"gold":118,"neow_bonus":"BOSS_RELIC","is_prod":false,"is_daily":false,"chose_seed":false,"campfire_upgraded":1,"win_rate":0,"timestamp":1554672878,"path_taken":["M","M","M","$","M","R","E","M","T","M","M","R","M","M","R","BOSS","M","$","M","M","?","E","R","?","T","M","?","?","?","M","R","BOSS","M","?","?","$","?","R","M","M","T","R","M"],"build_version":"2019-01-23","purchased_purges":1,"victory":false,"max_hp_per_floor":[75,75,75,75,75,75,75,75,75,75,75,75,75,75,75,75,75,75,75,75,75,80,85,85,85,85,85,85,85,85,85,85,85,85,85,85,85,85,85,85,85,85,85,85,85],"card_choices":[{"not_picked":["Stack","Hologram"],"picked":"Hello World","floor":1},{"not_picked":["Leap","Steam"],"picked":"FTL","floor":2},{"not_picked":["Static Discharge","Barrage","Go for the Eyes"],"picked":"SKIP","floor":3},{"not_picked":["Sweeping Beam","Beam Cell"],"picked":"Cold Snap","floor":5},{"not_picked":["Go for the Eyes","Stack","Gash"],"picked":"SKIP","floor":7},{"not_picked":["Doom and Gloom","Reinforced Body"],"picked":"Seek","floor":8},{"not_picked":["Cold Snap","Fusion"],"picked":"Coolheaded","floor":10},{"not_picked":["Compile Driver","Double Energy"],"picked":"Ball Lightning","floor":11},{"not_picked":["Loop","Force Field","Self Repair"],"picked":"SKIP","floor":13},{"not_picked":["Reprogram","Leap"],"picked":"Cold Snap","floor":14},{"not_picked":["Core Surge","Hyperbeam"],"picked":"All For One","floor":16},{"not_picked":["Hologram","Leap"],"picked":"Cold Snap","floor":18},{"not_picked":["Turbo+1","Steam"],"picked":"White Noise","floor":20},{"not_picked":["Storm","Go for the Eyes","Turbo"],"picked":"SKIP","floor":21},{"not_picked":["Gash","Compile Driver","Redo"],"picked":"SKIP","floor":23},{"not_picked":["Rebound","Streamline","BootSequence"],"picked":"SKIP","floor":27},{"not_picked":["Fusion","Chill"],"picked":"Conserve Battery+1","floor":29},{"not_picked":["Turbo","Double Energy","Scrape"],"picked":"SKIP","floor":31},{"not_picked":["Amplify","Biased Cognition"],"picked":"Core Surge","floor":33},{"not_picked":["Gash","Ball Lightning"],"picked":"Stack","floor":35},{"not_picked":["Melter","Ball Lightning+1"],"picked":"Recycle","floor":39},{"not_picked":["Stack+1","Ball Lightning"],"picked":"Glacier+1","floor":41},{"not_picked":["Redo+1","Loop","Turbo"],"picked":"SKIP","floor":42}],"player_experience":283482,"relics_obtained":[{"floor":7,"key":"Gambling Chip"},{"floor":23,"key":"Ornamental Fan"},{"floor":26,"key":"Orichalcum"},{"floor":43,"key":"DataDisk"}],"event_choices":[{"damage_healed":0,"gold_gain":0,"player_choice":"Shed Blood","damage_taken":19,"max_hp_gain":5,"max_hp_loss":0,"event_name":"Forgotten Altar","floor":22,"gold_loss":0},{"damage_healed":0,"gold_gain":0,"player_choice":"Fight","damage_taken":0,"max_hp_gain":0,"max_hp_loss":0,"event_name":"Colosseum","floor":25,"gold_loss":0},{"damage_healed":0,"gold_gain":0,"player_choice":"Fled From Nobs","damage_taken":0,"max_hp_gain":0,"max_hp_loss":0,"event_name":"Colosseum","floor":25,"gold_loss":0},{"damage_healed":0,"gold_gain":0,"player_choice":"Bought 3 Potions","damage_taken":0,"max_hp_gain":0,"max_hp_loss":0,"event_name":"The Woman in Blue","floor":28,"gold_loss":0},{"damage_healed":0,"gold_gain":0,"player_choice":"Ignored","damage_taken":0,"max_hp_gain":0,"max_hp_loss":0,"event_name":"Mysterious Sphere","floor":36,"gold_loss":0},{"damage_healed":0,"gold_gain":0,"player_choice":"Ignored","damage_taken":0,"max_hp_gain":0,"max_hp_loss":0,"event_name":"SecretPortal","floor":37,"gold_loss":0}],"is_beta":false,"boss_relics":[{"not_picked":["Coffee Dripper","Cursed Key"],"picked":"Astrolabe"},{"not_picked":["Philosopher\u0027s Stone","White Beast Statue"],"picked":"Lizard Tail"}],"items_purged_floors":[30],"is_endless":false,"potions_floor_spawned":[2,8,11,13,14,16,18,29,31,33,41],"killed_by":"Writhing Mass","ascension_level":12}