{"gold_per_floor":[117,50,62,62,75,75,93,118,118,128,89,123,136,150,150,150],"floor_reached":16,"playtime":2073,"items_purged":[],"score":139,"play_id":"f8a3b164-659c-4307-82fb-3ae192b86c7d","local_time":"20190404195246","is_ascension_mode":false,"campfire_choices":[{"data":"Anger","floor":6.0,"key":"SMITH"},{"floor":15,"key":"REST"}],"neow_cost":"NONE","seed_source_timestamp":0,"circlet_count":0,"master_deck":["Strike_R","Strike_R","Strike_R","Strike_R","Strike_R","Defend_R","Defend_R","Defend_R","Defend_R","Bash","Anger+1","Fire Breathing","Perfected Strike","Armaments","Twin Strike","Reaper","Bloodletting","Combust+1","Fire Breathing+1","Perfected Strike","Pommel Strike"],"special_seed":0,"relics":["Burning Blood","Strawberry","Frozen Egg 2","Kunai"],"potions_floor_usage":[14,16,16],"damage_taken":[{"damage":6.0,"enemies":"Cultist","floor":1.0,"turns":3.0},{"damage":8.0,"enemies":"Small Slimes","floor":3.0,"turns":3.0},{"damage":6.0,"enemies":"2 Louse","floor":5.0,"turns":2.0},{"damage":10.0,"enemies":"Exordium Wildlife","floor":7.0,"turns":4.0},{"damage":40.0,"enemies":"Lagavulin","floor":8.0,"turns":6.0},{"damage":18,"enemies":"Lots of Slimes","floor":10,"turns":3},{"damage":24,"enemies":"3 Sentries","floor":12,"turns":6},{"damage":20,"enemies":"Looter","floor":13,"turns":3},{"damage":2,"enemies":"Blue Slaver","floor":14,"turns":2},{"damage":57,"enemies":"The Guardian","floor":16,"turns":6}],"seed_played":"8475589394706442719","potions_obtained":[{"floor":1.0,"key":"Weak Potion"},{"floor":3.0,"key":"SkillPotion"},{"floor":7.0,"key":"SneckoOil"},{"floor":13,"key":"AttackPotion"}],"is_trial":false,"path_per_floor":["M","$","M","$","M","R","M","E","T","M","$","E","M","M","R","B"],"character_chosen":"IRONCLAD","items_purchased":["Fire Breathing","Combust+1"],"campfire_rested":1,"item_purchase_floors":[2,11],"current_hp_per_floor":[88,88,86,86,86,86,82,55,55,57,57,39,25,29,57,0],"gold":150,"neow_bonus":"TEN_PERCENT_HP_BONUS","is_prod":false,"is_daily":false,"chose_seed":false,"campfire_upgraded":1,"win_rate":0.0,"timestamp":1554421966,"path_taken":["M","$","M","?","M","R","?","E","T","M","?","E","M","M","R","BOSS"],"build_version":"2019-01-23","purchased_purges":0,"victory":false,"max_hp_per_floor":[88,88,88,88,88,88,88,95,95,95,95,95,95,95,95,95],"card_choices":[{"not_picked":["Searing Blow","Uppercut"],"picked":"Anger","floor":1.0},{"not_picked":["Clothesline","Infernal Blade"],"picked":"Perfected Strike","floor":3.0},{"not_picked":["Warcry","Clothesline"],"picked":"Armaments","floor":5.0},{"not_picked":["Headbutt","Clash"],"picked":"Twin Strike","floor":7.0},{"not_picked":["Blood for Blood","Twin Strike"],"picked":"Reaper","floor":8.0},{"not_picked":["Intimidate","Anger"],"picked":"Bloodletting","floor":10},{"not_picked":["Intimidate","Second Wind"],"picked":"Fire Breathing+1","floor":12},{"not_picked":["Pommel Strike","Entrench"],"picked":"Perfected Strike","floor":13},{"not_picked":["Combust+1","Clash"],"picked":"Pommel Strike","floor":14}],"player_experience":42717,"relics_obtained":[{"floor":8.0,"key":"Strawberry"},{"floor":9,"key":"Frozen Egg 2"},{"floor":12,"key":"Kunai"}],"event_choices":[],"is_beta":false,"boss_relics":[],"items_purged_floors":[],"is_endless":false,"potions_floor_spawned":[1,3,7,13],"killed_by":"The Guardian","ascension_level":0}