{"gold_per_floor":[119,194,194,206,228,268,280,303,395,422,459,482,494,516,528,644,656,683,707,736,748],"floor_reached":21,"playtime":2566,"items_purged":[],"score":251,"play_id":"b8623841-2feb-4df9-a493-be12b26fe718","local_time":"20190218173441","is_ascension_mode":true,"campfire_choices":[{"data":"Rampage","floor":7,"key":"SMITH"},{"floor":13,"key":"RECALL"},{"data":"Whirlwind","floor":15,"key":"SMITH"}],"neow_cost":"NONE","seed_source_timestamp":58553330508263,"circlet_count":0,"master_deck":["Bash","Rampage+1","Cleave+1","Clash","Whirlwind+1","Clash","Burning Pact","Rampage","Brutality","Pummel","Feed","Dual Wield","Rampage","Battle Trance","Impervious","Infernal Blade","Intimidate","Reckless Charge","Iron Wave+1","Clash+1","Warcry+1"],"relics":["Burning Blood","NeowsBlessing","MawBank","Question Card","Whetstone","Pandora\u0027s Box"],"potions_floor_usage":[11,20,20,21],"damage_taken":[{"damage":0,"enemies":"Cultist","floor":1,"turns":1},{"damage":0,"enemies":"2 Louse","floor":5,"turns":1},{"damage":0,"enemies":"Lagavulin","floor":6,"turns":1},{"damage":4,"enemies":"Small Slimes","floor":8,"turns":4},{"damage":8,"enemies":"Blue Slaver","floor":10,"turns":2},{"damage":8,"enemies":"Gremlin Nob","floor":11,"turns":3},{"damage":1,"enemies":"3 Louse","floor":12,"turns":2},{"damage":11,"enemies":"Looter","floor":14,"turns":2},{"damage":48,"enemies":"Slime Boss","floor":16,"turns":9},{"damage":49,"enemies":"2 Thieves","floor":18,"turns":4},{"damage":14,"enemies":"Chosen","floor":19,"turns":3},{"damage":35,"enemies":"Centurion and Healer","floor":20,"turns":4},{"damage":18,"enemies":"Snake Plant","floor":21,"turns":3}],"seed_played":"-4227303824410976087","potions_obtained":[{"floor":1,"key":"Dexterity Potion"},{"floor":6,"key":"Regen Potion"},{"floor":8,"key":"Dexterity Potion"},{"floor":10,"key":"AttackPotion"},{"floor":18,"key":"Regen Potion"},{"floor":20,"key":"SkillPotion"}],"is_trial":false,"path_per_floor":["M","?","?","?","M","E","R","M","T","M","E","M","R","M","R","B",null,"M","M","M","M"],"character_chosen":"IRONCLAD","items_purchased":[],"campfire_rested":0,"item_purchase_floors":[],"current_hp_per_floor":[80,69,69,62,68,74,74,76,76,74,72,77,77,72,72,30,80,40,32,30,12],"gold":748,"neow_bonus":"THREE_ENEMY_KILL","is_prod":false,"is_daily":false,"chose_seed":false,"campfire_upgraded":2,"win_rate":0,"timestamp":1550532881,"path_taken":["M","?","?","?","M","E","R","?","T","M","E","M","R","M","R","BOSS","M","M","M","M"],"build_version":"2019-01-23","purchased_purges":0,"victory":false,"max_hp_per_floor":[80,80,80,80,80,80,80,80,80,80,80,80,80,80,80,80,80,83,83,83,83],"card_choices":[{"not_picked":["Clothesline","Wild Strike"],"picked":"Rampage","floor":1},{"not_picked":["Rupture","Thunderclap","Seeing Red"],"picked":"SKIP","floor":5},{"not_picked":["Power Through","Second Wind"],"picked":"Cleave","floor":6},{"not_picked":["Power Through","Combust","Sword Boomerang"],"picked":"Clash","floor":8},{"not_picked":["Uppercut","Anger","Perfected Strike"],"picked":"Whirlwind","floor":10},{"not_picked":["Reaper","Twin Strike","Impervious"],"picked":"Clash","floor":11},{"not_picked":["True Grit","Power Through","Cleave"],"picked":"Burning Pact","floor":12},{"not_picked":["Clash","Heavy Blade","Flex"],"picked":"Rampage","floor":14},{"not_picked":["Limit Break","Juggernaut","Demon Form"],"picked":"Brutality","floor":16},{"not_picked":["Metallicize","Thunderclap","Clothesline"],"picked":"Iron Wave+1","floor":18},{"not_picked":["Infernal Blade","Power Through","Fire Breathing"],"picked":"Clash+1","floor":19},{"not_picked":["Heavy Blade","Clothesline","Intimidate"],"picked":"Warcry+1","floor":20}],"player_experience":494327,"relics_obtained":[{"floor":6,"key":"Question Card"},{"floor":11,"key":"Whetstone"}],"event_choices":[{"damage_healed":0,"gold_gain":75,"player_choice":"Gather Gold","damage_taken":11,"max_hp_gain":0,"max_hp_loss":0,"event_name":"World of Goop","floor":2,"gold_loss":0},{"damage_healed":0,"gold_gain":0,"player_choice":"Box","damage_taken":0,"relics_obtained":["MawBank"],"max_hp_gain":0,"max_hp_loss":0,"event_name":"Big Fish","floor":3,"gold_loss":0,"cards_obtained":["Regret"]},{"cards_removed":["Regret"],"damage_healed":0,"gold_gain":0,"player_choice":"Card Removal","damage_taken":7,"max_hp_gain":0,"max_hp_loss":0,"event_name":"Golden Wing","floor":4,"gold_loss":0}],"is_beta":false,"boss_relics":[{"not_picked":["Tiny House","Eternal Feather"],"picked":"Pandora\u0027s Box"}],"items_purged_floors":[],"is_endless":false,"potions_floor_spawned":[1,6,8,10,18,20],"killed_by":"Snake Plant","ascension_level":3}