{"gold_per_floor":[14,34,45,45,45,45,72,72,72,132,144,164,164,219,219,314,314,325,345,345,357,31,64,64,80,80,80,80,80,80],"floor_reached":30,"playtime":9193,"items_purged":["Regret"],"score":273,"play_id":"66f8a42c-cea9-4fb1-8cec-1b87a4cd85bd","local_time":"20190220145836","is_ascension_mode":false,"campfire_choices":[{"data":"Bane","floor":6,"key":"SMITH"},{"data":"Survivor","floor":8,"key":"SMITH"},{"floor":15,"key":"REST"},{"data":"Tools of the Trade","floor":24,"key":"SMITH"}],"neow_cost":"NO_GOLD","seed_source_timestamp":498376931156184,"circlet_count":0,"master_deck":["Defend_G","Defend_G","Defend_G","Defend_G","Defend_G","Strike_G","Strike_G","Strike_G","Strike_G","Strike_G","Survivor+1","Neutralize","Deadly Poison","Bane+1","Flying Knee","Outmaneuver","Backflip","Tools of the Trade+1","Bane+1","Endless Agony+1","Blur+1","Noxious Fumes","Writhe"],"relics":["Ring of the Snake","Sundial","Pen Nib","Ninja Scroll","Letter Opener","Philosopher\u0027s Stone","Pear","Prayer Wheel","Shuriken"],"potions_floor_usage":[7,7,7,14,16,19,23,23,23],"damage_taken":[{"damage":1,"enemies":"Cultist","floor":1,"turns":4},{"damage":2,"enemies":"Jaw Worm","floor":2,"turns":4},{"damage":4,"enemies":"Small Slimes","floor":3,"turns":2},{"damage":27,"enemies":"Gremlin Nob","floor":7,"turns":4},{"damage":0,"enemies":"Blue Slaver","floor":11,"turns":2},{"damage":0,"enemies":"Looter","floor":12,"turns":2},{"damage":28,"enemies":"Lagavulin Event","floor":14,"turns":6},{"damage":24,"enemies":"Hexaghost","floor":16,"turns":11},{"damage":19,"enemies":"Spheric Guardian","floor":18,"turns":5},{"damage":4,"enemies":"Chosen","floor":19,"turns":3},{"damage":24,"enemies":"Shelled Parasite and Fungi","floor":21,"turns":5},{"damage":17,"enemies":"Book of Stabbing","floor":23,"turns":4},{"damage":14,"enemies":"Snecko","floor":25,"turns":4},{"damage":13,"enemies":"Snake Plant","floor":30,"turns":4}],"seed_played":"-7314190737844445982","potions_obtained":[{"floor":1,"key":"Ancient Potion"},{"floor":3,"key":"EntropicBrew"},{"floor":11,"key":"Weak Potion"},{"floor":14,"key":"Block Potion"},{"floor":18,"key":"SneckoOil"},{"floor":25,"key":"LiquidBronze"}],"is_trial":false,"path_per_floor":["M","M","M","?","$","R","E","R","T","?","M","M","?","?","R","B",null,"M","M","?","M","$","E","R","M","T","?","?","?","M"],"character_chosen":"THE_SILENT","items_purchased":["Noxious Fumes","Regen Potion","SteroidPotion","SkillPotion"],"campfire_rested":1,"item_purchase_floors":[22,22,22,22],"current_hp_per_floor":[83,81,77,77,77,77,50,50,50,50,50,50,50,22,47,23,84,65,61,45,21,21,26,26,12,12,12,12,12,0],"gold":80,"neow_bonus":"TWENTY_PERCENT_HP_BONUS","is_prod":false,"is_daily":false,"chose_seed":false,"campfire_upgraded":3,"win_rate":0,"timestamp":1550703516,"path_taken":["M","M","M","?","$","R","E","R","T","?","?","M","?","?","R","BOSS","M","M","?","M","$","E","R","M","T","?","?","?","M"],"build_version":"2019-01-23","purchased_purges":1,"victory":false,"max_hp_per_floor":[84,84,84,84,84,84,84,84,84,84,84,84,84,84,84,84,84,84,84,89,89,89,99,99,99,99,99,99,99,99],"card_choices":[{"not_picked":["Predator","Acrobatics"],"picked":"Deadly Poison","floor":1},{"not_picked":["Dodge and Roll","Sucker Punch"],"picked":"Bane","floor":2},{"not_picked":["Cloak And Dagger","Blade Dance"],"picked":"Flying Knee","floor":3},{"not_picked":["Deflect","Tactician","Dagger Throw"],"picked":"SKIP","floor":7},{"not_picked":["Quick Slash","Corpse Explosion"],"picked":"Outmaneuver","floor":11},{"not_picked":["Slice","Bouncing Flask"],"picked":"Backflip","floor":12},{"not_picked":["Malaise","Corpse Explosion"],"picked":"Tools of the Trade","floor":16},{"not_picked":["Finisher+1","Catalyst"],"picked":"Bane+1","floor":18},{"not_picked":["Slice+1","Deflect"],"picked":"Endless Agony+1","floor":19},{"not_picked":["Flying Knee+1","Expertise"],"picked":"Blur+1","floor":21},{"not_picked":["Terror","Prepared","Heel Hook"],"picked":"SKIP","floor":23},{"not_picked":["Quick Slash","Underhanded Strike","Backflip"],"picked":"SKIP","floor":25}],"player_experience":111603,"relics_obtained":[{"floor":7,"key":"Pen Nib"},{"floor":9,"key":"Ninja Scroll"},{"floor":14,"key":"Letter Opener"},{"floor":23,"key":"Pear"},{"floor":26,"key":"Prayer Wheel"}],"event_choices":[{"damage_healed":0,"gold_gain":0,"player_choice":"Box","damage_taken":0,"relics_obtained":["Sundial"],"max_hp_gain":0,"max_hp_loss":0,"event_name":"Big Fish","floor":4,"gold_loss":0,"cards_obtained":["Regret"]},{"damage_healed":0,"gold_gain":60,"player_choice":"Gained Gold","damage_taken":0,"max_hp_gain":0,"max_hp_loss":0,"event_name":"Golden Wing","floor":10,"gold_loss":0},{"damage_healed":0,"gold_gain":0,"player_choice":"Ignored","damage_taken":0,"max_hp_gain":0,"max_hp_loss":0,"event_name":"Liars Game","floor":13,"gold_loss":0},{"damage_healed":0,"gold_gain":0,"player_choice":"Searched \u00272\u0027 times","damage_taken":0,"max_hp_gain":0,"max_hp_loss":0,"event_name":"Dead Adventurer","floor":14,"gold_loss":0},{"damage_healed":0,"gold_gain":0,"player_choice":"Shed Blood","damage_taken":21,"max_hp_gain":5,"max_hp_loss":0,"event_name":"Forgotten Altar","floor":20,"gold_loss":0},{"damage_healed":0,"gold_gain":0,"player_choice":"Ignored","damage_taken":0,"max_hp_gain":0,"max_hp_loss":0,"event_name":"Vampires","floor":28,"gold_loss":0},{"damage_healed":0,"gold_gain":0,"player_choice":"Opened","damage_taken":0,"relics_obtained":["Shuriken"],"max_hp_gain":0,"max_hp_loss":0,"event_name":"The Mausoleum","floor":29,"gold_loss":0,"cards_obtained":["Writhe"]}],"is_beta":false,"boss_relics":[{"not_picked":["Astrolabe","Busted Crown"],"picked":"Philosopher\u0027s Stone"}],"items_purged_floors":[22],"is_endless":false,"potions_floor_spawned":[1,3,11,14,18,25],"killed_by":"Snake Plant","ascension_level":0}