{"gold_per_floor":[116,116,116,116,116,131,141,174,199,199,217,292,292,308,308,411,411,431,450,44,44,63,63,63,79,103,117,128,159,159,178,178,279,279,291,311,311,8,8,8,8],"floor_reached":41,"playtime":3509,"items_purged":["Decay"],"score":558,"play_id":"5b21b5d3-c7ba-4e45-a044-5000b4d9645a","local_time":"20190217230539","is_ascension_mode":true,"campfire_choices":[{"floor":10,"key":"REST"},{"data":"Scrape","floor":15,"key":"SMITH"},{"data":"Buffer","floor":23,"key":"SMITH"},{"floor":30,"key":"REST"},{"data":"FTL","floor":32,"key":"SMITH"},{"data":"Madness","floor":40,"key":"SMITH"}],"neow_cost":"NONE","seed_source_timestamp":104356182586515,"circlet_count":0,"master_deck":["Strike_B","Strike_B","Defend_B","Defend_B","Defend_B","Defend_B+1","Zap+1","Dualcast+1","Buffer+1","Scrape+1","Chill","Beam Cell","Go for the Eyes+1","Go for the Eyes","Conserve Battery","Echo Form","FTL+1","Cold Snap","Sadistic Nature","Gash+1","Gash","BootSequence","Self Repair+1","Core Surge","Madness","Scrape","Madness","Madness+1"],"relics":["FrozenCore","Mercury Hourglass","Emotion Chip","Ancient Tea Set","Eternal Feather","DataDisk","Boot","Whetstone","Membership Card","Anchor"],"potions_floor_usage":[16,16,29,29,29,41],"damage_taken":[{"damage":1,"enemies":"Cultist","floor":1,"turns":3},{"damage":0,"enemies":"Small Slimes","floor":6,"turns":2},{"damage":0,"enemies":"2 Louse","floor":7,"turns":2},{"damage":4,"enemies":"Lagavulin","floor":8,"turns":5},{"damage":1,"enemies":"Looter","floor":11,"turns":2},{"damage":0,"enemies":"Blue Slaver","floor":14,"turns":3},{"damage":18,"enemies":"Hexaghost","floor":16,"turns":13},{"damage":9,"enemies":"Shell Parasite","floor":18,"turns":5},{"damage":29,"enemies":"Spheric Guardian","floor":19,"turns":6},{"damage":5,"enemies":"Snecko","floor":22,"turns":5},{"damage":7,"enemies":"Cultist and Chosen","floor":25,"turns":5},{"damage":11,"enemies":"Snake Plant","floor":27,"turns":4},{"damage":10,"enemies":"3 Cultists","floor":28,"turns":5},{"damage":24,"enemies":"Slavers","floor":29,"turns":5},{"damage":0,"enemies":"Snecko","floor":31,"turns":6},{"damage":72,"enemies":"Collector","floor":33,"turns":11},{"damage":1,"enemies":"3 Shapes","floor":35,"turns":7},{"damage":19,"enemies":"3 Darklings","floor":36,"turns":7},{"damage":75,"enemies":"Giant Head","floor":41,"turns":8}],"seed_played":"-3686223202678289314","potions_obtained":[{"floor":1,"key":"Block Potion"},{"floor":7,"key":"SneckoOil"},{"floor":14,"key":"Regen Potion"},{"floor":19,"key":"Strength Potion"},{"floor":22,"key":"Energy Potion"},{"floor":28,"key":"PowerPotion"},{"floor":35,"key":"Energy Potion"}],"is_trial":false,"path_per_floor":["M","?","?","?","T","M","M","E","T","R","M","?","?","M","R","B",null,"M","M","$","?","M","R","?","M","T","M","M","E","R","M","R","B",null,"M","M","?","$","?","R","E"],"character_chosen":"DEFECT","items_purchased":["DataDisk","Sadistic Nature","Membership Card","Anchor","Scrape"],"campfire_rested":2,"item_purchase_floors":[20,20,38,38,38],"current_hp_per_floor":[67,52,45,45,45,45,45,41,41,63,62,51,51,51,51,48,68,59,30,30,55,50,62,62,55,55,44,34,10,44,64,75,13,60,69,60,60,60,51,66,0],"gold":8,"neow_bonus":"TRANSFORM_CARD","is_prod":false,"is_daily":false,"chose_seed":false,"campfire_upgraded":4,"win_rate":0,"timestamp":1550441139,"path_taken":["M","?","?","?","?","M","?","E","T","R","M","?","?","?","R","BOSS","M","M","$","?","M","R","?","M","T","M","?","E","R","M","R","BOSS","M","M","?","$","?","R","E"],"build_version":"2019-01-23","purchased_purges":1,"victory":false,"max_hp_per_floor":[75,75,75,75,75,75,75,75,75,75,75,75,75,75,75,75,75,75,75,75,75,75,75,75,75,75,75,75,75,75,75,75,75,75,75,75,75,75,75,75,75],"card_choices":[{"not_picked":["Rebound","Loop"],"picked":"Scrape","floor":1},{"not_picked":["Sweeping Beam","Stack"],"picked":"Chill","floor":6},{"not_picked":["Auto Shields","Ball Lightning"],"picked":"Beam Cell","floor":7},{"not_picked":["FTL","Tempest"],"picked":"Go for the Eyes","floor":8},{"not_picked":["Cold Snap","Beam Cell"],"picked":"Go for the Eyes","floor":11},{"not_picked":["Hologram","Rebound"],"picked":"Conserve Battery","floor":14},{"not_picked":["Core Surge","Seek"],"picked":"Echo Form","floor":16},{"not_picked":["Stack+1","Barrage"],"picked":"FTL","floor":18},{"not_picked":["Darkness","Tempest+1"],"picked":"Cold Snap","floor":19},{"not_picked":["Go for the Eyes","Conserve Battery"],"picked":"Gash","floor":22},{"not_picked":["Leap","Cold Snap"],"picked":"BootSequence","floor":25},{"not_picked":["Leap","Hologram+1","Turbo+1"],"picked":"SKIP","floor":27},{"not_picked":["Turbo","Redo","Static Discharge"],"picked":"SKIP","floor":28},{"not_picked":["Turbo","Cold Snap+1"],"picked":"Self Repair+1","floor":29},{"not_picked":["Sweeping Beam","Hyperbeam","Beam Cell"],"picked":"SKIP","floor":31},{"not_picked":["Amplify","Rainbow"],"picked":"Core Surge","floor":33},{"not_picked":["Steam+1","Hologram+1","Aggregate"],"picked":"SKIP","floor":35},{"not_picked":["Darkness+1","Coolheaded","Steam"],"picked":"SKIP","floor":36},{"not_picked":["Deep Breath","Violence"],"picked":"Madness","floor":37}],"player_experience":235582,"relics_obtained":[{"floor":5,"key":"Mercury Hourglass"},{"floor":8,"key":"Emotion Chip"},{"floor":9,"key":"Ancient Tea Set"},{"floor":26,"key":"Boot"},{"floor":29,"key":"Whetstone"}],"event_choices":[{"damage_healed":0,"gold_gain":0,"player_choice":"Entered Light","damage_taken":15,"max_hp_gain":0,"max_hp_loss":0,"event_name":"Shining Light","floor":2,"gold_loss":0,"cards_upgraded":["Defend_B","Zap"]},{"cards_removed":["Strike_B"],"damage_healed":0,"gold_gain":0,"player_choice":"Card Removal","damage_taken":7,"max_hp_gain":0,"max_hp_loss":0,"event_name":"Golden Wing","floor":3,"gold_loss":0},{"damage_healed":0,"gold_gain":0,"player_choice":"Grow","damage_taken":0,"max_hp_gain":0,"max_hp_loss":0,"event_name":"Living Wall","floor":4,"gold_loss":0,"cards_upgraded":["Dualcast"]},{"damage_healed":0,"gold_gain":75,"player_choice":"Gather Gold","damage_taken":11,"max_hp_gain":0,"max_hp_loss":0,"event_name":"World of Goop","floor":12,"gold_loss":0},{"damage_healed":0,"gold_gain":0,"player_choice":"Cursed","damage_taken":0,"max_hp_gain":0,"max_hp_loss":0,"event_name":"Wheel of Change","floor":13,"gold_loss":0,"cards_obtained":["Decay"]},{"damage_healed":25,"gold_gain":0,"player_choice":"Heal","damage_taken":0,"max_hp_gain":0,"max_hp_loss":0,"event_name":"The Library","floor":21,"gold_loss":0},{"damage_healed":0,"gold_gain":0,"player_choice":"Copied","damage_taken":0,"max_hp_gain":0,"max_hp_loss":0,"event_name":"Duplicator","floor":24,"gold_loss":0,"cards_obtained":["Gash"]},{"damage_healed":0,"gold_gain":0,"player_choice":"Memory 1","damage_taken":0,"max_hp_gain":0,"max_hp_loss":0,"event_name":"SensoryStone","floor":37,"gold_loss":0},{"damage_healed":0,"gold_gain":0,"player_choice":"Embrace Madness","damage_taken":9,"max_hp_gain":0,"max_hp_loss":0,"event_name":"Winding Halls","floor":39,"gold_loss":0,"cards_obtained":["Madness","Madness"]}],"is_beta":false,"boss_relics":[{"not_picked":["Pandora\u0027s Box","Fusion Hammer"],"picked":"Eternal Feather"},{"not_picked":["Velvet Choker","Lizard Tail"],"picked":"FrozenCore"}],"items_purged_floors":[20],"is_endless":false,"potions_floor_spawned":[1,7,14,19,22,25,28,35],"killed_by":"Giant Head","ascension_level":7}