{"path_per_floor":["M","$","M","$","M","M","M","M","T","R","M","E","M","E","R"],"character_chosen":"IRONCLAD","items_purchased":["Rampage"],"gold_per_floor":[113,113,123,82,100,115,125,139,139,139,157,186,204,238,238],"floor_reached":16,"campfire_rested":1,"playtime":2650,"current_hp_per_floor":[80,80,80,80,80,76,62,63,63,80,80,80,80,69,69],"items_purged":[],"gold":238,"score":116,"play_id":"c8f81546-9816-4682-b49b-52ac145f1d9a","is_prod":false,"is_daily":false,"is_ascension_mode":false,"campfire_upgraded":1,"path_taken":["M","?","M","$","M","?","M","M","T","R","M","E","M","E","R","BOSS"],"build_version":"2018-02-22-PROD2","purchased_purges":0,"victory":false,"master_deck":["Strike_R","Strike_R","Strike_R","Strike_R","Strike_R","Defend_R","Defend_R","Defend_R","Defend_R","Bash","Thunderclap","Anger","Rampage","Sword Boomerang","Cleave","True Grit","Warcry","Thunderclap","Impervious","Body Slam+1","Dropkick"],"max_hp_per_floor":[80,80,80,80,80,80,80,80,80,80,80,80,80,80,80],"relics":["Burning Blood","Thread and Needle","Sundial","Dodecahedron"],"card_choices":[{"not_picked":["Rage","Cleave"],"picked":"Thunderclap"},{"not_picked":["Whirlwind","Thunderclap"],"picked":"Anger"},{"not_picked":["Pummel","Feel No Pain"],"picked":"Sword Boomerang"},{"not_picked":["Feel No Pain","Sever Soul"],"picked":"Cleave"},{"not_picked":["Hemokinesis","Anger"],"picked":"True Grit"},{"not_picked":["True Grit","Clash"],"picked":"Warcry"},{"not_picked":["Juggernaut","Clothesline"],"picked":"Thunderclap"},{"not_picked":["Clash","Sever Soul"],"picked":"Impervious"},{"not_picked":["Rage","Iron Wave"],"picked":"Body Slam"},{"not_picked":["Reaper","Armaments"],"picked":"Dropkick"}],"player_experience":0,"potions_floor_usage":[8,12,14,16],"damage_taken":[{"damage":5,"enemies":"Cultist","floor":1,"turns":4},{"damage":1,"enemies":"2 Louse","floor":3,"turns":2},{"damage":5,"enemies":"Small Slimes","floor":5,"turns":3},{"damage":10,"enemies":"Looter","floor":6,"turns":2},{"damage":20,"enemies":"Exordium Thugs","floor":7,"turns":3},{"damage":5,"enemies":"2 Fungi Beasts","floor":8,"turns":3},{"damage":5,"enemies":"3 Louse","floor":11,"turns":2},{"damage":6,"enemies":"3 Sentries","floor":12,"turns":6},{"damage":3,"enemies":"Lots of Slimes","floor":13,"turns":3},{"damage":17,"enemies":"Lagavulin","floor":14,"turns":7},{"damage":74,"enemies":"The Guardian","floor":16,"turns":15}],"event_choices":[],"boss_relics":[],"potions_floor_spawned":[1,6,7,11,13],"seed_played":"-3524989736123964100","killed_by":"The Guardian","ascension_level":0,"is_trial":false}