{"gold_per_floor":[117,133,152,122,132,160,160,178,178,178,3,15,15,27,27,130,130,149,149,162,181,35,35,47,0,81,6,6],"floor_reached":28,"playtime":1847,"items_purged":["Flex"],"score":266,"play_id":"e8659ab4-fc1a-4519-9f77-557ceb8e2c76","local_time":"20190302172433","is_ascension_mode":true,"campfire_choices":[{"floor":7.0,"key":"REST"},{"data":"Armaments","floor":10.0,"key":"SMITH"},{"data":"Magnetism","floor":15.0,"key":"SMITH"},{"floor":23.0,"key":"REST"}],"neow_cost":"TEN_PERCENT_HP_LOSS","seed_source_timestamp":18523481220966,"circlet_count":0,"master_deck":["Strike_R","Strike_R","Strike_R","Strike_R","Defend_R","Defend_R","Defend_R","Defend_R","Inflame","Heavy Blade","Shrug It Off","Dual Wield","Metallicize","Armaments+1","Thunderclap","Inflame","Pommel Strike+1","Pommel Strike+1","Searing Blow","Spot Weakness+1"],"special_seed":0,"relics":["Burning Blood","Bottled Tornado","Paper Frog","Empty Cage","Molten Egg 2"],"potions_floor_usage":[],"damage_taken":[{"damage":1.0,"enemies":"Cultist","floor":1.0,"turns":4.0},{"damage":3.0,"enemies":"Jaw Worm","floor":2.0,"turns":4.0},{"damage":0.0,"enemies":"2 Louse","floor":3.0,"turns":2.0},{"damage":22.0,"enemies":"Gremlin Gang","floor":5.0,"turns":5.0},{"damage":27.0,"enemies":"3 Sentries","floor":6.0,"turns":8.0},{"damage":13.0,"enemies":"Blue Slaver","floor":8.0,"turns":6.0},{"damage":11.0,"enemies":"Looter","floor":12.0,"turns":2.0},{"damage":10.0,"enemies":"2 Fungi Beasts","floor":14.0,"turns":3.0},{"damage":30.0,"enemies":"Slime Boss","floor":16.0,"turns":9.0},{"damage":39.0,"enemies":"Shell Parasite","floor":18.0,"turns":10.0},{"damage":27.0,"enemies":"Chosen","floor":20.0,"turns":6.0},{"damage":53.0,"enemies":"Snake Plant","floor":21.0,"turns":6.0},{"damage":34.0,"enemies":"Centurion and Healer","floor":24.0,"turns":6.0},{"damage":16,"enemies":"Cultist and Chosen","floor":28,"turns":4}],"seed_played":"-9025198126550214585","potions_obtained":[{"floor":2.0,"key":"Energy Potion"},{"floor":4.0,"key":"Block Potion"},{"floor":4.0,"key":"SpeedPotion"},{"floor":5.0,"key":"Ancient Potion"},{"floor":6.0,"key":"Regen Potion"},{"floor":8.0,"key":"Energy Potion"},{"floor":20.0,"key":"Regen Potion"}],"is_trial":false,"path_per_floor":["M","M","M","?","M","E","R","M","T","R","$","M","?","M","R","B",null,"M","?","M","M","$","R","M","?","T","?","M"],"character_chosen":"IRONCLAD","items_purchased":["Magnetism","Searing Blow"],"campfire_rested":2,"item_purchase_floors":[11,22],"current_hp_per_floor":[72,72,72,72,56,35,56,64,64,64,64,59,72,68,68,44,69,36,79,58,26,26,49,21,21,21,21,5],"gold":6,"neow_bonus":"TRANSFORM_TWO_CARDS","is_prod":false,"is_daily":false,"chose_seed":false,"campfire_upgraded":2,"win_rate":0,"timestamp":1551569073,"path_taken":["M","M","?","?","?","E","R","M","T","R","$","M","?","M","R","BOSS","M","?","M","?","$","R","M","?","T","?","M"],"build_version":"2019-01-23","purchased_purges":1,"victory":false,"max_hp_per_floor":[72,72,72,72,72,72,72,72,72,72,72,72,72,72,72,72,69,69,79,79,79,79,79,79,79,79,79,79],"card_choices":[{"not_picked":["Cleave","Burning Pact"],"picked":"Perfected Strike","floor":1.0},{"not_picked":["Shrug It Off","Havoc"],"picked":"Heavy Blade","floor":2.0},{"not_picked":["Flex","Havoc"],"picked":"Shrug It Off","floor":3.0},{"not_picked":["Wild Strike","Clash"],"picked":"Dual Wield","floor":5.0},{"not_picked":["True Grit","Clash"],"picked":"Metallicize","floor":6.0},{"not_picked":["Feel No Pain","Inflame"],"picked":"Armaments","floor":8.0},{"not_picked":["Anger","Power Through"],"picked":"Thunderclap","floor":12.0},{"not_picked":["Iron Wave","Perfected Strike"],"picked":"Flex","floor":14.0},{"not_picked":["Sword Boomerang","Shockwave"],"picked":"Inflame","floor":18.0},{"not_picked":["Clash","Flex+1"],"picked":"Pommel Strike+1","floor":20.0},{"not_picked":["Anger","Rage+1"],"picked":"Pommel Strike+1","floor":21.0},{"not_picked":["Cleave","Headbutt"],"picked":"Spot Weakness+1","floor":24.0}],"player_experience":593137,"relics_obtained":[{"floor":6.0,"key":"Bottled Tornado"},{"floor":9.0,"key":"Paper Frog"},{"floor":26,"key":"Molten Egg 2"}],"event_choices":[{"damage_healed":0.0,"max_hp_gain":0.0,"max_hp_loss":0.0,"gold_gain":0.0,"event_name":"The Woman in Blue","player_choice":"Bought 2 Potions","floor":4.0,"gold_loss":0.0,"damage_taken":0.0},{"damage_healed":18.0,"max_hp_gain":0.0,"max_hp_loss":0.0,"gold_gain":0.0,"event_name":"Mushrooms","player_choice":"Healed and dodged fight","floor":13.0,"gold_loss":0.0,"damage_taken":0.0,"cards_obtained":["Parasite"]},{"cards_removed":["Magnetism"],"damage_healed":33.0,"max_hp_gain":10.0,"max_hp_loss":0.0,"gold_gain":0.0,"event_name":"Bonfire Elementals","player_choice":"Offered Rare","floor":19.0,"gold_loss":0.0,"damage_taken":0.0},{"damage_healed":0,"gold_gain":0,"player_choice":"Paid Fearfully","damage_taken":0,"max_hp_gain":0,"max_hp_loss":0,"event_name":"Masked Bandits","floor":25,"gold_loss":47},{"cards_removed":["Perfected Strike"],"damage_healed":0,"gold_gain":0,"player_choice":"Gave Gold","damage_taken":0,"max_hp_gain":0,"max_hp_loss":0,"event_name":"Beggar","floor":27,"gold_loss":75}],"is_beta":false,"boss_relics":[{"not_picked":["Astrolabe","Snecko Eye"],"picked":"Empty Cage"}],"items_purged_floors":[22],"is_endless":false,"potions_floor_spawned":[2,5,6,8,20],"killed_by":"Cultist and Chosen","ascension_level":4}