{"path_per_floor":["M","M","?","?","M","E","M","M","T","R","E","M","R","$","R","B",null,"M","M","?","$","?","R","E","?","T"],"character_chosen":"THE_SILENT","items_purchased":["Burst","Well Laid Plans"],"gold_per_floor":[20,40,40,40,55,84,97,111,111,111,141,152,152,2,2,104,104,116,130,30,30,30,30,63,63,63],"floor_reached":27,"campfire_rested":0,"playtime":1866,"current_hp_per_floor":[70,70,77,77,77,74,74,74,74,74,66,66,66,66,66,50,77,66,39,39,39,39,39,23,14,14],"items_purged":[],"gold":63,"play_id":"8513f5dc-9f97-46b2-8e7b-22936ec14beb","is_prod":false,"is_daily":false,"is_ascension_mode":false,"campfire_upgraded":4,"path_taken":["M","M","?","?","M","E","M","M","T","R","E","M","R","$","R","BOSS","M","M","?","?","?","R","E","?","T","?"],"build_version":"2018-02-01-PROD3","purchased_purges":0,"victory":false,"master_deck":["Defend_G","Defend_G","Defend_G","Defend_G","Defend_G","Strike_G","Strike_G","Strike_G","Survivor","Neutralize+1","Bane","Distraction","Venomology","Slice","Bouncing Flask+1","Outmaneuver+1","Poisoned Stab","Deadly Poison","Poisoned Stab","Quick Slash","Burst+1","Well Laid Plans","Envenom","Blade Dance","Heel Hook+1","J.A.X.","Flying Knee"],"max_hp_per_floor":[70,70,77,77,77,77,77,77,77,77,77,77,77,77,77,77,77,77,77,77,77,77,77,77,82,82],"relics":["Ring of the Snake","Strawberry","Ninja Scroll","Vajra","Runic Pyramid","Shuriken","Mercury Hourglass"],"card_choices":[{"not_picked":["Dagger Throw","Prepared"],"picked":"Venomology"},{"not_picked":["Eviscerate","Prepared"],"picked":"Slice"},{"not_picked":["Slice","Finisher"],"picked":"Bouncing Flask"},{"not_picked":["Dash","Dagger Throw"],"picked":"Outmaneuver"},{"not_picked":["Distraction","Eviscerate"],"picked":"Poisoned Stab"},{"not_picked":["Blade Dance","Backstab"],"picked":"Deadly Poison"},{"not_picked":["Sucker Punch","Endless Agony"],"picked":"Poisoned Stab"},{"not_picked":["Riddle With Holes","Dash"],"picked":"Quick Slash"},{"not_picked":["Die Die Die","Wraith Form"],"picked":"Envenom"},{"not_picked":["All Out Attack","Leg Sweep"],"picked":"Blade Dance"},{"not_picked":["Dodge and Roll","Poisoned Stab"],"picked":"Heel Hook"},{"not_picked":["Burst","Dagger Throw"],"picked":"Flying Knee"}],"player_experience":26371,"potions_floor_usage":[6,6,7,8,11,11,16,18,24,24,24,24,24,24,27],"damage_taken":[{"damage":0,"enemies":"2 Louse","floor":1,"turns":5},{"damage":0,"enemies":"Cultist","floor":2,"turns":3},{"damage":0,"enemies":"Small Slimes","floor":5,"turns":7},{"damage":3,"enemies":"3 Sentries","floor":6,"turns":10},{"damage":0,"enemies":"Exordium Thugs","floor":7,"turns":5},{"damage":0,"enemies":"3 Louse","floor":8,"turns":3},{"damage":8,"enemies":"Gremlin Nob","floor":11,"turns":3},{"damage":0,"enemies":"2 Fungi Beasts","floor":12,"turns":2},{"damage":16,"enemies":"The Guardian","floor":16,"turns":7},{"damage":11,"enemies":"Shell Parasite","floor":18,"turns":4},{"damage":27,"enemies":"Chosen","floor":19,"turns":4},{"damage":31,"enemies":"Book of Stabbing","floor":24,"turns":6},{"damage":14,"enemies":"3 Cultists","floor":27,"turns":3}],"event_choices":[{"event_name":"Big Fish","player_choice":"Box","floor":3,"damage_taken":0},{"event_name":"Purifier","player_choice":"One Purge","floor":4,"damage_taken":0},{"event_name":"Drug Dealer","player_choice":"Got JAXXED","floor":20,"damage_taken":0},{"event_name":"The Mausoleum","player_choice":"No","floor":22,"damage_taken":0},{"event_name":"Forgotten Altar","player_choice":"Shed Blood","floor":25,"damage_taken":0}],"boss_relics":[{"not_picked":["Astrolabe","The Specimen"],"picked":"Runic Pyramid"}],"potions_floor_spawned":[5,6,7,12,18],"seed_played":"-883630391603885160","killed_by":"3 Cultists","ascension_level":0,"is_trial":false}