{"path_per_floor":["M","$","M","M","?","R","?","R","T","M","M","R","M","?","R","B",null,"M","?","$","?","$","E"],"character_chosen":"IRONCLAD","items_purchased":["Clash","War Paint"],"gold_per_floor":[110,35,52,71,146,146,146,146,146,158,169,169,187,246,246,349,349,363,263,71,71,71,102],"floor_reached":24,"campfire_rested":2,"playtime":1045,"current_hp_per_floor":[88,88,82,77,66,66,66,88,88,73,65,65,61,57,83,31,88,83,83,83,83,83,20],"items_purged":["Strike_R"],"gold":102,"score":204,"play_id":"d92706c2-0e8a-4e0b-b023-33318b5e241f","is_prod":false,"is_daily":false,"is_ascension_mode":false,"campfire_upgraded":2,"path_taken":["M","?","M","?","?","R","?","R","T","M","?","R","M","?","R","BOSS","M","?","$","?","$","E","M"],"build_version":"2018-02-15-PROD1","purchased_purges":1,"victory":false,"master_deck":["Strike_R","Strike_R","Strike_R","Strike_R","Defend_R","Defend_R","Defend_R","Defend_R+1","Bash","Sword Boomerang+1","Clash","Flex+1","Battle Trance","Rampage","Limit Break+1","Inflame","J.A.X.","Clash","Clash"],"max_hp_per_floor":[88,88,88,88,88,88,88,88,88,88,88,88,88,88,88,88,88,88,88,88,88,88,88],"relics":["Black Blood","Kunai","Shuriken","War Paint","Dream Catcher"],"card_choices":[{"not_picked":["Perfected Strike","Demon Form"],"picked":"Sword Boomerang"},{"not_picked":["Uppercut","Thunderclap"],"picked":"Clash"},{"not_picked":["Hemokinesis","Shockwave"],"picked":"Flex"},{"not_picked":["Hemokinesis","True Grit"],"picked":"Battle Trance"},{"not_picked":["Flex","True Grit"],"picked":"Rampage"},{"not_picked":["Brutality","Offering"],"picked":"Limit Break"},{"not_picked":["Cleave","Body Slam"],"picked":"Inflame"}],"player_experience":19305,"potions_floor_usage":[13,14,14,16,23],"damage_taken":[{"damage":6,"enemies":"Cultist","floor":1,"turns":3},{"damage":12,"enemies":"2 Louse","floor":3,"turns":3},{"damage":11,"enemies":"Jaw Worm","floor":4,"turns":2},{"damage":21,"enemies":"3 Louse","floor":10,"turns":5},{"damage":14,"enemies":"Large Slime","floor":11,"turns":7},{"damage":10,"enemies":"Exordium Thugs","floor":13,"turns":4},{"damage":10,"enemies":"Gremlin Nob","floor":14,"turns":3},{"damage":58,"enemies":"Slime Boss","floor":16,"turns":11},{"damage":15,"enemies":"Shell Parasite","floor":18,"turns":3},{"damage":73,"enemies":"Slavers","floor":23,"turns":6},{"damage":22,"enemies":"3 Byrds","floor":24,"turns":3}],"event_choices":[{"event_name":"World of Goop","player_choice":"Gather Gold","floor":5,"damage_taken":0},{"event_name":"Liars Game","player_choice":"disagreed","floor":7,"damage_taken":0},{"event_name":"Dead Adventurer","player_choice":"Searched \u00272\u0027 times","floor":14,"damage_taken":0},{"event_name":"Drug Dealer","player_choice":"Got JAXXED","floor":19,"damage_taken":0},{"event_name":"The Library","player_choice":"Read","floor":21,"damage_taken":0}],"boss_relics":[{"not_picked":["Runic Dome","Runic Cube"],"picked":"Black Blood"}],"potions_floor_spawned":[3,4,11,14,14],"seed_played":"3011627448415758796","killed_by":"3 Byrds","ascension_level":0,"is_trial":false}