{"gold_per_floor":[114,131,143,1,1,42,57,91,91,91,130,130,144,177,177,296,296,310,235,235,15,15,56,56,99,99,140,158,183,222,262,262,382,382,403,426,426,449,98,141,166,185,185,33,33,54,98,98,98,98],"floor_reached":51,"playtime":3830,"items_purged":["Regret","All For One"],"score":969,"play_id":"01de3b78-5160-4430-8250-f640a917ee3f","local_time":"20181029145420","is_ascension_mode":true,"campfire_choices":[{"floor":15,"key":"REST"},{"data":"Chaos","floor":24,"key":"SMITH"},{"floor":32,"key":"REST"},{"floor":45,"key":"REST"},{"data":"Loop","floor":49,"key":"SMITH"}],"neow_cost":"NONE","seed_source_timestamp":42789013874546,"circlet_count":0,"master_deck":["Strike_B","Strike_B","Strike_B","Defend_B","Defend_B+1","Defend_B","Defend_B","Zap+1","Dualcast","Conserve Battery","Rebound","Glacier+1","Rebound","Coolheaded","Self Repair","Conserve Battery","Chaos+1","Coolheaded","Compile Driver","Blizzard","Seek","Static Discharge","Capacitor","Redo+1","Conserve Battery+1","Skim","Self Repair","Seek","Fusion+1","Conserve Battery+1","Coolheaded","Coolheaded","Glacier+1","Loop+1","Cold Snap+1","White Noise+1","Storm+1","Coolheaded","Machine Learning+1","Electrodynamics+1"],"relics":["Cracked Core","Golden Idol","Blood Vial","Happy Flower","Bronze Scales","Letter Opener","Art of War","Dream Catcher","Anchor","Nuclear Battery","Enchiridion","Strawberry","Ornamental Fan","Oddly Smooth Stone","Dodecahedron","War Paint","Regal Pillow","Red Mask","Inserter","DollysMirror","Bird Faced Urn","Frozen Egg 2","Centennial Puzzle"],"potions_floor_usage":[6,7,7,16,25,27,33,33,41,46,47,50],"damage_taken":[{"damage":4,"enemies":"Jaw Worm","floor":1,"turns":4},{"damage":9,"enemies":"2 Louse","floor":2,"turns":2},{"damage":0,"enemies":"Cultist","floor":3,"turns":3},{"damage":12,"enemies":"Lagavulin","floor":6,"turns":7},{"damage":0,"enemies":"2 Fungi Beasts","floor":7,"turns":4},{"damage":10,"enemies":"3 Sentries","floor":8,"turns":8},{"damage":9,"enemies":"Lagavulin","floor":11,"turns":7},{"damage":12,"enemies":"Red Slaver","floor":13,"turns":3},{"damage":11,"enemies":"Gremlin Nob","floor":14,"turns":3},{"damage":13,"enemies":"The Guardian","floor":16,"turns":9},{"damage":1,"enemies":"3 Byrds","floor":18,"turns":2},{"damage":23,"enemies":"Book of Stabbing","floor":23,"turns":5},{"damage":4,"enemies":"Gremlin Leader","floor":25,"turns":5},{"damage":0,"enemies":"Slavers","floor":27,"turns":5},{"damage":0,"enemies":"Shell Parasite","floor":28,"turns":4},{"damage":29,"enemies":"Shelled Parasite and Fungi","floor":29,"turns":5},{"damage":8,"enemies":"Book of Stabbing","floor":30,"turns":6},{"damage":0,"enemies":"Masked Bandits","floor":31,"turns":1},{"damage":49,"enemies":"Collector","floor":33,"turns":11},{"damage":10,"enemies":"3 Darklings","floor":35,"turns":5},{"damage":5,"enemies":"Orb Walker","floor":36,"turns":4},{"damage":12,"enemies":"Maw","floor":38,"turns":8},{"damage":68,"enemies":"Giant Head","floor":40,"turns":13},{"damage":35,"enemies":"Transient","floor":41,"turns":5},{"damage":13,"enemies":"Sphere and 2 Shapes","floor":42,"turns":4},{"damage":51,"enemies":"Writhing Mass","floor":46,"turns":5},{"damage":18,"enemies":"Nemesis","floor":47,"turns":7},{"damage":68,"enemies":"Time Eater","floor":50,"turns":16}],"seed_played":"4764329580212416746","potions_obtained":[{"floor":1,"key":"Weak Potion"},{"floor":3,"key":"PowerPotion"},{"floor":6,"key":"Explosive Potion"},{"floor":8,"key":"FocusPotion"},{"floor":23,"key":"Swift Potion"},{"floor":25,"key":"Explosive Potion"},{"floor":27,"key":"GamblersBrew"},{"floor":29,"key":"Block Potion"},{"floor":40,"key":"Poison Potion"},{"floor":41,"key":"FearPotion"},{"floor":42,"key":"PowerPotion"},{"floor":47,"key":"Fruit Juice"}],"is_trial":false,"path_per_floor":["M","M","M","$","?","E","M","E","T","?","E","?","M","E","R","B",null,"M","?","?","$","$","E","R","E","T","E","M","M","E","?","R","B",null,"M","M","?","M","$","E","M","M","T","$","R","M","E","?","R","B"],"character_chosen":"DEFECT","items_purchased":["Rebound","Coolheaded","Self Repair","Capacitor","Strawberry","DollysMirror","Loop","Coolheaded"],"campfire_rested":3,"item_purchase_floors":[4,4,4,21,21,39,39,44],"current_hp_per_floor":[71,62,62,62,44,39,48,47,47,47,47,47,37,28,50,46,75,75,75,59,66,66,52,52,57,57,59,61,41,42,51,82,47,82,82,82,82,82,82,28,12,27,27,27,66,42,63,63,63,29],"gold":98,"neow_bonus":"UPGRADE_CARD","is_prod":false,"is_daily":false,"chose_seed":false,"campfire_upgraded":2,"win_rate":0,"timestamp":1540842860,"path_taken":["M","M","M","$","?","E","M","E","T","?","E","?","?","E","R","BOSS","M","?","?","?","$","E","R","E","T","E","M","M","E","?","R","BOSS","M","M","?","M","$","E","M","M","T","$","R","M","E","?","R","BOSS"],"build_version":"2018-10-25v2","purchased_purges":2,"victory":true,"max_hp_per_floor":[75,75,75,75,75,75,75,75,75,75,75,75,75,75,75,75,75,75,75,75,82,82,82,82,82,82,82,82,82,82,82,82,82,82,82,82,82,82,82,82,82,82,82,82,82,82,87,87,87,87],"card_choices":[{"not_picked":["Sunder","Stack"],"picked":"Conserve Battery","floor":1},{"not_picked":["Compile Driver","Doom and Gloom"],"picked":"Rebound","floor":2},{"not_picked":["Lockon","Aggregate"],"picked":"Glacier","floor":3},{"not_picked":["Coolheaded","Buffer"],"picked":"Conserve Battery","floor":6},{"not_picked":["Streamline","Darkness"],"picked":"Chaos","floor":7},{"not_picked":["Redo","Ball Lightning"],"picked":"Coolheaded","floor":8},{"not_picked":["Stack","Double Energy"],"picked":"Compile Driver","floor":11},{"not_picked":["Rip and Tear","Stack"],"picked":"Blizzard","floor":13},{"not_picked":["Hello World","FTL"],"picked":"Seek","floor":14},{"not_picked":["Redo","Beam Cell"],"picked":"Static Discharge","floor":15},{"not_picked":["Thunder Strike","Rainbow"],"picked":"All For One","floor":16},{"not_picked":["Sweeping Beam+1","Beam Cell","Rebound"],"picked":"SKIP","floor":18},{"not_picked":["Auto Shields","Blizzard"],"picked":"Redo+1","floor":23},{"not_picked":["Tempest","Hello World+1"],"picked":"Conserve Battery+1","floor":25},{"not_picked":["Leap","Cold Snap","Coolheaded"],"picked":"SKIP","floor":27},{"not_picked":["Defragment","Hologram"],"picked":"Skim","floor":28},{"not_picked":["Hologram","Recycle","Hello World"],"picked":"SKIP","floor":29},{"not_picked":["Biased Cognition","Stack+1"],"picked":"Self Repair","floor":30},{"not_picked":["Meteor Strike","Rainbow"],"picked":"Seek","floor":33},{"not_picked":["Stack","Ball Lightning"],"picked":"Fusion+1","floor":35},{"not_picked":["Glacier+1","Go for the Eyes+1"],"picked":"Conserve Battery+1","floor":36},{"not_picked":["Hello World","Genetic Algorithm+1"],"picked":"Coolheaded","floor":38},{"not_picked":["Tempest","Fusion"],"picked":"Cold Snap+1","floor":40},{"not_picked":["Hologram+1","Leap+1"],"picked":"White Noise+1","floor":41},{"not_picked":["Static Discharge","Stack"],"picked":"Storm+1","floor":42},{"not_picked":["Stack+1","Recycle"],"picked":"Machine Learning+1","floor":45},{"not_picked":["Ball Lightning+1","Gash+1"],"picked":"Lockon+1","floor":46},{"not_picked":["Darkness","Streamline"],"picked":"Electrodynamics+1","floor":47}],"player_experience":220632,"relics_obtained":[{"floor":6,"key":"Blood Vial"},{"floor":8,"key":"Happy Flower"},{"floor":9,"key":"Bronze Scales"},{"floor":11,"key":"Art of War"},{"floor":12,"key":"Dream Catcher"},{"floor":14,"key":"Anchor"},{"floor":20,"key":"Enchiridion"},{"floor":23,"key":"Ornamental Fan"},{"floor":25,"key":"Oddly Smooth Stone"},{"floor":26,"key":"Dodecahedron"},{"floor":27,"key":"War Paint"},{"floor":30,"key":"Regal Pillow"},{"floor":31,"key":"Red Mask"},{"floor":40,"key":"Bird Faced Urn"},{"floor":43,"key":"Frozen Egg 2"},{"floor":47,"key":"Centennial Puzzle"}],"event_choices":[{"damage_healed":0,"gold_gain":0,"player_choice":"Take Damage","damage_taken":18,"relics_obtained":["Golden Idol"],"max_hp_gain":0,"max_hp_loss":0,"event_name":"Golden Idol","floor":5,"gold_loss":0},{"damage_healed":0,"gold_gain":0,"player_choice":"Box","damage_taken":0,"relics_obtained":["Letter Opener"],"max_hp_gain":0,"max_hp_loss":0,"event_name":"Big Fish","floor":10,"gold_loss":0,"cards_obtained":["Regret"]},{"damage_healed":0,"gold_gain":0,"player_choice":"Relic","damage_taken":0,"max_hp_gain":0,"max_hp_loss":0,"event_name":"Wheel of Change","floor":12,"gold_loss":0},{"cards_removed":["Strike_B"],"damage_healed":0,"gold_gain":0,"player_choice":"Gave Gold","damage_taken":0,"max_hp_gain":0,"max_hp_loss":0,"event_name":"Beggar","floor":19,"gold_loss":75},{"damage_healed":0,"gold_gain":0,"player_choice":"Obtained Book","damage_taken":16,"max_hp_gain":0,"max_hp_loss":0,"event_name":"Cursed Tome","floor":20,"gold_loss":0},{"damage_healed":0,"gold_gain":0,"player_choice":"Fought Bandits","damage_taken":0,"max_hp_gain":0,"max_hp_loss":0,"event_name":"Masked Bandits","floor":31,"gold_loss":0},{"damage_healed":0,"gold_gain":0,"player_choice":"1 cards matched","damage_taken":0,"max_hp_gain":0,"max_hp_loss":0,"event_name":"Match and Keep!","floor":37,"gold_loss":0,"cards_obtained":["Coolheaded"]},{"cards_removed":["Lockon"],"damage_healed":0,"gold_gain":0,"player_choice":"Removed Attack","damage_taken":0,"max_hp_gain":0,"max_hp_loss":0,"event_name":"Falling","floor":48,"gold_loss":0}],"is_beta":false,"boss_relics":[{"not_picked":["Eternal Feather","Empty Cage"],"picked":"Nuclear Battery"},{"not_picked":["Astrolabe","White Beast Statue"],"picked":"Inserter"}],"items_purged_floors":[39,44],"is_endless":false,"potions_floor_spawned":[1,3,6,8,23,25,27,29,40,41,42,47],"ascension_level":2}