{"gold_per_floor":[112,37,51,131,143,143,63,29,29,29,29,56,66,123,123,194,194,213,213,263,50,50,50,50,49,49,49],"floor_reached":27,"playtime":768,"items_purged":["Aggregate","Doom and Gloom"],"score":373,"play_id":"cf0be503-e2d5-4de0-8b74-def5edc89b45","local_time":"20190314221800","is_ascension_mode":true,"campfire_choices":[{"data":"Zap","floor":6.0,"key":"SMITH"},{"data":"Redo","floor":11.0,"key":"SMITH"},{"data":"Dualcast","floor":15,"key":"SMITH"},{"floor":23,"key":"REST"}],"neow_cost":"NONE","seed_source_timestamp":165656410071286,"circlet_count":0,"master_deck":["AscendersBane","Zap+1","Dualcast+1","Rainbow","Redo+1","BootSequence","Machine Learning","Ball Lightning","Sunder","Coolheaded","Compile Driver","Loop+1","Gash","Amplify","White Noise","Rebound","Coolheaded","Leap","Genetic Algorithm","Chill","Seek","Coolheaded","Gash"],"special_seed":0,"relics":["Pandora\u0027s Box","The Courier","Sundial","Bronze Scales","Orrery","Bottled Flame"],"potions_floor_usage":[13,18],"damage_taken":[{"damage":1.0,"enemies":"Cultist","floor":1.0,"turns":3.0},{"damage":0.0,"enemies":"Small Slimes","floor":3.0,"turns":2.0},{"damage":2.0,"enemies":"Jaw Worm","floor":5.0,"turns":3.0},{"damage":4,"enemies":"Lagavulin","floor":12,"turns":5},{"damage":1,"enemies":"Blue Slaver","floor":13,"turns":2},{"damage":28,"enemies":"Hexaghost","floor":16,"turns":6},{"damage":21,"enemies":"Chosen","floor":18,"turns":5},{"damage":35,"enemies":"Colosseum Slavers","floor":19,"turns":4},{"damage":13,"enemies":"2 Thieves","floor":25,"turns":5},{"damage":13,"enemies":"Snake Plant","floor":27,"turns":3}],"seed_played":"1658576148357682693","potions_obtained":[{"floor":3.0,"key":"Swift Potion"},{"floor":12,"key":"Energy Potion"},{"floor":18,"key":"Strength Potion"}],"is_trial":false,"path_per_floor":["M","$","M","T","M","R","$","$","T","?","R","E","M","?","R","B",null,"M","?","?","$","?","R","?","M","T","M"],"character_chosen":"DEFECT","items_purchased":["Loop","Chill","Seek","Coolheaded"],"campfire_rested":1,"item_purchase_floors":[8,21,21,21],"current_hp_per_floor":[63,63,63,63,61,61,61,61,61,61,61,57,56,56,56,28,60,39,4,4,4,4,25,25,12,12,0],"gold":49,"neow_bonus":"BOSS_RELIC","is_prod":false,"is_daily":false,"chose_seed":false,"campfire_upgraded":3,"win_rate":0,"timestamp":1552619880,"path_taken":["M","$","M","?","M","R","?","$","T","?","R","E","M","?","R","BOSS","M","?","?","$","?","R","?","M","T","M"],"build_version":"2019-01-23","purchased_purges":2,"victory":false,"max_hp_per_floor":[71,71,71,71,71,71,71,71,71,71,71,71,71,71,71,71,71,71,71,71,71,71,71,71,71,71,71],"card_choices":[{"not_picked":["Sweeping Beam","Beam Cell","Storm"],"picked":"SKIP","floor":1.0},{"not_picked":["Reprogram","Hologram"],"picked":"Coolheaded","floor":3.0},{"not_picked":["Stack","Meteor Strike"],"picked":"Compile Driver","floor":5.0},{"not_picked":["Static Discharge","Melter"],"picked":"Gash","floor":12},{"not_picked":["Streamline","Doom and Gloom","Lockon"],"picked":"SKIP","floor":13},{"not_picked":["Core Surge","Rainbow"],"picked":"Amplify","floor":16},{"not_picked":["Darkness","Storm"],"picked":"White Noise","floor":17},{"not_picked":["Ball Lightning","Skim"],"picked":"Rebound","floor":17},{"not_picked":["Beam Cell","Cold Snap"],"picked":"Coolheaded","floor":17},{"not_picked":["Rebound","Auto Shields"],"picked":"Leap","floor":17},{"not_picked":["Reboot","Rip and Tear"],"picked":"Genetic Algorithm","floor":18},{"not_picked":["Heatsinks","Steam+1"],"picked":"Gash","floor":25}],"player_experience":705896,"relics_obtained":[{"floor":4.0,"key":"The Courier"},{"floor":9.0,"key":"Sundial"},{"floor":12,"key":"Bronze Scales"},{"floor":26,"key":"Bottled Flame"}],"event_choices":[{"damage_healed":0.0,"max_hp_gain":0.0,"max_hp_loss":0.0,"gold_gain":0.0,"event_name":"Living Wall","player_choice":"Grow","floor":10.0,"gold_loss":0.0,"damage_taken":0.0,"cards_upgraded":["Loop"]},{"damage_healed":0,"gold_gain":57,"player_choice":"Gained Gold","damage_taken":0,"max_hp_gain":0,"max_hp_loss":0,"event_name":"Golden Wing","floor":14,"gold_loss":0},{"damage_healed":0,"gold_gain":0,"player_choice":"Fight","damage_taken":0,"max_hp_gain":0,"max_hp_loss":0,"event_name":"Colosseum","floor":19,"gold_loss":0},{"damage_healed":0,"gold_gain":0,"player_choice":"Fled From Nobs","damage_taken":0,"max_hp_gain":0,"max_hp_loss":0,"event_name":"Colosseum","floor":19,"gold_loss":0},{"damage_healed":0,"gold_gain":50,"player_choice":"Stole From Cult","damage_taken":0,"max_hp_gain":0,"max_hp_loss":0,"event_name":"Nest","floor":20,"gold_loss":0},{"damage_healed":0,"gold_gain":0,"player_choice":"Ignored","damage_taken":0,"max_hp_gain":0,"max_hp_loss":0,"event_name":"Beggar","floor":22,"gold_loss":0},{"damage_healed":0,"gold_gain":0,"player_choice":"Ignored","damage_taken":0,"max_hp_gain":0,"max_hp_loss":0,"event_name":"Cursed Tome","floor":24,"gold_loss":0}],"is_beta":false,"boss_relics":[{"not_picked":["Calling Bell","Cursed Key"],"picked":"Orrery"}],"items_purged_floors":[2,7],"is_endless":false,"potions_floor_spawned":[3,12,18],"killed_by":"Snake Plant","ascension_level":16}