{"gold_per_floor":[119,131,131,149,99,99,112,123,147,162,162,162,178,198,198,295,295,311,325,38,54,71,71,71,71],"floor_reached":25,"playtime":995,"items_purged":[],"score":224,"play_id":"f0e141bd-5303-471c-a08a-a118d88444dc","local_time":"20181124223611","is_ascension_mode":false,"campfire_choices":[{"data":"Shrug It Off","floor":6,"key":"SMITH"},{"data":"Bludgeon","floor":12,"key":"SMITH"},{"data":"Flame Barrier","floor":15,"key":"SMITH"},{"data":"Armaments","floor":23,"key":"SMITH"}],"neow_cost":"NONE","seed_source_timestamp":685010876394091,"circlet_count":0,"master_deck":["Defend_R+1","Defend_R+1","Defend_R","Bash","Brutality","Anger+1","Shrug It Off+1","Sword Boomerang","Sword Boomerang","Bludgeon+1","Clothesline","Uppercut","Flame Barrier+1","Offering","Perfected Strike","Heavy Blade","Flame Barrier","Armaments+1","Twin Strike","Bite","Bite","Bite","Bite","Bite"],"relics":["Burning Blood","PreservedInsect","War Paint","Lizard Tail","Meat on the Bone"],"potions_floor_usage":[22,25,25],"damage_taken":[{"damage":0,"enemies":"2 Louse","floor":1,"turns":3},{"damage":5,"enemies":"Small Slimes","floor":2,"turns":3},{"damage":9,"enemies":"Jaw Worm","floor":4,"turns":4},{"damage":10,"enemies":"Looter","floor":7,"turns":4},{"damage":4,"enemies":"Large Slime","floor":8,"turns":5},{"damage":1,"enemies":"Exordium Wildlife","floor":10,"turns":3},{"damage":2,"enemies":"2 Fungi Beasts","floor":13,"turns":3},{"damage":8,"enemies":"3 Louse","floor":14,"turns":4},{"damage":30,"enemies":"Hexaghost","floor":16,"turns":9},{"damage":2,"enemies":"Spheric Guardian","floor":18,"turns":4},{"damage":31,"enemies":"3 Byrds","floor":19,"turns":6},{"damage":38,"enemies":"3 Cultists","floor":21,"turns":7},{"damage":10,"enemies":"Snake Plant","floor":22,"turns":4},{"damage":90,"enemies":"Masked Bandits","floor":25,"turns":5}],"seed_played":"3655838455261635791","potions_obtained":[{"floor":2,"key":"Fire Potion"},{"floor":7,"key":"SpeedPotion"},{"floor":8,"key":"AttackPotion"},{"floor":22,"key":"Dexterity Potion"}],"is_trial":false,"path_per_floor":["M","M","?","M","?","R","M","M","T","M","?","R","M","M","R","B",null,"M","M","$","M","M","R","?","?"],"character_chosen":"IRONCLAD","items_purchased":["Meat on the Bone","Flame Barrier"],"campfire_rested":0,"item_purchase_floors":[20,20],"current_hp_per_floor":[80,80,64,61,61,61,57,59,59,64,61,61,65,63,63,39,80,80,55,55,35,43,43,43,0],"gold":71,"neow_bonus":"ONE_RANDOM_RARE_CARD","is_prod":false,"is_daily":false,"chose_seed":false,"campfire_upgraded":4,"win_rate":0.0,"timestamp":1543120571,"path_taken":["M","M","?","M","?","R","M","M","T","M","?","R","M","M","R","BOSS","M","M","$","M","M","R","?","?"],"build_version":"2018-11-15","purchased_purges":0,"victory":false,"max_hp_per_floor":[80,80,80,80,80,80,80,80,80,80,80,80,80,80,80,80,80,80,80,80,80,80,80,56,56],"card_choices":[{"not_picked":["Flame Barrier","Clash"],"picked":"Anger","floor":1},{"not_picked":["Hemokinesis","Carnage"],"picked":"Shrug It Off","floor":2},{"not_picked":["Clothesline","Havoc"],"picked":"Sword Boomerang","floor":4},{"not_picked":["Shockwave","Clothesline"],"picked":"Sword Boomerang","floor":7},{"not_picked":["Combust","True Grit"],"picked":"Bludgeon","floor":8},{"not_picked":["Entrench","Warcry"],"picked":"Clothesline","floor":10},{"not_picked":["True Grit","Heavy Blade"],"picked":"Uppercut","floor":13},{"not_picked":["Combust","Warcry"],"picked":"Flame Barrier","floor":14},{"not_picked":["Fiend Fire","Feed"],"picked":"Offering","floor":16},{"not_picked":["Headbutt","Power Through"],"picked":"Perfected Strike","floor":18},{"not_picked":["Wild Strike","Pommel Strike"],"picked":"Heavy Blade","floor":19},{"not_picked":["Perfected Strike+1","Pummel"],"picked":"Armaments","floor":21},{"not_picked":["Clash","Bludgeon"],"picked":"Twin Strike","floor":22}],"player_experience":34092,"relics_obtained":[{"floor":9,"key":"PreservedInsect"}],"event_choices":[{"damage_healed":0,"gold_gain":0,"player_choice":"Entered Light","damage_taken":16,"max_hp_gain":0,"max_hp_loss":0,"event_name":"Shining Light","floor":3,"gold_loss":0,"cards_upgraded":["Strike_R","Anger"]},{"cards_removed":["Defend_R"],"damage_healed":0,"gold_gain":0,"player_choice":"Card Removal","damage_taken":0,"max_hp_gain":0,"max_hp_loss":0,"event_name":"The Cleric","floor":5,"gold_loss":50},{"damage_healed":0,"gold_gain":0,"player_choice":"Success","damage_taken":3,"relics_obtained":["War Paint"],"max_hp_gain":0,"max_hp_loss":0,"event_name":"Scrap Ooze","floor":11,"gold_loss":0},{"damage_healed":0,"gold_gain":0,"player_choice":"Became a vampire","damage_taken":0,"max_hp_gain":0,"max_hp_loss":24,"event_name":"Vampires","floor":24,"gold_loss":0,"cards_obtained":["Bite","Bite","Bite","Bite","Bite"]},{"damage_healed":0,"gold_gain":0,"player_choice":"Fought Bandits","damage_taken":0,"max_hp_gain":0,"max_hp_loss":0,"event_name":"Masked Bandits","floor":25,"gold_loss":0}],"is_beta":false,"boss_relics":[{"not_picked":["Runic Dome","Astrolabe"],"picked":"Lizard Tail"}],"items_purged_floors":[],"is_endless":false,"potions_floor_spawned":[2,7,8,10,13,19,21,22],"killed_by":"Masked Bandits","ascension_level":0}