{"gold_per_floor":[111,386,10,29,44,44,77,77,77,3,3,15,68,68],"floor_reached":14,"playtime":578,"items_purged":["Regret"],"score":123,"play_id":"1195e8ee-c4f3-4dba-ab2d-a05e933c7ca5","local_time":"20190227142217","is_ascension_mode":true,"campfire_choices":[{"data":"Chaos","floor":6,"key":"SMITH"},{"floor":11,"key":"REST"}],"neow_cost":"NONE","seed_source_timestamp":826584589833075,"circlet_count":0,"master_deck":["Strike_B","Strike_B","Strike_B","Strike_B","Defend_B","Defend_B","Defend_B","Defend_B","Zap","Dualcast","Leap","Hello World","Chaos+1","Redo","Stack","Thunder Strike","Hello World","Darkness"],"relics":["Lizard Tail","Omamori","Turnip","Matryoshka","Tiny Chest"],"potions_floor_usage":[7,14],"damage_taken":[{"damage":8,"enemies":"2 Louse","floor":1,"turns":4},{"damage":9,"enemies":"Cultist","floor":4,"turns":4},{"damage":3,"enemies":"Jaw Worm","floor":5,"turns":5},{"damage":39,"enemies":"3 Sentries","floor":7,"turns":11},{"damage":6,"enemies":"Exordium Wildlife","floor":12,"turns":3},{"damage":12,"enemies":"Gremlin Nob","floor":14,"turns":4}],"seed_played":"-3005315445421073793","potions_obtained":[{"floor":4,"key":"EssenceOfSteel"},{"floor":12,"key":"Dexterity Potion"}],"is_trial":false,"path_per_floor":["M","?","$","M","M","R","E","?","T","$","R","M","T","E"],"character_chosen":"DEFECT","items_purchased":["Hello World","Omamori","Chaos","Hello World"],"campfire_rested":1,"item_purchase_floors":[3,3,3,10],"current_hp_per_floor":[60,60,60,51,48,48,9,27,27,27,49,43,43,31],"gold":68,"neow_bonus":"BOSS_RELIC","is_prod":false,"is_daily":false,"chose_seed":false,"campfire_upgraded":1,"win_rate":0,"timestamp":1551298937,"path_taken":["M","?","$","M","?","R","E","?","T","$","R","M","?","E"],"build_version":"2019-01-23","purchased_purges":1,"victory":false,"max_hp_per_floor":[75,75,75,75,75,75,75,75,75,75,75,75,75,75],"card_choices":[{"not_picked":["Conserve Battery","Reprogram"],"picked":"Leap","floor":1},{"not_picked":["Beam Cell","Consume"],"picked":"Redo","floor":4},{"not_picked":["Turbo","Blizzard"],"picked":"Stack","floor":5},{"not_picked":["Genetic Algorithm","Auto Shields"],"picked":"Thunder Strike","floor":7},{"not_picked":["Barrage","Heatsinks"],"picked":"Darkness","floor":12}],"player_experience":569796,"relics_obtained":[{"floor":7,"key":"Turnip"},{"floor":9,"key":"Matryoshka"},{"floor":13,"key":"Tiny Chest"}],"event_choices":[{"damage_healed":0,"gold_gain":275,"player_choice":"Desecrate","damage_taken":0,"max_hp_gain":0,"max_hp_loss":0,"event_name":"Golden Shrine","floor":2,"gold_loss":0,"cards_obtained":["Regret"]},{"damage_healed":18,"gold_gain":0,"player_choice":"Healed and dodged fight","damage_taken":0,"max_hp_gain":0,"max_hp_loss":0,"event_name":"Mushrooms","floor":8,"gold_loss":0,"cards_obtained":["Parasite"]}],"is_beta":false,"boss_relics":[],"items_purged_floors":[3],"is_endless":false,"potions_floor_spawned":[4,12],"killed_by":"Gremlin Nob","ascension_level":8}