{"gold_per_floor":[99,99,99,24,24,24,24,24,24,24,24,24,24,24,24,24,24,24,24,24,24,24,24,24,24,24,24,24,24,24,24,24,24],"floor_reached":33,"playtime":1501,"items_purged":["Strike_B"],"score":360,"play_id":"c960e447-aac1-4cd4-81ab-7e9e6155db20","local_time":"20190326191829","is_ascension_mode":true,"campfire_choices":[{"data":"Dualcast","floor":6,"key":"SMITH"},{"data":"Go for the Eyes","floor":10,"key":"SMITH"},{"floor":13,"key":"RECALL"},{"floor":15,"key":"REST"},{"floor":23,"key":"REST"},{"data":"Recycle","floor":28,"key":"SMITH"},{"floor":32,"key":"REST"}],"neow_cost":"NONE","seed_source_timestamp":154812505586256,"circlet_count":0,"master_deck":["Strike_B","Strike_B","Strike_B","Defend_B","Defend_B","Defend_B","Defend_B","Zap+1","Dualcast+1","Conserve Battery","Go for the Eyes+1","Glacier","Hyperbeam","Sunder+1","Melter+1","Streamline+1","Recycle+1"],"relics":["Ectoplasm","PreservedInsect","Omamori","Ancient Tea Set","Centennial Puzzle","Regal Pillow","Black Star","Pear","Oddly Smooth Stone","Bottled Flame"],"potions_floor_usage":[11,16,16,22,22,31,31,33],"damage_taken":[{"damage":9,"enemies":"Cultist","floor":1,"turns":5},{"damage":0,"enemies":"Jaw Worm","floor":7,"turns":4},{"damage":0,"enemies":"Small Slimes","floor":8,"turns":3},{"damage":20,"enemies":"Gremlin Nob","floor":11,"turns":5},{"damage":0,"enemies":"Blue Slaver","floor":12,"turns":4},{"damage":8,"enemies":"Lagavulin","floor":14,"turns":6},{"damage":31,"enemies":"Slime Boss","floor":16,"turns":22},{"damage":7,"enemies":"Spheric Guardian","floor":18,"turns":4},{"damage":20,"enemies":"Shell Parasite","floor":19,"turns":6},{"damage":22,"enemies":"Shelled Parasite and Fungi","floor":20,"turns":11},{"damage":9,"enemies":"Centurion and Healer","floor":22,"turns":5},{"damage":2,"enemies":"Chosen and Byrds","floor":25,"turns":5},{"damage":13,"enemies":"Book of Stabbing","floor":27,"turns":4},{"damage":12,"enemies":"Snake Plant","floor":29,"turns":3},{"damage":23,"enemies":"Cultist and Chosen","floor":31,"turns":6},{"damage":62,"enemies":"Champ","floor":33,"turns":12}],"seed_played":"-5701877705463019358","potions_obtained":[{"floor":7,"key":"FocusPotion"},{"floor":12,"key":"Block Potion"},{"floor":14,"key":"Regen Potion"},{"floor":16,"key":"Swift Potion"},{"floor":18,"key":"Energy Potion"},{"floor":20,"key":"Explosive Potion"},{"floor":25,"key":"Ancient Potion"},{"floor":29,"key":"Dexterity Potion"}],"is_trial":false,"path_per_floor":["M","?","T","$","?","R","M","M","T","R","E","M","R","E","R","B",null,"M","M","M","?","M","R","$","M","T","E","R","M","?","M","R","B"],"character_chosen":"DEFECT","items_purchased":[],"campfire_rested":3,"item_purchase_floors":[],"current_hp_per_floor":[59,59,59,59,52,52,52,52,52,52,32,32,32,24,61,45,68,61,41,19,19,10,47,47,45,55,42,42,30,30,7,47,0],"gold":24,"neow_bonus":"BOSS_RELIC","is_prod":false,"is_daily":false,"chose_seed":false,"campfire_upgraded":3,"win_rate":0,"timestamp":1553645909,"path_taken":["M","?","?","?","?","R","?","M","T","R","E","M","R","E","R","BOSS","M","M","M","?","?","R","$","M","T","E","R","M","?","M","R","BOSS"],"build_version":"2019-01-23","purchased_purges":1,"victory":false,"max_hp_per_floor":[75,75,75,75,75,75,75,75,75,75,75,75,75,75,75,75,75,75,75,75,75,75,75,75,75,85,85,85,85,85,85,85,85],"card_choices":[{"not_picked":["Redo","Tempest"],"picked":"Conserve Battery","floor":1},{"not_picked":["Storm","Conserve Battery"],"picked":"Go for the Eyes","floor":7},{"not_picked":["Compile Driver","Thunder Strike","Sweeping Beam"],"picked":"SKIP","floor":8},{"not_picked":["Sweeping Beam","Loop","Scrape"],"picked":"SKIP","floor":11},{"not_picked":["Lockon","Conserve Battery","BootSequence"],"picked":"SKIP","floor":12},{"not_picked":["Steam Power","Skim"],"picked":"Glacier","floor":14},{"not_picked":["Thunder Strike","Fission"],"picked":"Hyperbeam","floor":16},{"not_picked":["Hologram","Stack","Rip and Tear"],"picked":"SKIP","floor":18},{"not_picked":["Gash","Compile Driver"],"picked":"Sunder","floor":19},{"not_picked":["Rebound+1","Scrape"],"picked":"Melter+1","floor":20},{"not_picked":["Double Energy+1","White Noise"],"picked":"Streamline+1","floor":22},{"not_picked":["Redo","Loop","Double Energy"],"picked":"SKIP","floor":25},{"not_picked":["Multi-Cast","Barrage+1"],"picked":"Recycle","floor":27},{"not_picked":["Glacier","Skim+1","Heatsinks"],"picked":"SKIP","floor":29},{"not_picked":["Hologram","Rip and Tear+1","Steam Power"],"picked":"SKIP","floor":31}],"player_experience":99567,"relics_obtained":[{"floor":3,"key":"PreservedInsect"},{"floor":9,"key":"Ancient Tea Set"},{"floor":11,"key":"Centennial Puzzle"},{"floor":14,"key":"Regal Pillow"},{"floor":26,"key":"Pear"},{"floor":27,"key":"Oddly Smooth Stone"},{"floor":27,"key":"Bottled Flame"}],"event_choices":[{"damage_healed":0,"gold_gain":0,"player_choice":"Grow","damage_taken":0,"max_hp_gain":0,"max_hp_loss":0,"event_name":"Living Wall","floor":2,"gold_loss":0,"cards_upgraded":["Zap"]},{"damage_healed":0,"gold_gain":0,"player_choice":"Success","damage_taken":7,"relics_obtained":["Omamori"],"max_hp_gain":0,"max_hp_loss":0,"event_name":"Scrap Ooze","floor":5,"gold_loss":0},{"damage_healed":0,"gold_gain":275,"player_choice":"Desecrate","damage_taken":0,"max_hp_gain":0,"max_hp_loss":0,"event_name":"Golden Shrine","floor":21,"gold_loss":0,"cards_obtained":["Regret"]},{"damage_healed":0,"gold_gain":0,"player_choice":"Forge","damage_taken":0,"max_hp_gain":0,"max_hp_loss":0,"event_name":"Accursed Blacksmith","floor":30,"gold_loss":0,"cards_upgraded":["Sunder"]}],"is_beta":false,"boss_relics":[{"not_picked":["Snecko Eye","White Beast Statue"],"picked":"Black Star"}],"items_purged_floors":[4],"is_endless":false,"potions_floor_spawned":[7,12,14,16,18,20,25,29],"killed_by":"Champ","ascension_level":6}