{"gold_per_floor":[109,109,109,54,54,54,80,94,176,176,192,220,185,185,185,185],"floor_reached":16,"playtime":406,"items_purged":[],"score":255,"play_id":"194a4bab-2d9a-477f-b0f7-3925cc4d765d","local_time":"20190324164555","is_ascension_mode":true,"campfire_choices":[{"data":"Zap","floor":6,"key":"SMITH"},{"data":"Hologram","floor":10,"key":"SMITH"},{"floor":15,"key":"REST"}],"neow_cost":"NONE","seed_source_timestamp":329823558692583,"circlet_count":0,"master_deck":["AscendersBane","Strike_B","Strike_B","Strike_B","Defend_B","Defend_B","Defend_B","Defend_B","Zap+1","Dualcast","Skim","Hologram+1","Leap","Melter"],"special_seed":0,"relics":["Cracked Core","NeowsBlessing","Centennial Puzzle","Question Card","Dodecahedron","Ornamental Fan"],"potions_floor_usage":[12,12,16],"damage_taken":[{"damage":0.0,"enemies":"Small Slimes","floor":1.0,"turns":1.0},{"damage":0,"enemies":"3 Sentries","floor":7,"turns":2},{"damage":0,"enemies":"2 Louse","floor":8,"turns":1},{"damage":1,"enemies":"Cultist","floor":11,"turns":4},{"damage":21,"enemies":"Lagavulin","floor":12,"turns":8},{"damage":73,"enemies":"Hexaghost","floor":16,"turns":12}],"seed_played":"-5004656241898554599","potions_obtained":[{"floor":1.0,"key":"Regen Potion"},{"floor":11,"key":"SkillPotion"},{"floor":12,"key":"SkillPotion"}],"is_trial":false,"path_per_floor":["M","?","?","$","?","R","E","M","T","R","M","E","?","?","R","B"],"character_chosen":"DEFECT","items_purchased":["PowerPotion"],"campfire_rested":1,"item_purchase_floors":[4],"current_hp_per_floor":[64,64,64,64,64,64,64,64,64,64,63,42,59,59,71,0],"gold":185,"neow_bonus":"THREE_ENEMY_KILL","is_prod":false,"is_daily":false,"chose_seed":false,"campfire_upgraded":2,"win_rate":0,"timestamp":1553463955,"path_taken":["M","?","?","$","?","R","E","M","T","R","?","E","?","?","R","BOSS"],"build_version":"2019-01-23","purchased_purges":0,"victory":false,"max_hp_per_floor":[71,71,71,71,71,71,71,71,71,71,71,71,71,71,71,71],"card_choices":[{"not_picked":["Rip and Tear","Lockon"],"picked":"Barrage","floor":1.0},{"not_picked":["Rip and Tear","Fusion"],"picked":"Skim","floor":7},{"not_picked":["Darkness","Scrape","Steam"],"picked":"Hologram","floor":8},{"not_picked":["Sweeping Beam","Go for the Eyes","Compile Driver"],"picked":"Leap","floor":11},{"not_picked":["Steam Power","Sweeping Beam","Go for the Eyes"],"picked":"Melter","floor":12}],"player_experience":821022,"relics_obtained":[{"floor":7,"key":"Question Card"},{"floor":9,"key":"Dodecahedron"},{"floor":12,"key":"Ornamental Fan"}],"event_choices":[{"damage_healed":0,"gold_gain":0,"player_choice":"Fled","damage_taken":0,"max_hp_gain":0,"max_hp_loss":0,"event_name":"Scrap Ooze","floor":2,"gold_loss":0},{"damage_healed":0,"gold_gain":0,"player_choice":"Ignored","damage_taken":0,"max_hp_gain":0,"max_hp_loss":0,"event_name":"Shining Light","floor":3,"gold_loss":0},{"cards_removed":["Barrage"],"damage_healed":0,"gold_gain":0,"player_choice":"Gave Card","damage_taken":0,"relics_obtained":["Centennial Puzzle"],"max_hp_gain":0,"max_hp_loss":0,"event_name":"WeMeetAgain","floor":5,"gold_loss":0},{"damage_healed":17,"gold_gain":0,"player_choice":"Healed","damage_taken":0,"max_hp_gain":0,"max_hp_loss":0,"event_name":"The Cleric","floor":13,"gold_loss":35},{"cards_removed":["Strike_B"],"damage_healed":0,"gold_gain":0,"player_choice":"Purged","damage_taken":0,"max_hp_gain":0,"max_hp_loss":0,"event_name":"Purifier","floor":14,"gold_loss":0}],"is_beta":false,"boss_relics":[],"items_purged_floors":[],"is_endless":false,"potions_floor_spawned":[1,7,11,12],"killed_by":"Hexaghost","ascension_level":19}