{"gold_per_floor":[114,114,64,83,98,98,132,132,132,132,132,142,173,223,223,327,327,338,253,253,126,226,226,260,260,283,311,327,327,357,282,282,383,383,397,397,397,415,433,433,458,458,458,458,106,138,138,4,4,4],"floor_reached":51,"playtime":2468,"items_purged":["Decay","Doubt","Injury","Strike_G"],"score":924,"play_id":"800dd6e9-72b2-43a2-b371-5bf0699c51d4","local_time":"20180717023308","is_ascension_mode":true,"campfire_choices":[{"data":"Bullet Time","floor":6,"key":"SMITH"},{"floor":8,"key":"REST"},{"floor":10,"key":"REST"},{"floor":15,"key":"REST"},{"data":"Blur","floor":23,"key":"SMITH"},{"data":"Neutralize","floor":25,"key":"SMITH"},{"floor":29,"key":"REST"},{"floor":32,"key":"REST"},{"floor":40,"key":"REST"},{"data":"After Image","floor":42,"key":"SMITH"},{"data":"Caltrops","floor":44,"key":"SMITH"},{"data":"Poisoned Stab","floor":47,"key":"SMITH"},{"data":"Noxious Fumes","floor":49,"key":"SMITH"}],"neow_cost":"NONE","seed_source_timestamp":342351283926661,"circlet_count":0,"master_deck":["Defend_G","Defend_G","Defend_G","Defend_G","Defend_G","Strike_G","Strike_G","Strike_G+1","Survivor","Neutralize+1","Caltrops+1","Poisoned Stab","Bullet Time+1","Blur+1","Poisoned Stab+1","Sucker Punch+1","Adrenaline","Well Laid Plans+1","Catalyst+1","Bouncing Flask+1","Acrobatics+1","Corpse Explosion+1","Cloak And Dagger+1","Acrobatics+1","PiercingWail+1","After Image+1","Good Instincts+1","Master of Strategy+1","Good Instincts+1","Backflip+1","Footwork+1","Leg Sweep+1","Concentrate+1","Noxious Fumes+1","Dodge and Roll+1"],"relics":["Calling Bell","Bag of Marbles","Smiling Mask","Incense Burner","Letter Opener","Matryoshka","Oddly Smooth Stone","Boot","Vajra","Lizard Tail","Toxic Egg 2","Bag of Preparation","Happy Flower","Dream Catcher","Omamori","Bronze Scales","Pen Nib","Sozu","Art of War","Torii","Whetstone","Anchor","Orichalcum"],"potions_floor_usage":[7,13,16,24,41],"damage_taken":[{"damage":18,"enemies":"Jaw Worm","floor":1,"turns":8},{"damage":4,"enemies":"2 Louse","floor":4,"turns":3},{"damage":3,"enemies":"Small Slimes","floor":5,"turns":5},{"damage":39,"enemies":"Lagavulin","floor":7,"turns":10},{"damage":0,"enemies":"Blue Slaver","floor":12,"turns":4},{"damage":42,"enemies":"Gremlin Nob","floor":13,"turns":5},{"damage":12,"enemies":"The Guardian","floor":16,"turns":14},{"damage":4,"enemies":"Chosen","floor":18,"turns":6},{"damage":12,"enemies":"Book of Stabbing","floor":24,"turns":7},{"damage":59,"enemies":"Gremlin Leader","floor":27,"turns":7},{"damage":0,"enemies":"Shell Parasite","floor":28,"turns":4},{"damage":7,"enemies":"Slavers","floor":30,"turns":3},{"damage":14,"enemies":"Champ","floor":33,"turns":8},{"damage":0,"enemies":"3 Shapes","floor":35,"turns":2},{"damage":0,"enemies":"Orb Walker","floor":38,"turns":3},{"damage":8,"enemies":"Spire Growth","floor":39,"turns":4},{"damage":2,"enemies":"2 Orb Walkers","floor":41,"turns":3},{"damage":15,"enemies":"Giant Head","floor":46,"turns":6},{"damage":7,"enemies":"Time Eater","floor":50,"turns":11}],"seed_played":"-4183275239710621712","potions_obtained":[{"floor":1,"key":"Fire Potion"},{"floor":12,"key":"Poison Potion"},{"floor":13,"key":"EssenceOfSteel"},{"floor":18,"key":"GhostInAJar"},{"floor":27,"key":"Fire Potion"},{"floor":33,"key":"PowerPotion"}],"is_trial":false,"path_per_floor":["M","?","$","M","M","R","E","R","T","R","?","M","E","T","R","B",null,"M","?","?","$","?","R","E","R","T","E","M","R","E","?","R","B",null,"M","?","?","M","M","R","E","R","T","R","$","E","R","$","R","B"],"character_chosen":"THE_SILENT","items_purchased":["Catalyst+1","Whetstone","Anchor","Noxious Fumes","Dodge and Roll+1"],"campfire_rested":6,"item_purchase_floors":[21,45,45,48,48],"current_hp_per_floor":[52,52,52,48,45,45,6,27,27,48,48,48,6,6,27,15,70,66,66,66,66,66,66,54,54,54,35,35,56,49,49,70,56,70,70,70,60,60,52,70,68,68,68,68,68,53,53,53,53,46],"gold":4,"neow_bonus":"BOSS_RELIC","is_prod":false,"is_daily":false,"chose_seed":false,"campfire_upgraded":7,"win_rate":0,"timestamp":1531816388,"path_taken":["M","?","$","M","M","R","E","R","T","R","?","M","E","?","R","BOSS","M","?","?","$","?","R","E","R","T","E","M","R","E","?","R","BOSS","M","?","?","M","M","R","E","R","T","R","$","E","R","?","R","BOSS"],"build_version":"2018-07-12","purchased_purges":4,"victory":true,"max_hp_per_floor":[70,70,70,70,70,70,70,70,70,70,70,70,70,70,70,70,70,70,70,70,70,70,70,70,70,70,70,70,70,70,70,70,70,70,70,70,70,70,70,70,70,70,70,70,70,70,70,70,70,70],"card_choices":[{"not_picked":["Outmaneuver","Deadly Poison"],"picked":"Caltrops","floor":1},{"not_picked":["Deadly Poison","Outmaneuver"],"picked":"Poisoned Stab","floor":4},{"not_picked":["Flying Knee","Bane"],"picked":"Bullet Time","floor":5},{"not_picked":["Slice","Distraction"],"picked":"Blur","floor":7},{"not_picked":["Sucker Punch","Outmaneuver"],"picked":"Poisoned Stab","floor":12},{"not_picked":["Terror","Bane"],"picked":"Sucker Punch","floor":13},{"not_picked":["Venomology","Unload"],"picked":"Adrenaline","floor":16},{"not_picked":["Slice","Cloak And Dagger"],"picked":"Well Laid Plans+1","floor":18},{"not_picked":["Dagger Throw","Flying Knee"],"picked":"Bouncing Flask+1","floor":24},{"not_picked":["All Out Attack","Sucker Punch"],"picked":"Acrobatics+1","floor":27},{"not_picked":["Cloak And Dagger+1","Deadly Poison+1"],"picked":"Corpse Explosion+1","floor":28},{"not_picked":["Dagger Throw","Quick Slash"],"picked":"Cloak And Dagger+1","floor":29},{"not_picked":["Sucker Punch","Poisoned Stab"],"picked":"Acrobatics+1","floor":30},{"not_picked":["Cloak And Dagger+1","Sucker Punch+1"],"picked":"PiercingWail+1","floor":32},{"not_picked":["Envenom","Wraith Form v2"],"picked":"After Image","floor":33},{"not_picked":["Outmaneuver+1","Sucker Punch+1","Finisher"],"picked":"SKIP","floor":35},{"not_picked":["Sadistic Nature","Dark Shackles+1"],"picked":"Good Instincts+1","floor":37},{"not_picked":["Magnetism","Sadistic Nature"],"picked":"Master of Strategy+1","floor":37},{"not_picked":["Dramatic Entrance","Flash of Steel"],"picked":"Good Instincts+1","floor":37},{"not_picked":["Slice+1","Dodge and Roll+1"],"picked":"Backflip+1","floor":38},{"not_picked":["Poisoned Stab+1","Dagger Throw+1"],"picked":"Footwork+1","floor":39},{"not_picked":["Cloak And Dagger+1","Infinite Blades+1"],"picked":"Leg Sweep+1","floor":40},{"not_picked":["Corpse Explosion+1","Backstab"],"picked":"Concentrate+1","floor":41},{"not_picked":["Expertise+1","Leg Sweep+1","Adrenaline+1"],"picked":"SKIP","floor":46}],"player_experience":108574,"relics_obtained":[{"floor":0,"key":"Bag of Marbles"},{"floor":0,"key":"Smiling Mask"},{"floor":0,"key":"Incense Burner"},{"floor":7,"key":"Letter Opener"},{"floor":9,"key":"Matryoshka"},{"floor":13,"key":"Oddly Smooth Stone"},{"floor":14,"key":"Boot"},{"floor":14,"key":"Vajra"},{"floor":24,"key":"Happy Flower"},{"floor":26,"key":"Dream Catcher"},{"floor":26,"key":"Omamori"},{"floor":27,"key":"Bronze Scales"},{"floor":30,"key":"Pen Nib"},{"floor":41,"key":"Art of War"},{"floor":43,"key":"Torii"},{"floor":46,"key":"Orichalcum"}],"event_choices":[{"event_name":"Liars Game","player_choice":"disagreed","floor":2,"damage_taken":0},{"event_name":"Living Wall","player_choice":"Change","floor":11,"damage_taken":0},{"event_name":"Addict","player_choice":"Obtained Relic","floor":19,"damage_taken":0},{"event_name":"The Mausoleum","player_choice":"Yes","floor":20,"damage_taken":0},{"event_name":"Golden Shrine","player_choice":"Pray","floor":22,"damage_taken":0},{"event_name":"Beggar","player_choice":"Gave Gold","floor":31,"damage_taken":0},{"event_name":"Bonfire Elementals","player_choice":"COMMON","floor":36,"damage_taken":0},{"event_name":"SensoryStone","player_choice":"Memory 3","floor":37,"damage_taken":0}],"boss_relics":[{"not_picked":["Black Star","Runic Dome"],"picked":"Lizard Tail"},{"not_picked":["Coffee Dripper","Empty Cage"],"picked":"Sozu"}],"items_purged_floors":[3,21,45,48],"is_endless":false,"potions_floor_spawned":[1,12,13,18,27,33,39,46],"ascension_level":3}