{"gold_per_floor":[114,114,129,92,110,110,140,140,140,173,193,218,251,268,268,342,342,358,370,370],"floor_reached":20,"playtime":1228,"items_purged":[],"score":490,"play_id":"12d76fdd-617e-4e03-b694-c05db418df7c","local_time":"20190411225801","is_ascension_mode":true,"campfire_choices":[{"data":"Auto Shields","floor":6,"key":"SMITH"},{"data":"Self Repair","floor":8,"key":"SMITH"},{"floor":15,"key":"REST"}],"neow_cost":"NONE","seed_source_timestamp":52313221524553,"circlet_count":0,"master_deck":["AscendersBane","Strike_B","Strike_B","Strike_B","Strike_B","Defend_B","Defend_B","Defend_B","Defend_B","Zap","Dualcast","Auto Shields+1","Pain","Self Repair+1","Biased Cognition","Lockon","Sunder","Force Field","Electrodynamics","Normality","Shame","Doubt","Coolheaded"],"relics":["Cracked Core","WarpedTongs","Dodecahedron","Darkstone Periapt","Bag of Preparation","Art of War","Pear","Calling Bell","Strawberry","Matryoshka","Shovel"],"potions_floor_usage":[7,13,16],"damage_taken":[{"damage":0,"enemies":"Small Slimes","floor":1,"turns":4},{"damage":2,"enemies":"Cultist","floor":3,"turns":3},{"damage":11,"enemies":"Jaw Worm","floor":5,"turns":6},{"damage":14,"enemies":"Gremlin Nob","floor":7,"turns":4},{"damage":19,"enemies":"Lagavulin","floor":10,"turns":7},{"damage":17,"enemies":"Blue Slaver","floor":11,"turns":5},{"damage":22,"enemies":"3 Sentries","floor":13,"turns":6},{"damage":19,"enemies":"Large Slime","floor":14,"turns":4},{"damage":26,"enemies":"The Guardian","floor":16,"turns":10},{"damage":38,"enemies":"Shell Parasite","floor":18,"turns":7},{"damage":28,"enemies":"2 Thieves","floor":19,"turns":4},{"damage":45,"enemies":"Snake Plant","floor":20,"turns":2}],"seed_played":"-8792695595081666884","potions_obtained":[{"floor":3,"key":"Regen Potion"},{"floor":7,"key":"SkillPotion"},{"floor":10,"key":"FearPotion"},{"floor":13,"key":"PowerPotion"}],"is_trial":false,"path_per_floor":["M","?","M","$","M","R","E","R","T","E","M","T","E","M","R","B",null,"M","M","M"],"character_chosen":"DEFECT","items_purchased":["Self Repair"],"campfire_rested":1,"item_purchase_floors":[4],"current_hp_per_floor":[64,64,62,62,58,58,66,66,66,57,50,50,38,29,53,37,95,67,39,0],"gold":370,"neow_bonus":"THREE_CARDS","is_prod":false,"is_daily":false,"chose_seed":false,"campfire_upgraded":2,"win_rate":0,"timestamp":1555041481,"path_taken":["M","?","?","$","M","R","E","R","T","E","M","?","E","M","R","BOSS","M","M","M"],"build_version":"2019-01-23","purchased_purges":0,"victory":false,"max_hp_per_floor":[71,71,71,71,71,71,71,71,71,71,71,71,81,81,81,81,106,106,106,106],"card_choices":[{"not_picked":["Coolheaded","Rebound"],"picked":"Auto Shields","floor":0},{"not_picked":["Streamline","Compile Driver","Stack"],"picked":"SKIP","floor":1},{"not_picked":["Reinforced Body","Turbo","Heatsinks"],"picked":"SKIP","floor":3},{"not_picked":["Scrape","Chaos"],"picked":"Biased Cognition","floor":5},{"not_picked":["Leap","Hologram","Beam Cell"],"picked":"SKIP","floor":7},{"not_picked":["Cold Snap","Static Discharge"],"picked":"Lockon","floor":10},{"not_picked":["Redo","Leap"],"picked":"Sunder","floor":11},{"not_picked":["Steam","Beam Cell","Streamline"],"picked":"SKIP","floor":13},{"not_picked":["Auto Shields","Sweeping Beam"],"picked":"Force Field","floor":14},{"not_picked":["Biased Cognition","All For One"],"picked":"Electrodynamics","floor":16},{"not_picked":["Sweeping Beam","Skim","Barrage"],"picked":"SKIP","floor":18},{"not_picked":["Turbo","Conserve Battery"],"picked":"Coolheaded","floor":19}],"player_experience":375243,"relics_obtained":[{"floor":7,"key":"Dodecahedron"},{"floor":9,"key":"Darkstone Periapt"},{"floor":10,"key":"Bag of Preparation"},{"floor":12,"key":"Art of War"},{"floor":13,"key":"Pear"},{"floor":17,"key":"Strawberry"},{"floor":17,"key":"Matryoshka"},{"floor":17,"key":"Shovel"}],"event_choices":[{"damage_healed":0,"gold_gain":0,"player_choice":"Rummage","damage_taken":0,"relics_obtained":["WarpedTongs"],"max_hp_gain":0,"max_hp_loss":0,"event_name":"Accursed Blacksmith","floor":2,"gold_loss":0,"cards_obtained":["Pain"]}],"is_beta":false,"boss_relics":[{"not_picked":["Tiny House","Empty Cage"],"picked":"Calling Bell"}],"items_purged_floors":[],"is_endless":false,"potions_floor_spawned":[3,7,10,13],"killed_by":"Snake Plant","ascension_level":15}