{"gold_per_floor":[115,40,57,75,95,128,128,146,146,159,159,159,173,204,204,301,301,318,331,256,266,279,313,313,135,162,188,103,115,146,176,188,301,313,336,348,380,392,282,282,297,307,307,322,322],"floor_reached":45,"playtime":5806,"items_purged":["Strike_G","Strike_G"],"score":471,"play_id":"0734f3d8-4dbd-4184-ac86-297271b3e994","local_time":"20190220165321","is_ascension_mode":false,"campfire_choices":[{"data":"Adrenaline","floor":7.0,"key":"SMITH"},{"floor":11.0,"key":"REST"},{"data":"Noxious Fumes","floor":15.0,"key":"SMITH"},{"floor":24.0,"key":"REST"},{"floor":32.0,"key":"REST"},{"data":"Footwork","floor":40.0,"key":"SMITH"}],"neow_cost":"NONE","seed_source_timestamp":507590964447279,"circlet_count":0,"master_deck":["Defend_G","Defend_G","Defend_G","Defend_G","Defend_G","Strike_G","Strike_G","Survivor","Neutralize","Noxious Fumes+1","Bane","PiercingWail","Skewer","Adrenaline+1","Flying Knee","PiercingWail","Doppelganger","Backflip+1","Infinite Blades+1","Accuracy","Acrobatics","Outmaneuver","Deadly Poison","Footwork+1","Bane+1","Dodge and Roll","Malaise","PiercingWail","Footwork","Footwork","Parasite"],"special_seed":0,"relics":["Ring of the Snake","Torii","Tough Bandages","Calipers","Sozu","Thread and Needle","Orichalcum","Dream Catcher","MawBank","WristBlade","Mercury Hourglass"],"potions_floor_usage":[],"damage_taken":[{"damage":2.0,"enemies":"Cultist","floor":1.0,"turns":5.0},{"damage":0.0,"enemies":"Small Slimes","floor":3.0,"turns":5.0},{"damage":0.0,"enemies":"Jaw Worm","floor":4.0,"turns":3.0},{"damage":8.0,"enemies":"3 Louse","floor":5.0,"turns":3.0},{"damage":26.0,"enemies":"Lagavulin","floor":6.0,"turns":8.0},{"damage":1.0,"enemies":"Lots of Slimes","floor":8.0,"turns":4.0},{"damage":2.0,"enemies":"Blue Slaver","floor":10.0,"turns":3.0},{"damage":13.0,"enemies":"Red Slaver","floor":13.0,"turns":2.0},{"damage":9.0,"enemies":"3 Sentries","floor":14.0,"turns":9.0},{"damage":19.0,"enemies":"Hexaghost","floor":16.0,"turns":10.0},{"damage":1.0,"enemies":"3 Byrds","floor":18.0,"turns":7.0},{"damage":0.0,"enemies":"2 Thieves","floor":19.0,"turns":5.0},{"damage":3.0,"enemies":"Centurion and Healer","floor":21.0,"turns":6.0},{"damage":2.0,"enemies":"Snake Plant","floor":22.0,"turns":7.0},{"damage":34.0,"enemies":"Book of Stabbing","floor":23.0,"turns":7.0},{"damage":26.0,"enemies":"Gremlin Leader","floor":27.0,"turns":8.0},{"damage":1.0,"enemies":"Shelled Parasite and Fungi","floor":30.0,"turns":5.0},{"damage":2.0,"enemies":"Centurion and Healer","floor":31.0,"turns":7.0},{"damage":26.0,"enemies":"Collector","floor":33.0,"turns":11.0},{"damage":35.0,"enemies":"3 Darklings","floor":35.0,"turns":7.0},{"damage":0.0,"enemies":"3 Shapes","floor":37.0,"turns":6.0},{"damage":25.0,"enemies":"Spire Growth","floor":41.0,"turns":7.0},{"damage":1,"enemies":"3 Darklings","floor":42,"turns":8},{"damage":0,"enemies":"Writhing Mass","floor":44,"turns":8},{"damage":1,"enemies":"Transient","floor":45,"turns":3}],"seed_played":"1476722535751254491","potions_obtained":[{"floor":1.0,"key":"LiquidBronze"},{"floor":5.0,"key":"Fruit Juice"},{"floor":6.0,"key":"AttackPotion"},{"floor":14.0,"key":"Poison Potion"}],"is_trial":false,"path_per_floor":["M","$","M","M","M","E","R","M","T","M","R","?","M","E","R","B",null,"M","M","?","M","M","E","R","$","T","E","?","$","M","M","R","B",null,"M","$","M","?","$","R","M","M","T","M","M"],"character_chosen":"THE_SILENT","items_purchased":["Accuracy","PiercingWail","Footwork"],"campfire_rested":3,"item_purchase_floors":[25,39,39],"current_hp_per_floor":[68,68,68,68,60,39,39,38,38,36,58,75,62,53,53,34,75,74,74,72,69,67,33,54,54,54,28,28,28,27,25,46,20,72,37,37,37,37,37,37,12,11,11,11,10],"gold":322,"neow_bonus":"REMOVE_CARD","is_prod":false,"is_daily":false,"chose_seed":false,"campfire_upgraded":3,"win_rate":0,"timestamp":1550710401,"path_taken":["M","$","?","?","?","E","R","M","T","M","R","?","M","E","R","BOSS","M","M","?","M","M","E","R","$","T","E","?","$","M","M","R","BOSS","M","$","M","?","$","R","M","?","T","M","M"],"build_version":"2019-01-23","purchased_purges":2,"victory":false,"max_hp_per_floor":[70,70,70,70,70,75,75,75,75,75,75,75,75,75,75,75,75,75,75,72,72,72,72,72,72,72,72,72,72,72,72,72,72,72,72,72,72,72,72,72,72,72,72,72,72],"card_choices":[{"not_picked":["Dodge and Roll","Deadly Poison"],"picked":"Noxious Fumes","floor":1.0},{"not_picked":["Choke","Underhanded Strike"],"picked":"Bane","floor":3.0},{"not_picked":["Cloak And Dagger","Slice"],"picked":"PiercingWail","floor":4.0},{"not_picked":["Sucker Punch","Escape Plan"],"picked":"Skewer","floor":5.0},{"not_picked":["Slice","Dodge and Roll"],"picked":"Adrenaline","floor":6.0},{"not_picked":["Acrobatics","Concentrate","Blade Dance"],"picked":"SKIP","floor":8.0},{"not_picked":["Deflect","Prepared"],"picked":"Flying Knee","floor":10.0},{"not_picked":["Bouncing Flask","Expertise"],"picked":"PiercingWail","floor":13.0},{"not_picked":["Phantasmal Killer","Slice","Cloak And Dagger"],"picked":"SKIP","floor":14.0},{"not_picked":["Tools of the Trade","Venomology"],"picked":"Doppelganger","floor":16.0},{"not_picked":["Blur","Deadly Poison+1"],"picked":"Backflip+1","floor":18.0},{"not_picked":["Flechettes","Calculated Gamble","Deflect"],"picked":"SKIP","floor":19.0},{"not_picked":["Skewer","Slice+1"],"picked":"Infinite Blades+1","floor":21.0},{"not_picked":["Flechettes","Finisher","Predator"],"picked":"SKIP","floor":22.0},{"not_picked":["Dagger Throw","Flechettes","Backflip"],"picked":"SKIP","floor":23.0},{"not_picked":["Glass Knife","Slice"],"picked":"Acrobatics","floor":27.0},{"not_picked":["Prepared","Reflex"],"picked":"Outmaneuver","floor":30.0},{"not_picked":["Predator+1","Dagger Spray"],"picked":"Deadly Poison","floor":31.0},{"not_picked":["Finisher+1","Dodge and Roll"],"picked":"Footwork","floor":32.0},{"not_picked":["Dagger Throw","Outmaneuver"],"picked":"Bane+1","floor":35.0},{"not_picked":["Choke","Slice+1","Bouncing Flask"],"picked":"SKIP","floor":37.0},{"not_picked":["Caltrops","Riddle With Holes"],"picked":"Footwork","floor":41.0},{"not_picked":["Calculated Gamble","Quick Slash+1","Dagger Spray+1"],"picked":"SKIP","floor":42},{"not_picked":["Dagger Spray+1","Sucker Punch+1","Backflip"],"picked":"SKIP","floor":44}],"player_experience":120796,"relics_obtained":[{"floor":6.0,"key":"Torii"},{"floor":9.0,"key":"Tough Bandages"},{"floor":14.0,"key":"Calipers"},{"floor":23.0,"key":"Thread and Needle"},{"floor":26.0,"key":"Orichalcum"},{"floor":27.0,"key":"Dream Catcher"},{"floor":43,"key":"Mercury Hourglass"}],"event_choices":[{"damage_healed":18.0,"max_hp_gain":0.0,"max_hp_loss":0.0,"gold_gain":0.0,"event_name":"Mushrooms","player_choice":"Healed and dodged fight","floor":12.0,"gold_loss":0.0,"damage_taken":0.0,"cards_obtained":["Parasite"]},{"cards_removed":["Parasite"],"damage_healed":0.0,"max_hp_gain":0.0,"max_hp_loss":0.0,"gold_gain":0.0,"event_name":"Beggar","player_choice":"Gave Gold","floor":20.0,"gold_loss":75.0,"damage_taken":0.0},{"damage_healed":0.0,"max_hp_gain":0.0,"max_hp_loss":0.0,"gold_gain":0.0,"event_name":"Addict","player_choice":"Obtained Relic","floor":28.0,"gold_loss":85.0,"damage_taken":0.0,"relics_obtained":["MawBank"]},{"damage_healed":0.0,"max_hp_gain":0.0,"max_hp_loss":0.0,"gold_gain":0.0,"event_name":"Match and Keep!","player_choice":"2 cards matched","floor":38.0,"gold_loss":0.0,"damage_taken":0.0,"cards_obtained":["Dodge and Roll","Malaise"]}],"is_beta":false,"boss_relics":[{"not_picked":["Philosopher\u0027s Stone","Runic Pyramid"],"picked":"Sozu"},{"not_picked":["Snecko Eye","Fusion Hammer"],"picked":"WristBlade"}],"items_purged_floors":[2,25],"is_endless":false,"potions_floor_spawned":[1,5,6,14,19,21,27,31,33,41,44],"killed_by":"Transient","ascension_level":0}