{"path_per_floor":["M","?","$","M","M","?","E","R","T","R","M","R","M","$","R","B",null,"M","?","$","M","M","R","E","M","T","R","?","M","?","M","R","B",null,"M","$","?","?","M"],"character_chosen":"DEFECT","items_purchased":["Coolheaded","Whetstone","Cables"],"gold_per_floor":[110,60,12,26,43,43,72,72,97,97,111,111,131,56,56,153,153,165,165,17,31,51,51,80,92,118,118,118,133,133,152,152,250,250,264,18,18,69,89,89],"floor_reached":40,"campfire_rested":5,"playtime":1612,"current_hp_per_floor":[75,75,75,75,72,72,24,46,46,68,65,65,44,44,66,41,75,72,85,85,79,66,66,27,6,6,31,15,2,32,29,56,32,90,73,73,62,21,21,0],"items_purged":["Strike_B"],"gold":89,"score":431,"play_id":"37962fed-0219-4886-ae8f-c0c1e95ecf20","local_time":"20180504111854","is_prod":false,"is_daily":false,"chose_seed":false,"is_ascension_mode":false,"campfire_upgraded":2,"timestamp":1525425534,"path_taken":["M","?","$","M","M","?","E","R","T","R","M","R","M","$","R","BOSS","M","?","$","M","M","R","E","M","T","R","?","M","?","M","R","BOSS","M","$","?","?","M","E"],"build_version":"2018-05-03","seed_source_timestamp":356877970270752,"purchased_purges":2,"victory":false,"master_deck":["Strike_B","Strike_B+1","Defend_B","Defend_B","Defend_B","Defend_B+1","Zap+1","Dualcast","Blizzard+1","Coolheaded","Capacitor","Ball Lightning+1","BootSequence","Gash","Coolheaded","Ball Lightning+1","Chill+1","Capacitor","Capacitor","Defragment+1","Force Field+1","Seek","Madness","Madness","Self Repair+1"],"max_hp_per_floor":[75,75,75,75,75,75,75,75,75,75,75,75,75,75,75,75,75,75,85,85,85,85,85,85,85,85,85,90,90,90,90,90,90,90,90,90,90,90,90,90],"relics":["Cracked Core","Bag of Preparation","Happy Flower","Prayer Wheel","Orrery","Whetstone","Juzu Bracelet","War Paint","Black Star","Cables","Ginger"],"card_choices":[{"not_picked":["Stack","Capacitor"],"picked":"Blizzard","floor":1},{"not_picked":["Double Energy","Rebound"],"picked":"Capacitor","floor":11},{"not_picked":["Barrage","Storm"],"picked":"Ball Lightning","floor":13},{"not_picked":["Fusion","Reboot"],"picked":"Machine Learning","floor":16},{"not_picked":["Turbo","Impulse"],"picked":"BootSequence","floor":17},{"not_picked":["Leap","Stack"],"picked":"Gash","floor":17},{"not_picked":["Hologram","Stack"],"picked":"Coolheaded","floor":17},{"not_picked":["Turbo","Axe Kick"],"picked":"Ball Lightning","floor":18},{"not_picked":["Sunder","Chaos"],"picked":"Chill","floor":21},{"not_picked":["Hologram","Double Energy"],"picked":"Capacitor","floor":24},{"not_picked":["Leap","Melter"],"picked":"Capacitor","floor":25},{"not_picked":["Darkness","Chill"],"picked":"Defragment","floor":29},{"not_picked":["Aggregate","Sweeping Beam"],"picked":"Force Field","floor":31},{"not_picked":["Creative AI","Nova"],"picked":"Seek","floor":33},{"not_picked":["Turbo","Hologram"],"picked":"Self Repair","floor":39}],"player_experience":36224,"potions_floor_usage":[7,16,16,18,24,33,33,35,40],"damage_taken":[{"damage":0,"enemies":"2 Louse","floor":1,"turns":2},{"damage":0,"enemies":"Jaw Worm","floor":4,"turns":5},{"damage":3,"enemies":"Small Slimes","floor":5,"turns":3},{"damage":48,"enemies":"Gremlin Nob","floor":7,"turns":6},{"damage":3,"enemies":"Blue Slaver","floor":11,"turns":5},{"damage":21,"enemies":"Gremlin Gang","floor":13,"turns":4},{"damage":25,"enemies":"Slime Boss","floor":16,"turns":7},{"damage":3,"enemies":"3 Byrds","floor":18,"turns":5},{"damage":6,"enemies":"Chosen","floor":21,"turns":5},{"damage":13,"enemies":"Sentry and Sphere","floor":22,"turns":6},{"damage":39,"enemies":"Book of Stabbing","floor":24,"turns":7},{"damage":21,"enemies":"Snecko","floor":25,"turns":6},{"damage":13,"enemies":"Centurion and Healer","floor":29,"turns":7},{"damage":3,"enemies":"Sentry and Sphere","floor":31,"turns":6},{"damage":24,"enemies":"Collector","floor":33,"turns":11},{"damage":17,"enemies":"Flame Bruiser 1 Orb","floor":35,"turns":6},{"damage":41,"enemies":"Mysterious Sphere","floor":38,"turns":8},{"damage":0,"enemies":"Orb Walker","floor":39,"turns":5},{"damage":27,"enemies":"Nemesis","floor":40,"turns":3}],"event_choices":[{"event_name":"The Cleric","player_choice":"Card Removal","floor":2,"damage_taken":0},{"event_name":"Liars Game","player_choice":"disagreed","floor":6,"damage_taken":0},{"event_name":"Bonfire Elementals","player_choice":"RARE","floor":19,"damage_taken":0},{"event_name":"Forgotten Altar","player_choice":"Shed Blood","floor":28,"damage_taken":0},{"event_name":"The Library","player_choice":"Heal","floor":30,"damage_taken":0},{"event_name":"Winding Halls","player_choice":"Embrace Madness","floor":37,"damage_taken":0},{"event_name":"Mysterious Sphere","player_choice":"Fight","floor":38,"damage_taken":0}],"boss_relics":[{"not_picked":["Sozu","Runic Pyramid"],"picked":"Orrery"},{"not_picked":["Cursed Key","Velvet Choker"],"picked":"Black Star"}],"potions_floor_spawned":[4,7,13,16,21,29,31,33,38,39],"seed_played":"5591349060644339891","killed_by":"Nemesis","ascension_level":0,"is_trial":false}