{"gold_per_floor":[113,127,138,40,5,5,17,17,70,100,123,123,139,139,139,235,235,235,4,4,4,4,4,4,4,4,4,4,4,4,4,4,4,4,4,4,4],"floor_reached":37,"playtime":3906,"items_purged":["Strike_R"],"score":580,"play_id":"4e8859e3-7383-48d8-af21-80eca196b8a1","local_time":"20190408090154","is_ascension_mode":true,"campfire_choices":[{"data":"True Grit","floor":6.0,"key":"SMITH"},{"data":"Berserk","floor":8.0,"key":"SMITH"},{"data":"Entrench","floor":12.0,"key":"SMITH"},{"data":"Bash","floor":15.0,"key":"SMITH"},{"data":"Barricade","floor":23.0,"key":"SMITH"},{"data":"Disarm","floor":27,"key":"SMITH"},{"data":"Inflame","floor":32,"key":"SMITH"}],"neow_cost":"NONE","seed_source_timestamp":0,"circlet_count":0,"master_deck":["Strike_R+1","Strike_R+1","Strike_R+1","Defend_R+1","Defend_R+1","Defend_R+1","Defend_R+1","Bash+1","Berserk+1","Shrug It Off","Flame Barrier","True Grit+1","Sever Soul+1","Entrench+1","Inflame+1","Dropkick","Barricade+1","Disarm+1","Dark Shackles","Power Through+1","Metallicize+1","Limit Break","Ghostly Armor"],"special_seed":0,"relics":["Burning Blood","Bag of Preparation","Art of War","Whetstone","Ectoplasm","Oddly Smooth Stone","Centennial Puzzle","Bottled Tornado","Runic Cube"],"potions_floor_usage":[36,36,37,37],"damage_taken":[{"damage":1.0,"enemies":"2 Louse","floor":1.0,"turns":4.0},{"damage":9.0,"enemies":"Jaw Worm","floor":2.0,"turns":4.0},{"damage":8.0,"enemies":"Cultist","floor":3.0,"turns":7.0},{"damage":3.0,"enemies":"2 Fungi Beasts","floor":7.0,"turns":5.0},{"damage":14.0,"enemies":"Lagavulin","floor":10.0,"turns":9.0},{"damage":0.0,"enemies":"3 Louse","floor":13.0,"turns":4.0},{"damage":6.0,"enemies":"The Guardian","floor":16.0,"turns":13.0},{"damage":24.0,"enemies":"Spheric Guardian","floor":18.0,"turns":6.0},{"damage":17.0,"enemies":"3 Byrds","floor":21.0,"turns":5.0},{"damage":0.0,"enemies":"Snecko","floor":22.0,"turns":8.0},{"damage":0.0,"enemies":"Gremlin Leader","floor":25.0,"turns":17.0},{"damage":0,"enemies":"Sentry and Sphere","floor":28,"turns":10},{"damage":0,"enemies":"Cultist and Chosen","floor":31,"turns":11},{"damage":0,"enemies":"Automaton","floor":33,"turns":19},{"damage":0,"enemies":"3 Shapes","floor":35,"turns":9},{"damage":8,"enemies":"3 Darklings","floor":36,"turns":12},{"damage":83,"enemies":"2 Orb Walkers","floor":37,"turns":9}],"seed_played":"116116806065275467","potions_obtained":[{"floor":3.0,"key":"Swift Potion"},{"floor":10.0,"key":"GamblersBrew"},{"floor":18.0,"key":"BloodPotion"},{"floor":25,"key":"SteroidPotion"},{"floor":28,"key":"SkillPotion"},{"floor":31,"key":"AttackPotion"},{"floor":33,"key":"Block Potion"},{"floor":36,"key":"SpeedPotion"}],"is_trial":false,"path_per_floor":["M","M","M","$","?","R","M","R","T","E","T","R","M","?","R","B",null,"M","$","?","M","M","R","?","E","T","R","M","?","?","M","R","B",null,"M","M","?"],"character_chosen":"IRONCLAD","items_purchased":["True Grit","Oddly Smooth Stone","Dark Shackles"],"campfire_rested":0,"item_purchase_floors":[4,19,19],"current_hp_per_floor":[80,77,75,75,80,80,80,80,80,72,72,72,78,78,78,78,80,62,62,62,59,65,65,65,71,71,71,77,62,62,68,68,74,82,85,83,0],"gold":4,"neow_bonus":"ONE_RANDOM_RARE_CARD","is_prod":false,"is_daily":false,"chose_seed":false,"campfire_upgraded":7,"win_rate":0,"timestamp":1554739314,"path_taken":["M","M","M","$","?","R","M","R","T","E","?","R","M","?","R","BOSS","M","$","?","M","M","R","?","E","T","R","M","?","?","M","R","BOSS","M","M","?"],"build_version":"2019-01-23","purchased_purges":1,"victory":false,"max_hp_per_floor":[80,80,80,80,80,80,80,80,80,80,80,80,80,80,80,80,80,80,80,80,80,80,80,80,80,80,80,80,85,85,85,85,85,85,85,85,85],"card_choices":[{"not_picked":["Havoc","Thunderclap"],"picked":"Shrug It Off","floor":1.0},{"not_picked":["Rage","Thunderclap"],"picked":"Flame Barrier","floor":2.0},{"not_picked":["Heavy Blade","Sentinel","Sword Boomerang"],"picked":"SKIP","floor":3.0},{"not_picked":["Thunderclap","Iron Wave"],"picked":"Sever Soul","floor":7.0},{"not_picked":["Armaments","Searing Blow"],"picked":"Entrench","floor":10.0},{"not_picked":["Sword Boomerang","Wild Strike"],"picked":"Inflame","floor":13.0},{"not_picked":["Double Tap","Demon Form"],"picked":"Barricade","floor":16.0},{"not_picked":["True Grit","Thunderclap"],"picked":"Disarm","floor":18.0},{"not_picked":["Armaments","Cleave+1","Flame Barrier"],"picked":"SKIP","floor":21.0},{"not_picked":["Pommel Strike+1","Cleave"],"picked":"Power Through+1","floor":22.0},{"not_picked":["Armaments","Clash","True Grit"],"picked":"SKIP","floor":25},{"not_picked":["Reckless Charge","Ghostly Armor"],"picked":"Metallicize+1","floor":28},{"not_picked":["Spot Weakness","Flex+1","Infernal Blade"],"picked":"SKIP","floor":31},{"not_picked":["Brutality","Dark Embrace"],"picked":"Limit Break","floor":33},{"not_picked":["Sword Boomerang+1","Thunderclap+1"],"picked":"Ghostly Armor","floor":35},{"not_picked":["Anger+1","Clothesline+1","Power Through"],"picked":"SKIP","floor":36}],"player_experience":277100,"relics_obtained":[{"floor":9.0,"key":"Bag of Preparation"},{"floor":10.0,"key":"Art of War"},{"floor":11.0,"key":"Whetstone"},{"floor":25,"key":"Centennial Puzzle"},{"floor":26,"key":"Bottled Tornado"}],"event_choices":[{"damage_healed":20.0,"max_hp_gain":0.0,"max_hp_loss":0.0,"gold_gain":0.0,"event_name":"The Cleric","player_choice":"Healed","floor":5.0,"gold_loss":35.0,"damage_taken":0.0},{"damage_healed":0.0,"max_hp_gain":0.0,"max_hp_loss":0.0,"gold_gain":0.0,"cards_transformed":["Strike_R"],"event_name":"Transmorgrifier","player_choice":"Transformed","floor":14.0,"gold_loss":0.0,"damage_taken":0.0,"cards_obtained":["Dropkick"]},{"damage_healed":0.0,"max_hp_gain":0.0,"max_hp_loss":0.0,"gold_gain":0.0,"event_name":"Vampires","player_choice":"Ignored","floor":20.0,"gold_loss":0.0,"damage_taken":0.0},{"damage_healed":0.0,"max_hp_gain":0.0,"max_hp_loss":0.0,"gold_gain":0.0,"event_name":"Back to Basics","player_choice":"Simplicity","floor":24.0,"gold_loss":0.0,"damage_taken":0.0,"cards_upgraded":["Strike_R","Strike_R","Defend_R","Defend_R","Defend_R","Defend_R"]},{"damage_healed":0,"gold_gain":0,"player_choice":"Shed Blood","damage_taken":20,"max_hp_gain":5,"max_hp_loss":0,"event_name":"Forgotten Altar","floor":29,"gold_loss":0},{"damage_healed":0,"gold_gain":0,"player_choice":"Leave","damage_taken":0,"max_hp_gain":0,"max_hp_loss":0,"event_name":"FaceTrader","floor":30,"gold_loss":0},{"damage_healed":0,"gold_gain":0,"player_choice":"Fight","damage_taken":0,"max_hp_gain":0,"max_hp_loss":0,"event_name":"Mysterious Sphere","floor":37,"gold_loss":0}],"is_beta":false,"boss_relics":[{"not_picked":["Eternal Feather","Cursed Key"],"picked":"Ectoplasm"},{"not_picked":["Empty Cage","Pandora\u0027s Box"],"picked":"Runic Cube"}],"items_purged_floors":[4],"is_endless":false,"potions_floor_spawned":[3,10,18,25,28,31,33,36],"killed_by":"2 Orb Walkers","ascension_level":5}