{"gold_per_floor":[115,115,115,115,134,178,194,235,262,295,295,308,308,324,324,444,444,464,464],"floor_reached":19,"playtime":667,"items_purged":[],"score":233,"play_id":"907ba13a-fc9b-4fa6-8b0a-85d3b32d5536","local_time":"20181108023731","is_ascension_mode":true,"campfire_choices":[{"floor":13,"key":"REST"},{"floor":15,"key":"REST"}],"neow_cost":"NONE","seed_source_timestamp":519584195508097,"circlet_count":0,"master_deck":["Strike_R","Strike_R+1","Strike_R+1","Strike_R","Strike_R","Defend_R","Defend_R","Defend_R","Defend_R","Bash","Wild Strike+1","Pain","Blood for Blood","Dual Wield","Pummel","Headbutt","Rage","Warcry","Sword Boomerang","Rampage","Warcry","Immolate","Warcry","Blood for Blood","Anger","Pummel","Flex","Cleave+1"],"relics":["Burning Blood","NeowsBlessing","Shuriken","Golden Idol","WarpedTongs","Omamori","Whetstone","Dream Catcher","Boot","Orrery"],"potions_floor_usage":[10,10],"damage_taken":[{"damage":0,"enemies":"Cultist","floor":1,"turns":1},{"damage":0,"enemies":"Small Slimes","floor":5,"turns":1},{"damage":2,"enemies":"3 Sentries","floor":6,"turns":2},{"damage":3,"enemies":"2 Louse","floor":7,"turns":3},{"damage":30,"enemies":"Gremlin Nob","floor":8,"turns":4},{"damage":25,"enemies":"3 Sentries","floor":10,"turns":5},{"damage":9,"enemies":"Gremlin Gang","floor":12,"turns":3},{"damage":10,"enemies":"3 Louse","floor":14,"turns":2},{"damage":44,"enemies":"The Guardian","floor":16,"turns":8},{"damage":14,"enemies":"Chosen","floor":18,"turns":3},{"damage":0,"enemies":"Shell Parasite","floor":19,"turns":1}],"seed_played":"9184885699339577905","potions_obtained":[{"floor":5,"key":"SmokeBomb"},{"floor":7,"key":"Energy Potion"},{"floor":10,"key":"Fruit Juice"},{"floor":18,"key":"Strength Potion"}],"is_trial":false,"path_per_floor":["M","T","?","?","M","E","M","E","T","E","?","M","R","M","R","B",null,"M","M"],"character_chosen":"IRONCLAD","items_purchased":[],"campfire_rested":2,"item_purchase_floors":[],"current_hp_per_floor":[80,80,60,60,66,70,73,49,49,35,35,32,57,53,78,40,85,77,77],"gold":464,"neow_bonus":"THREE_ENEMY_KILL","is_prod":false,"is_daily":false,"chose_seed":false,"campfire_upgraded":0,"win_rate":0,"timestamp":1541666251,"path_taken":["M","?","?","?","M","E","?","E","T","E","?","M","R","M","R","BOSS","M","M"],"build_version":"2018-11-01","purchased_purges":0,"victory":false,"max_hp_per_floor":[80,80,80,80,80,80,80,80,80,85,85,85,85,85,85,85,85,85,85],"card_choices":[{"not_picked":["Sword Boomerang","True Grit"],"picked":"Wild Strike","floor":1},{"not_picked":["Armaments","Feel No Pain"],"picked":"Blood for Blood","floor":5},{"not_picked":["Pommel Strike","Armaments"],"picked":"Dual Wield","floor":6},{"not_picked":["Thunderclap","Warcry"],"picked":"Pummel","floor":7},{"not_picked":["Combust","Clothesline"],"picked":"Headbutt","floor":8},{"not_picked":["Second Wind","Armaments"],"picked":"Rage","floor":10},{"not_picked":["Carnage","Feel No Pain"],"picked":"Warcry","floor":12},{"not_picked":["Intimidate","Shockwave"],"picked":"Sword Boomerang","floor":13},{"not_picked":["Thunderclap","Flex"],"picked":"Rampage","floor":14},{"not_picked":["True Grit","Thunderclap"],"picked":"Warcry","floor":15},{"not_picked":["Limit Break","Reaper"],"picked":"Immolate","floor":16},{"not_picked":["Iron Wave","Thunderclap"],"picked":"Warcry","floor":17},{"not_picked":["Seeing Red","Thunderclap"],"picked":"Blood for Blood","floor":17},{"not_picked":["Sword Boomerang","Heavy Blade"],"picked":"Anger","floor":17},{"not_picked":["Flex","Iron Wave"],"picked":"Pummel","floor":17},{"not_picked":["True Grit","Sword Boomerang"],"picked":"Flex","floor":17},{"not_picked":["Metallicize","Havoc+1"],"picked":"Cleave+1","floor":18}],"player_experience":360382,"relics_obtained":[{"floor":2,"key":"Shuriken"},{"floor":6,"key":"Omamori"},{"floor":8,"key":"Whetstone"},{"floor":9,"key":"Dream Catcher"},{"floor":10,"key":"Boot"}],"event_choices":[{"damage_healed":0,"gold_gain":0,"player_choice":"Take Damage","damage_taken":20,"relics_obtained":["Golden Idol"],"max_hp_gain":0,"max_hp_loss":0,"event_name":"Golden Idol","floor":3,"gold_loss":0},{"damage_healed":0,"gold_gain":0,"player_choice":"Rummage","damage_taken":0,"relics_obtained":["WarpedTongs"],"max_hp_gain":0,"max_hp_loss":0,"event_name":"Accursed Blacksmith","floor":4,"gold_loss":0,"cards_obtained":["Pain"]},{"damage_healed":0,"gold_gain":0,"player_choice":"Grow","damage_taken":0,"max_hp_gain":0,"max_hp_loss":0,"event_name":"Living Wall","floor":11,"gold_loss":0,"cards_upgraded":["Wild Strike"]}],"is_beta":false,"boss_relics":[{"not_picked":["Fusion Hammer","Ectoplasm"],"picked":"Orrery"}],"items_purged_floors":[],"is_endless":false,"potions_floor_spawned":[5,7,10,18],"killed_by":"Shell Parasite","ascension_level":2}