{"gold_per_floor":[116,116,41,53,72,72,85,85,85,85,85,101,101,114,114,210,210,226,240,88,88],"floor_reached":21,"playtime":804,"items_purged":["Strike_B","Defend_B"],"score":171,"play_id":"ef0210d0-6fa4-4617-9050-a2a43f44ba00","local_time":"20190403135717","is_ascension_mode":false,"campfire_choices":[{"data":"Beam Cell","floor":6,"key":"SMITH"},{"data":"Zap","floor":8,"key":"SMITH"},{"floor":13,"key":"REST"},{"data":"Gash","floor":15,"key":"SMITH"}],"neow_cost":"NONE","seed_source_timestamp":500818939721351,"circlet_count":0,"master_deck":["Strike_B","Strike_B+1","Defend_B","Defend_B","Defend_B","Zap+1","Dualcast+1","Gash+1","Beam Cell+1","Creative AI","Gash"],"relics":["Velvet Choker"],"potions_floor_usage":[5,16,16],"damage_taken":[{"damage":0,"enemies":"Small Slimes","floor":1,"turns":3},{"damage":8,"enemies":"Jaw Worm","floor":4,"turns":3},{"damage":1,"enemies":"Cultist","floor":5,"turns":3},{"damage":7,"enemies":"3 Louse","floor":7,"turns":3},{"damage":0,"enemies":"Exordium Thugs","floor":12,"turns":4},{"damage":0,"enemies":"2 Fungi Beasts","floor":14,"turns":3},{"damage":17,"enemies":"Slime Boss","floor":16,"turns":11},{"damage":22,"enemies":"Shell Parasite","floor":18,"turns":6},{"damage":45,"enemies":"Chosen","floor":19,"turns":7},{"damage":0,"enemies":"Centurion and Healer","floor":21,"turns":1}],"seed_played":"3282009452868580619","potions_obtained":[{"floor":4,"key":"PowerPotion"},{"floor":5,"key":"FocusPotion"},{"floor":7,"key":"PowerPotion"}],"is_trial":false,"path_per_floor":["M","?","$","M","M","R","M","R","T","?","?","M","R","M","R","B",null,"M","M","$","M"],"character_chosen":"DEFECT","items_purchased":["Fire Potion"],"campfire_rested":1,"item_purchase_floors":[20],"current_hp_per_floor":[75,60,60,52,51,51,44,44,44,37,37,37,59,59,59,42,75,53,8,8,8],"gold":88,"neow_bonus":"BOSS_RELIC","is_prod":false,"is_daily":false,"chose_seed":false,"campfire_upgraded":3,"win_rate":0,"timestamp":1554325037,"path_taken":["M","?","$","M","M","R","M","R","T","?","?","?","R","M","R","BOSS","M","M","$","M"],"build_version":"2019-01-23","purchased_purges":2,"victory":false,"max_hp_per_floor":[75,75,75,75,75,75,75,75,75,75,75,75,75,75,75,75,75,75,75,75,75],"card_choices":[{"not_picked":["Sweeping Beam","Aggregate","Turbo"],"picked":"SKIP","floor":1},{"not_picked":["Melter","Go for the Eyes"],"picked":"Gash","floor":4},{"not_picked":["Stack","Darkness"],"picked":"Beam Cell","floor":5},{"not_picked":["Coolheaded","Genetic Algorithm","Go for the Eyes"],"picked":"SKIP","floor":7},{"not_picked":["Sweeping Beam","Heatsinks","Skim"],"picked":"SKIP","floor":12},{"not_picked":["Darkness","Tempest","Chill"],"picked":"SKIP","floor":14},{"not_picked":["Thunder Strike","Biased Cognition"],"picked":"Creative AI","floor":16},{"not_picked":["Compile Driver","Consume"],"picked":"Gash","floor":18},{"not_picked":["Loop","Redo","Rebound"],"picked":"SKIP","floor":19}],"player_experience":284160,"relics_obtained":[],"event_choices":[{"damage_healed":0,"gold_gain":0,"player_choice":"Entered Light","damage_taken":15,"max_hp_gain":0,"max_hp_loss":0,"event_name":"Shining Light","floor":2,"gold_loss":0,"cards_upgraded":["Strike_B","Dualcast"]},{"cards_removed":["Strike_B"],"damage_healed":0,"gold_gain":0,"player_choice":"Card Removal","damage_taken":7,"max_hp_gain":0,"max_hp_loss":0,"event_name":"Golden Wing","floor":10,"gold_loss":0},{"damage_healed":0,"gold_gain":0,"player_choice":"Ignored","damage_taken":0,"max_hp_gain":0,"max_hp_loss":0,"event_name":"NoteForYourself","floor":11,"gold_loss":0}],"is_beta":false,"boss_relics":[{"not_picked":["Busted Crown","Cursed Key","Eternal Feather"]}],"items_purged_floors":[3,20],"is_endless":false,"potions_floor_spawned":[4,5,7],"killed_by":"Centurion and Healer","ascension_level":0}