{"gold_per_floor":[112,131,151,70,70,96,28,109,109,109,120,120,120],"floor_reached":13,"playtime":413,"items_purged":[],"score":83,"play_id":"b3288cbb-87f8-493d-9620-ed3dc135e835","local_time":"20190316014742","is_ascension_mode":false,"campfire_choices":[{"data":"Noxious Fumes","floor":10,"key":"SMITH"}],"neow_cost":"NONE","seed_source_timestamp":112533123759782,"circlet_count":0,"master_deck":["Defend_G","Defend_G","Defend_G","Defend_G+1","Defend_G+1","Strike_G","Strike_G","Strike_G","Strike_G","Strike_G","Survivor","Neutralize","Dodge and Roll","Dodge and Roll","Well Laid Plans","Footwork+1","Flying Knee","Noxious Fumes+1"],"relics":["Ring of the Snake","NeowsBlessing","War Paint","Toxic Egg 2"],"potions_floor_usage":[6],"damage_taken":[{"damage":0,"enemies":"Cultist","floor":1,"turns":1},{"damage":0,"enemies":"Jaw Worm","floor":2,"turns":1},{"damage":0,"enemies":"Small Slimes","floor":3,"turns":1},{"damage":32,"enemies":"3 Sentries","floor":6,"turns":18},{"damage":0,"enemies":"2 Fungi Beasts","floor":11,"turns":4},{"damage":0,"enemies":"3 Louse","floor":13,"turns":1}],"seed_played":"-6386568703984494339","potions_obtained":[{"floor":2,"key":"Swift Potion"},{"floor":6,"key":"GhostInAJar"}],"is_trial":false,"path_per_floor":["M","M","M","$","?","E","$","T","T","R","M","?","M"],"character_chosen":"THE_SILENT","items_purchased":["Footwork","Noxious Fumes"],"campfire_rested":0,"item_purchase_floors":[4,7],"current_hp_per_floor":[70,70,70,70,70,38,38,38,38,38,38,38,38],"gold":120,"neow_bonus":"THREE_ENEMY_KILL","is_prod":false,"is_daily":false,"chose_seed":false,"campfire_upgraded":1,"win_rate":0,"timestamp":1552726062,"path_taken":["M","M","M","$","?","E","$","?","T","R","M","?","M"],"build_version":"2019-01-23","purchased_purges":0,"victory":false,"max_hp_per_floor":[70,70,70,70,70,70,70,70,70,70,70,70,70],"card_choices":[{"not_picked":["Prepared","Underhanded Strike"],"picked":"Dodge and Roll","floor":1},{"not_picked":["Malaise","Reflex"],"picked":"Dodge and Roll","floor":2},{"not_picked":["Expertise","Deflect"],"picked":"Well Laid Plans","floor":3},{"not_picked":["Quick Slash","All Out Attack"],"picked":"Flying Knee","floor":6},{"not_picked":["Bane","Riddle With Holes","Setup+1"],"picked":"SKIP","floor":11}],"player_experience":196401,"relics_obtained":[{"floor":6,"key":"War Paint"},{"floor":8,"key":"Toxic Egg 2"}],"event_choices":[{"damage_healed":0,"gold_gain":0,"player_choice":"Forge","damage_taken":0,"max_hp_gain":0,"max_hp_loss":0,"event_name":"Accursed Blacksmith","floor":5,"gold_loss":0,"cards_upgraded":["Footwork"]},{"damage_healed":0,"gold_gain":0,"player_choice":"Bought 0 Potions","damage_taken":0,"max_hp_gain":0,"max_hp_loss":0,"event_name":"The Woman in Blue","floor":12,"gold_loss":0}],"is_beta":false,"boss_relics":[],"items_purged_floors":[],"is_endless":false,"potions_floor_spawned":[2,6],"killed_by":"3 Louse","ascension_level":0}