{"gold_per_floor":[119,69,69,87,97,126,14,14,66,92,92,126,126,3,3,102,102,118,134,149,166,166,166],"floor_reached":23,"playtime":1175,"items_purged":["Strike_B","Strike_B"],"score":314,"play_id":"e7380331-ab4b-4894-a689-cfb6e2822593","local_time":"20180711014414","is_ascension_mode":true,"campfire_choices":[{"data":"Zap","floor":13,"key":"SMITH"},{"data":"Coolheaded","floor":15,"key":"SMITH"}],"neow_cost":"","seed_source_timestamp":195387314466177,"circlet_count":0,"master_deck":["Strike_B+1","Defend_B+1","Defend_B+1","Defend_B+1","Defend_B+1","Zap+1","Dualcast+1","AscendersBane","Conserve Battery","Go for the Eyes","Coolheaded+1","Ball Lightning","FTL","Cold Snap+1","Capacitor","Capacitor+1","All For One","Chaos+1","Fusion+1","Steam","Chill"],"relics":["Cracked Core","Boot","Strawberry","Smiling Mask","Frozen Egg 2","Black Star"],"potions_floor_usage":[10,16,21,21,23],"damage_taken":[{"damage":4,"enemies":"2 Louse","floor":1,"turns":3},{"damage":8,"enemies":"Small Slimes","floor":4,"turns":3},{"damage":0,"enemies":"Cultist","floor":5,"turns":4},{"damage":9,"enemies":"Lagavulin","floor":6,"turns":10},{"damage":5,"enemies":"3 Sentries","floor":10,"turns":6},{"damage":10,"enemies":"Lagavulin","floor":12,"turns":6},{"damage":21,"enemies":"The Guardian","floor":16,"turns":11},{"damage":2,"enemies":"Chosen","floor":18,"turns":5},{"damage":18,"enemies":"Shell Parasite","floor":19,"turns":5},{"damage":33,"enemies":"Sentry and Sphere","floor":20,"turns":7},{"damage":2,"enemies":"Chosen and Byrds","floor":21,"turns":6},{"damage":16,"enemies":"Slavers","floor":23,"turns":3}],"seed_played":"-1640269980059427967","potions_obtained":[{"floor":1,"key":"LiquidBronze"},{"floor":5,"key":"EssenceOfSteel"},{"floor":6,"key":"FocusPotion"},{"floor":20,"key":"Dexterity Potion"},{"floor":21,"key":"Ancient Potion"}],"is_trial":false,"path_per_floor":["M","?","?","M","M","E","$","?","T","E","?","E","R","$","R","B",null,"M","M","M","M","?"],"character_chosen":"DEFECT","items_purchased":["FTL","Capacitor+1"],"campfire_rested":0,"item_purchase_floors":[7,14],"current_hp_per_floor":[64,64,69,61,61,52,52,52,59,54,37,27,27,27,27,6,67,65,47,14,12,12,0],"gold":166,"neow_bonus":"","is_prod":false,"is_daily":false,"chose_seed":false,"campfire_upgraded":2,"win_rate":0,"timestamp":1531298654,"path_taken":["M","?","?","M","M","E","$","?","T","E","?","E","R","$","R","BOSS","M","M","M","?","?","E"],"build_version":"2018-07-10","purchased_purges":2,"victory":false,"max_hp_per_floor":[75,75,80,80,80,80,80,80,87,87,87,87,87,87,87,87,87,87,87,87,87,87,87],"card_choices":[{"not_picked":["Double Energy","Gash"],"picked":"Conserve Battery","floor":1},{"not_picked":["Coolheaded","Sweeping Beam"],"picked":"Go for the Eyes","floor":4},{"not_picked":["Hello World","Rip and Tear"],"picked":"Coolheaded","floor":5},{"not_picked":["Fusion","Compile Driver"],"picked":"Ball Lightning","floor":6},{"not_picked":["Steam","Rainbow"],"picked":"Capacitor","floor":10},{"not_picked":["Reinforced Body","Multi-Cast","Tempest"],"picked":"SKIP","floor":12},{"not_picked":["Fission","Biased Cognition+1"],"picked":"All For One","floor":16},{"not_picked":["Gash","Steam Power"],"picked":"Chaos+1","floor":18},{"not_picked":["Leap","Coolheaded"],"picked":"Fusion+1","floor":19},{"not_picked":["Chaos","Capacitor+1"],"picked":"Steam","floor":20},{"not_picked":["Hologram","Sunder"],"picked":"Chill","floor":21}],"player_experience":289883,"relics_obtained":[{"floor":6,"key":"Boot"},{"floor":9,"key":"Strawberry"},{"floor":10,"key":"Smiling Mask"},{"floor":12,"key":"Frozen Egg 2"}],"event_choices":[{"event_name":"The Cleric","player_choice":"Card Removal","floor":2,"damage_taken":0},{"event_name":"Big Fish","player_choice":"Donut","floor":3,"damage_taken":0},{"event_name":"Match and Keep!","player_choice":"1 cards matched","floor":8,"damage_taken":0},{"event_name":"Shining Light","player_choice":"Entered Light","floor":11,"damage_taken":0},{"event_name":"Back to Basics","player_choice":"Simplicity","floor":22,"damage_taken":0}],"boss_relics":[{"not_picked":["Philosopher\u0027s Stone","Ectoplasm"],"picked":"Black Star"}],"items_purged_floors":[7,14],"is_endless":false,"potions_floor_spawned":[1,5,6,20,21],"killed_by":"Slavers","ascension_level":10}