{"gold_per_floor":[109,109,109,72,92,92,118,118,143,143,160,160,160,176,176,250,250,269,269,249,19,30,30,58,4,4,17,28,28,0,0,0,0],"floor_reached":33,"playtime":2224,"items_purged":[],"score":562,"play_id":"e4bdb977-e125-4c26-a91e-a3697fa89598","local_time":"20190331155230","is_ascension_mode":true,"campfire_choices":[{"data":"Genetic Algorithm","floor":6.0,"key":"SMITH"},{"data":"Panic Button","floor":8.0,"key":"SMITH"},{"floor":13.0,"key":"REST"},{"data":"Buffer","floor":15.0,"key":"SMITH"},{"floor":23.0,"key":"REST"},{"floor":29,"key":"REST"},{"data":"Fluid Movement","floor":32,"key":"SMITH"}],"neow_cost":"NONE","seed_source_timestamp":929554922468554,"circlet_count":0,"master_deck":["AscendersBane","Strike_B","Strike_B","Strike_B","Strike_B","Defend_B","Defend_B","Defend_B","Defend_B","Zap+1","Dualcast","Genetic Algorithm+1","Conserve Battery","Conserve Battery+1","Ball Lightning","Panic Button+1","Buffer+1","Leap","Echo Form","Rebound+1","Leap","Predator+1","Fluid Movement+1","Expertise","ReplayTheSpireMod:GoodbyeWorld"],"special_seed":0,"relics":["Cracked Core","NeowsBlessing","Pen Nib","Vajra","Molten Egg 2","Eternal Feather","PrismaticShard","Bottled Flame","Replay:Towering Pillar of Hats"],"potions_floor_usage":[24,27],"damage_taken":[{"damage":0.0,"enemies":"Small Slimes","floor":1.0,"turns":1.0},{"damage":0.0,"enemies":"2 Louse","floor":5.0,"turns":1.0},{"damage":0.0,"enemies":"Gremlin Nob","floor":7.0,"turns":1.0},{"damage":0.0,"enemies":"Cultist","floor":11.0,"turns":3.0},{"damage":1.0,"enemies":"Looter","floor":14.0,"turns":3.0},{"damage":4.0,"enemies":"The Guardian","floor":16.0,"turns":16.0},{"damage":4.0,"enemies":"Shell Parasite","floor":18.0,"turns":6.0},{"damage":6.0,"enemies":"2 Thieves","floor":20.0,"turns":4.0},{"damage":21.0,"enemies":"Sentry and Sphere","floor":22.0,"turns":8.0},{"damage":37,"enemies":"Gremlin Leader","floor":24,"turns":8},{"damage":0,"enemies":"3 Cultists","floor":27,"turns":6},{"damage":17,"enemies":"Snake Plant","floor":28,"turns":4},{"damage":58,"enemies":"Automaton","floor":33,"turns":8}],"seed_played":"1847969875636583657","potions_obtained":[{"floor":1.0,"key":"SpeedPotion"},{"floor":5.0,"key":"AttackPotion"},{"floor":7.0,"key":"SpeedPotion"},{"floor":18.0,"key":"SpeedPotion"},{"floor":22.0,"key":"Regen Potion"},{"floor":24,"key":"Elixir"}],"is_trial":false,"path_per_floor":["M","$","?","$","M","R","E","R","T","?","M","?","R","M","R","B",null,"M","?","M","$","M","R","E","$","T","M","M","R","?","?","R","B"],"character_chosen":"DEFECT","items_purchased":["Conserve Battery","PrismaticShard","PowerPotion"],"campfire_rested":3,"item_purchase_floors":[4,21,25],"current_hp_per_floor":[64,64,64,64,64,64,64,64,64,43,43,38,59,58,58,54,67,63,59,53,53,32,65,43,43,43,43,26,62,62,62,71,13],"gold":0,"neow_bonus":"THREE_ENEMY_KILL","is_prod":false,"is_daily":false,"chose_seed":false,"campfire_upgraded":4,"win_rate":0,"timestamp":1554065550,"path_taken":["M","$","?","$","M","R","E","R","T","?","M","?","R","M","R","BOSS","M","?","M","$","M","R","E","$","T","M","?","R","?","?","R","BOSS"],"build_version":"2019-01-23","purchased_purges":0,"victory":false,"max_hp_per_floor":[71,71,71,71,71,71,71,71,71,71,71,71,71,71,71,71,71,71,71,71,71,71,71,71,71,71,71,71,71,71,71,71,71],"card_choices":[{"not_picked":["Aggregate","Sweeping Beam"],"picked":"Genetic Algorithm","floor":1.0},{"not_picked":["Redo","Go for the Eyes"],"picked":"Ball Lightning","floor":5.0},{"not_picked":["Go for the Eyes","Sunder"],"picked":"Panic Button","floor":7.0},{"not_picked":["FTL","Ball Lightning"],"picked":"Buffer","floor":11.0},{"not_picked":["Compile Driver+1","FTL+1"],"picked":"Leap","floor":14.0},{"not_picked":["Fission","Creative AI"],"picked":"Echo Form","floor":16.0},{"not_picked":["Recycle","Hologram"],"picked":"Rebound+1","floor":18.0},{"not_picked":["Streamline+1","Hologram"],"picked":"Leap","floor":20.0},{"not_picked":["Clothesline+1","PiercingWail"],"picked":"Predator+1","floor":22.0},{"not_picked":["Fusion","PiercingWail"],"picked":"Fluid Movement","floor":24},{"not_picked":["Storm of Steel","Sentinel"],"picked":"Expertise","floor":27},{"not_picked":["Beam Cell+1","Reprogram"],"picked":"ReplayTheSpireMod:GoodbyeWorld","floor":28}],"player_experience":871673,"relics_obtained":[{"floor":7.0,"key":"Pen Nib"},{"floor":9.0,"key":"Vajra"},{"floor":24,"key":"Bottled Flame"},{"floor":26,"key":"Replay:Towering Pillar of Hats"}],"event_choices":[{"damage_healed":0.0,"max_hp_gain":0.0,"max_hp_loss":0.0,"gold_gain":0.0,"event_name":"The Cleric","player_choice":"Leave","floor":3.0,"gold_loss":0.0,"damage_taken":0.0},{"damage_healed":0.0,"max_hp_gain":0.0,"max_hp_loss":0.0,"gold_gain":0.0,"event_name":"Shining Light","player_choice":"Entered Light","floor":10.0,"gold_loss":0.0,"damage_taken":21.0,"cards_upgraded":["Conserve Battery","Zap"]},{"damage_healed":0.0,"max_hp_gain":0.0,"max_hp_loss":0.0,"gold_gain":0.0,"event_name":"Scrap Ooze","player_choice":"Success","floor":12.0,"gold_loss":0.0,"damage_taken":5.0,"relics_obtained":["Molten Egg 2"]},{"damage_healed":0.0,"max_hp_gain":0.0,"max_hp_loss":0.0,"gold_gain":0.0,"event_name":"The Woman in Blue","player_choice":"Bought 0 Potions","floor":19.0,"gold_loss":0.0,"damage_taken":0.0},{"damage_healed":0,"gold_gain":0,"player_choice":"Paid Fearfully","damage_taken":0,"max_hp_gain":0,"max_hp_loss":0,"event_name":"Masked Bandits","floor":30,"gold_loss":28}],"is_beta":false,"boss_relics":[{"not_picked":["Cursed Key","ChewingGum"],"picked":"Eternal Feather"}],"items_purged_floors":[],"is_endless":false,"potions_floor_spawned":[1,5,7,18,22,24],"killed_by":"Automaton","ascension_level":19}