{"gold_per_floor":[109,121,25,43,61,61,87,87,114,114,114,36,47,78,78,151,151,151,151,151,151,151,151,151,151],"floor_reached":25,"playtime":998,"items_purged":[],"score":372,"play_id":"031c1b14-a108-476c-be2b-531bb543c4ea","local_time":"20190409210631","is_ascension_mode":true,"campfire_choices":[{"data":"Streamline","floor":6.0,"key":"SMITH"},{"floor":8.0,"key":"REST"},{"data":"Glacier","floor":10.0,"key":"SMITH"},{"floor":15.0,"key":"REST"},{"floor":23,"key":"REST"}],"neow_cost":"NONE","seed_source_timestamp":0,"circlet_count":0,"master_deck":["AscendersBane","Strike_B+1","Strike_B","Strike_B","Strike_B","Defend_B","Defend_B+1","Defend_B","Defend_B","Zap","Dualcast","Streamline+1","Ball Lightning","White Noise","Glacier+1","Capacitor","Consume","Echo Form","All For One","Redo+1","Decay","Defragment"],"special_seed":0,"relics":["Eternal Feather","Odd Mushroom","Oddly Smooth Stone","Strawberry","Ectoplasm"],"potions_floor_usage":[24],"damage_taken":[{"damage":4.0,"enemies":"Jaw Worm","floor":1.0,"turns":5.0},{"damage":10.0,"enemies":"2 Louse","floor":2.0,"turns":3.0},{"damage":7.0,"enemies":"Small Slimes","floor":4.0,"turns":3.0},{"damage":14.0,"enemies":"Blue Slaver","floor":5.0,"turns":4.0},{"damage":18.0,"enemies":"The Mushroom Lair","floor":7.0,"turns":2.0},{"damage":8.0,"enemies":"Red Slaver","floor":13.0,"turns":4.0},{"damage":12.0,"enemies":"Gremlin Nob","floor":14.0,"turns":4.0},{"damage":30.0,"enemies":"Hexaghost","floor":16.0,"turns":11.0},{"damage":0.0,"enemies":"3 Byrds","floor":18.0,"turns":3.0},{"damage":56.0,"enemies":"Colosseum Slavers","floor":19.0,"turns":5.0},{"damage":8,"enemies":"Chosen","floor":22,"turns":7},{"damage":20,"enemies":"Book of Stabbing","floor":24,"turns":6},{"damage":19,"enemies":"Centurion and Healer","floor":25,"turns":3}],"seed_played":"-7637451473241760461","potions_obtained":[{"floor":5.0,"key":"PowerPotion"},{"floor":7.0,"key":"SteroidPotion"},{"floor":16.0,"key":"LiquidBronze"},{"floor":22,"key":"SmokeBomb"}],"is_trial":false,"path_per_floor":["M","M","$","M","M","R","?","R","T","R","?","$","M","E","R","B",null,"M","?","?","?","M","R","E","M"],"character_chosen":"DEFECT","items_purchased":["Ball Lightning","Block Potion","Consume"],"campfire_rested":3,"item_purchase_floors":[3,3,12],"current_hp_per_floor":[60,50,50,43,29,38,20,50,50,59,45,45,37,32,64,34,67,67,11,11,11,3,38,18,0],"gold":151,"neow_bonus":"BOSS_RELIC","is_prod":false,"is_daily":false,"chose_seed":false,"campfire_upgraded":2,"win_rate":0,"timestamp":1554861991,"path_taken":["M","M","$","M","M","R","?","R","T","R","?","$","M","E","R","BOSS","M","?","?","?","M","R","E","M"],"build_version":"2019-01-23","purchased_purges":0,"victory":false,"max_hp_per_floor":[71,71,71,71,71,71,71,71,71,71,71,71,71,78,78,78,78,78,78,78,78,78,78,78,78],"card_choices":[{"not_picked":["Go for the Eyes","Barrage","Heatsinks"],"picked":"SKIP","floor":1.0},{"not_picked":["Steam","Barrage"],"picked":"Streamline","floor":2.0},{"not_picked":["Barrage","Steam"],"picked":"White Noise","floor":4.0},{"not_picked":["Tempest","Cold Snap"],"picked":"Glacier","floor":5.0},{"not_picked":["Streamline","Consume"],"picked":"Capacitor","floor":7.0},{"not_picked":["White Noise","Streamline"],"picked":"Echo Form","floor":13.0},{"not_picked":["Tempest","Go for the Eyes","Compile Driver"],"picked":"SKIP","floor":14.0},{"not_picked":["Core Surge","Amplify"],"picked":"All For One","floor":16.0},{"not_picked":["Double Energy+1","Stack"],"picked":"Redo+1","floor":18.0},{"not_picked":["Stack","Barrage"],"picked":"Defragment","floor":22}],"player_experience":351330,"relics_obtained":[{"floor":7.0,"key":"Odd Mushroom"},{"floor":9.0,"key":"Oddly Smooth Stone"},{"floor":14.0,"key":"Strawberry"}],"event_choices":[{"damage_healed":0.0,"max_hp_gain":0.0,"max_hp_loss":0.0,"gold_gain":0.0,"event_name":"Mushrooms","player_choice":"Fought Mushrooms","floor":7.0,"gold_loss":0.0,"damage_taken":0.0},{"damage_healed":0.0,"max_hp_gain":0.0,"max_hp_loss":0.0,"gold_gain":0.0,"event_name":"Shining Light","player_choice":"Entered Light","floor":11.0,"gold_loss":0.0,"damage_taken":14.0,"cards_upgraded":["Defend_B","Strike_B"]},{"damage_healed":0.0,"max_hp_gain":0.0,"max_hp_loss":0.0,"gold_gain":0.0,"event_name":"Colosseum","player_choice":"Fight","floor":19.0,"gold_loss":0.0,"damage_taken":0.0},{"damage_healed":0.0,"max_hp_gain":0.0,"max_hp_loss":0.0,"gold_gain":0.0,"event_name":"Colosseum","player_choice":"Fled From Nobs","floor":19.0,"gold_loss":0.0,"damage_taken":0.0},{"damage_healed":0.0,"max_hp_gain":0.0,"max_hp_loss":0.0,"gold_gain":0.0,"event_name":"Forgotten Altar","player_choice":"Smashed Altar","floor":20.0,"gold_loss":0.0,"damage_taken":0.0,"cards_obtained":["Decay"]},{"damage_healed":0.0,"max_hp_gain":0.0,"max_hp_loss":0.0,"gold_gain":100.0,"event_name":"Golden Shrine","player_choice":"Pray","floor":21.0,"gold_loss":0.0,"damage_taken":0.0}],"is_beta":false,"boss_relics":[{"not_picked":["White Beast Statue","Coffee Dripper"],"picked":"Ectoplasm"}],"items_purged_floors":[],"is_endless":false,"potions_floor_spawned":[5,7,16,19,22],"killed_by":"Centurion and Healer","ascension_level":14}