{"gold_per_floor":[116,116,136,136,147,178,22,22,22,22,38,71,71,101,101,205,205,225,68,68,86,100,100,133,149,149,179,199,47,47,47,47,152,152,168,128,146,164,15,15,40,51,105,105,115,115,146,163,163,163,163,163,6,32,32],"floor_reached":56,"playtime":5700,"items_purged":["Regret"],"score":1287,"play_id":"bfc94a09-bc9b-44e6-981f-c2297aa3ae19","local_time":"20190314222229","is_ascension_mode":true,"campfire_choices":[{"floor":10,"key":"REST"},{"floor":13,"key":"REST"},{"floor":15,"key":"REST"},{"data":"Evolve","floor":23,"key":"SMITH"},{"floor":30,"key":"REST"},{"data":"Immolate","floor":32,"key":"SMITH"},{"floor":40,"key":"REST"},{"floor":44,"key":"RECALL"},{"data":"Bloodletting","floor":46,"key":"SMITH"},{"data":"Ghostly Armor","floor":49,"key":"SMITH"},{"data":"Double Tap","floor":52,"key":"SMITH"}],"neow_cost":"NONE","seed_source_timestamp":6562713994439,"circlet_count":0,"master_deck":["Bash","Perfected Strike","Evolve+1","Brutality+1","Hemokinesis+1","Offering","Iron Wave","Impervious","Cleave","Juggernaut+1","Sever Soul","Inflame+1","Dark Shackles","Reckless Charge","Feel No Pain+1","Double Tap+1","Flex+1","Ghostly Armor+1","Rupture+1","Immolate+1","Fire Breathing+1","Necronomicurse","Dark Embrace+1","Reaper","Cleave","Fiend Fire","Reaper","True Grit","Impervious","Bloodletting+1","Inflame+1","Carnage","Anger+1","Wild Strike+1","Flex+1","Disarm+1","Headbutt+1","Rage+1","Pommel Strike+1","Warcry+1","Inflame+1"],"relics":["Burning Blood","Frozen Egg 2","Self Forming Clay","Blood Vial","Gremlin Horn","Charon\u0027s Ashes","Anchor","Mark of Pain","Regal Pillow","Shuriken","Necronomicon","Pandora\u0027s Box","Strawberry","Omamori","Vajra","Magic Flower","Lantern","Pen Nib"],"potions_floor_usage":[12,25,27,27,33,37,41,41,47,50,54,54,55],"damage_taken":[{"damage":0,"enemies":"2 Louse","floor":1,"turns":3},{"damage":8,"enemies":"Jaw Worm","floor":3,"turns":3},{"damage":2,"enemies":"Small Slimes","floor":5,"turns":4},{"damage":53,"enemies":"3 Sentries","floor":6,"turns":9},{"damage":15,"enemies":"Exordium Wildlife","floor":11,"turns":4},{"damage":28,"enemies":"Lagavulin","floor":12,"turns":9},{"damage":26,"enemies":"3 Sentries","floor":14,"turns":6},{"damage":19,"enemies":"Slime Boss","floor":16,"turns":9},{"damage":19,"enemies":"Spheric Guardian","floor":18,"turns":4},{"damage":17,"enemies":"3 Byrds","floor":21,"turns":3},{"damage":7,"enemies":"Cultist and Chosen","floor":22,"turns":6},{"damage":27,"enemies":"Slavers","floor":24,"turns":4},{"damage":12,"enemies":"Snecko","floor":25,"turns":5},{"damage":16,"enemies":"Book of Stabbing","floor":27,"turns":5},{"damage":9,"enemies":"Centurion and Healer","floor":28,"turns":4},{"damage":30,"enemies":"Collector","floor":33,"turns":6},{"damage":1,"enemies":"3 Shapes","floor":35,"turns":2},{"damage":1,"enemies":"3 Darklings","floor":37,"turns":2},{"damage":38,"enemies":"4 Shapes","floor":38,"turns":4},{"damage":38,"enemies":"Nemesis","floor":41,"turns":5},{"damage":3,"enemies":"Jaw Worm Horde","floor":42,"turns":4},{"damage":15,"enemies":"Maw","floor":45,"turns":6},{"damage":24,"enemies":"Giant Head","floor":47,"turns":6},{"damage":23,"enemies":"Spire Growth","floor":48,"turns":5},{"damage":72,"enemies":"Awakened One","floor":50,"turns":8},{"damage":75,"enemies":"Shield and Spear","floor":54,"turns":5},{"damage":82,"enemies":"The Heart","floor":55,"turns":7}],"seed_played":"-5076636381041810336","potions_obtained":[{"floor":5,"key":"Ancient Potion"},{"floor":12,"key":"SteroidPotion"},{"floor":21,"key":"Swift Potion"},{"floor":22,"key":"Block Potion"},{"floor":28,"key":"Block Potion"},{"floor":36,"key":"FearPotion"},{"floor":36,"key":"PowerPotion"},{"floor":36,"key":"AttackPotion"},{"floor":41,"key":"Swift Potion"},{"floor":42,"key":"Strength Potion"},{"floor":45,"key":"Regen Potion"},{"floor":48,"key":"SneckoOil"},{"floor":54,"key":"PowerPotion"}],"is_trial":false,"path_per_floor":["?","?","?","?","M","?","?","M"],"character_chosen":"IRONCLAD","items_purchased":["Offering","Inflame+1","Dark Shackles","Immolate","Fire Breathing+1","Strawberry","Lantern"],"campfire_rested":5,"item_purchase_floors":[7,19,19,29,29,39,53],"current_hp_per_floor":[88,88,86,86,88,41,41,34,34,60,53,33,59,41,67,56,88,75,75,75,66,67,67,48,44,44,36,35,35,76,60,60,38,88,88,88,88,63,70,95,91,95,95,95,95,95,95,95,95,95,95,95,95,95,95],"gold":32,"neow_bonus":"TEN_PERCENT_HP_BONUS","is_prod":false,"is_daily":false,"chose_seed":false,"campfire_upgraded":5,"win_rate":0,"timestamp":1552598549,"path_taken":["M","?","M","?","M","E","$","?","T","R","M","E","R","E","R","BOSS","M","$","?","M","M","R","E","M","T","E","?","$","R","?","R","BOSS","M","?","?","M","$","R","E","M","T","R","M","R","E","M","R","BOSS","R","$","E","BOSS"],"build_version":"2019-01-23","purchased_purges":1,"victory":true,"max_hp_per_floor":[88,88,88,88,88,88,88,88,88,88,88,88,88,88,88,88,88,88,88,88,88,88,88,88,88,88,88,88,88,88,88,88,88,88,88,88,88,88,95,95,95,95,95,95,95,95,95,95,95,95,95,95,95,95,95],"card_choices":[{"not_picked":["Metallicize","Wild Strike"],"picked":"Perfected Strike","floor":1},{"not_picked":["Cleave","Sword Boomerang"],"picked":"Evolve","floor":3},{"not_picked":["True Grit","Perfected Strike"],"picked":"Brutality+1","floor":5},{"not_picked":["Wild Strike","Armaments"],"picked":"Hemokinesis","floor":6},{"not_picked":["Perfected Strike","Wild Strike"],"picked":"Iron Wave","floor":11},{"not_picked":["Sword Boomerang","Power Through"],"picked":"Impervious","floor":12},{"not_picked":["Body Slam","Thunderclap"],"picked":"Cleave","floor":14},{"not_picked":["Feed","Brutality+1"],"picked":"Juggernaut+1","floor":16},{"not_picked":["Flame Barrier","True Grit"],"picked":"Sever Soul","floor":18},{"not_picked":["Evolve+1","Iron Wave"],"picked":"Reckless Charge","floor":21},{"not_picked":["Flex+1","Perfected Strike"],"picked":"Feel No Pain+1","floor":22},{"not_picked":["Armaments","Cleave"],"picked":"Double Tap","floor":24},{"not_picked":["Juggernaut+1","Thunderclap+1"],"picked":"Flex+1","floor":25},{"not_picked":["Thunderclap","Flex"],"picked":"Ghostly Armor","floor":27},{"not_picked":["Cleave+1","Iron Wave"],"picked":"Rupture+1","floor":28},{"not_picked":["Double Tap","Brutality+1"],"picked":"Dark Embrace+1","floor":33},{"not_picked":["Cleave+1","Perfected Strike"],"picked":"Anger+1","floor":35},{"not_picked":["Armaments","Warcry+1"],"picked":"Wild Strike+1","floor":37},{"not_picked":["Heavy Blade+1","Body Slam+1"],"picked":"Flex+1","floor":38},{"not_picked":["Iron Wave","Double Tap"],"picked":"Disarm+1","floor":41},{"not_picked":["Sword Boomerang","Clash"],"picked":"Headbutt+1","floor":42},{"not_picked":["Uppercut+1","Wild Strike+1"],"picked":"Rage+1","floor":45},{"not_picked":["Headbutt+1","Body Slam"],"picked":"Pommel Strike+1","floor":47},{"not_picked":["Perfected Strike","True Grit"],"picked":"Warcry+1","floor":48},{"not_picked":["True Grit+1","Evolve+1"],"picked":"Inflame+1","floor":54}],"player_experience":89765,"relics_obtained":[{"floor":6,"key":"Self Forming Clay"},{"floor":9,"key":"Gremlin Horn"},{"floor":12,"key":"Charon\u0027s Ashes"},{"floor":14,"key":"Anchor"},{"floor":24,"key":"Regal Pillow"},{"floor":27,"key":"Shuriken"},{"floor":31,"key":"Necronomicon"},{"floor":41,"key":"Omamori"},{"floor":43,"key":"Vajra"},{"floor":47,"key":"Magic Flower"},{"floor":54,"key":"Pen Nib"}],"event_choices":[{"damage_healed":0,"gold_gain":0,"player_choice":"Leave","damage_taken":0,"max_hp_gain":0,"max_hp_loss":0,"event_name":"The Cleric","floor":2,"gold_loss":0},{"damage_healed":0,"gold_gain":0,"player_choice":"Box","damage_taken":0,"relics_obtained":["Frozen Egg 2"],"max_hp_gain":0,"max_hp_loss":0,"event_name":"Big Fish","floor":4,"gold_loss":0,"cards_obtained":["Regret"]},{"damage_healed":0,"gold_gain":0,"player_choice":"Success","damage_taken":7,"relics_obtained":["Blood Vial"],"max_hp_gain":0,"max_hp_loss":0,"event_name":"Scrap Ooze","floor":8,"gold_loss":0},{"damage_healed":0,"gold_gain":0,"player_choice":"Upgraded","damage_taken":0,"max_hp_gain":0,"max_hp_loss":0,"event_name":"Upgrade Shrine","floor":20,"gold_loss":0,"cards_upgraded":["Hemokinesis"]},{"damage_healed":0,"gold_gain":0,"player_choice":"Obtained Book","damage_taken":16,"max_hp_gain":0,"max_hp_loss":0,"event_name":"Cursed Tome","floor":31,"gold_loss":0},{"damage_healed":0,"gold_gain":0,"player_choice":"Bought 3 Potions","damage_taken":0,"max_hp_gain":0,"max_hp_loss":0,"event_name":"The Woman in Blue","floor":36,"gold_loss":0}],"is_beta":false,"boss_relics":[{"not_picked":["Busted Crown","White Beast Statue"],"picked":"Mark of Pain"},{"not_picked":["Snecko Eye","Empty Cage"],"picked":"Pandora\u0027s Box"}],"items_purged_floors":[7],"is_endless":false,"potions_floor_spawned":[5,12,21,22,28,41,42,45,48,54],"ascension_level":1}