{"path_per_floor":["M","M","$","?","M","R","E","R","T","E","?","R","M","M","R","B",null,"M","M","?","M","$","R","E","R","T","E","$","E","M","E","R","B",null,"M","?","M","?","M","E","M","$","T","E","R","E","?","M","R","B"],"character_chosen":"THE_SILENT","items_purchased":["Infinite Blades","Apotheosis","Noxious Fumes","Infinite Blades","Infinite Blades","Terror","Caltrops","Noxious Fumes","Accuracy"],"gold_per_floor":[118,129,15,15,25,25,60,60,60,87,262,262,273,288,288,384,384,401,413,413,432,96,96,125,125,171,196,31,66,84,112,112,208,208,221,268,286,286,300,335,346,53,53,81,81,110,110,122,122,122],"floor_reached":51,"campfire_rested":3,"playtime":4146,"current_hp_per_floor":[62,61,61,49,51,51,26,47,47,45,45,45,46,48,48,25,66,63,61,61,58,58,58,60,60,60,47,47,39,18,35,59,61,75,77,70,56,56,64,65,67,67,67,69,69,45,45,47,71,56],"items_purged":["Strike_G","Masterful Stab","Bouncing Flask"],"gold":122,"score":1447,"play_id":"9c06fa14-4270-42a6-a58f-1ce5f4f93c37","local_time":"20180416125456","is_prod":false,"is_daily":false,"chose_seed":false,"is_ascension_mode":true,"campfire_upgraded":6,"timestamp":1523908496,"path_taken":["M","M","$","?","M","R","E","R","T","E","?","R","M","?","R","BOSS","M","M","?","M","?","R","E","R","T","E","$","E","M","E","R","BOSS","M","?","?","?","?","E","M","$","T","E","R","E","?","M","R","BOSS"],"build_version":"2018-04-13","seed_source_timestamp":12805157549340,"purchased_purges":5,"victory":true,"master_deck":["Survivor","Neutralize+1","AscendersBane","Cloak And Dagger","Cloak And Dagger+1","Infinite Blades","Sucker Punch+1","Well Laid Plans","Escape Plan","Doubt","Cloak And Dagger","Venomology","Cloak And Dagger","Blur","Outmaneuver","Backflip","Cloak And Dagger","Flying Knee","Slice","Endless Agony","Footwork+1","Dodge and Roll","Apotheosis+1","Noxious Fumes","Blade Dance","Dodge and Roll","Infinite Blades","Outmaneuver","Dodge and Roll","After Image+1","Calculated Gamble+1","Dodge and Roll+1","Adrenaline","Well Laid Plans+1","Infinite Blades","Terror+1","Caltrops","Noxious Fumes","Accuracy","PiercingWail+1","Accuracy","Burst"],"max_hp_per_floor":[70,70,70,70,70,70,70,70,70,80,80,80,80,80,80,80,80,80,80,80,80,80,80,80,80,80,80,80,80,80,80,80,80,80,80,80,80,80,80,80,80,80,80,80,80,80,80,80,80,80],"relics":["Ring of the Snake","Blood Vial","Du-Vu Doll","Centennial Puzzle","Pear","Pandora\u0027s Box","Orichalcum","Oddly Smooth Stone","Ninja Scroll","Tough Bandages","The Courier","Black Star","Calipers","Molten Egg 2","Bottled Flame","Dodecahedron","Tingsha","Gambling Chip","Lantern","Art of War"],"card_choices":[{"not_picked":["Flying Knee","Quick Slash"],"picked":"Cloak And Dagger","floor":1},{"not_picked":["Sucker Punch","Dagger Spray"],"picked":"Cloak And Dagger","floor":2},{"not_picked":["Bullet Time","Dagger Spray"],"picked":"Sucker Punch","floor":5},{"not_picked":["Endless Agony","Expertise"],"picked":"Well Laid Plans","floor":7},{"not_picked":["Slice","Flying Knee"],"picked":"Escape Plan","floor":10},{"not_picked":["PiercingWail","Outmaneuver"],"picked":"Cloak And Dagger","floor":13},{"not_picked":["Glass Knife","Die Die Die"],"picked":"Venomology","floor":16},{"not_picked":["Concentrate","Poisoned Stab"],"picked":"Slice","floor":18},{"not_picked":["Quick Slash","PiercingWail"],"picked":"Endless Agony","floor":19},{"not_picked":["Bane","Dagger Spray"],"picked":"Dodge and Roll","floor":21},{"not_picked":["Flying Knee","Quick Slash"],"picked":"Blade Dance","floor":24},{"not_picked":["Dagger Spray","All Out Attack"],"picked":"Dodge and Roll","floor":27},{"not_picked":["All Out Attack","Flechettes"],"picked":"Outmaneuver","floor":29},{"not_picked":["Catalyst","Flechettes"],"picked":"Dodge and Roll","floor":31},{"not_picked":["Corpse Explosion","Doppelganger"],"picked":"After Image","floor":33},{"not_picked":["Prepared","Poisoned Stab"],"picked":"Calculated Gamble","floor":36},{"not_picked":["Bane","Predator"],"picked":"Dodge and Roll","floor":39},{"not_picked":["Prepared","Flechettes"],"picked":"Adrenaline","floor":40},{"not_picked":["Poisoned Stab","Catalyst"],"picked":"Well Laid Plans","floor":41},{"not_picked":["Bouncing Flask","Poisoned Stab"],"picked":"PiercingWail","floor":44},{"not_picked":["Riddle With Holes","Slice"],"picked":"Accuracy","floor":46}],"player_experience":218566,"potions_floor_usage":[7,18,21,24,27,29,30,31,31,33,35,35,37,39,40,40,41,44,46,46,50,50],"damage_taken":[{"damage":1,"enemies":"2 Louse","floor":1,"turns":3},{"damage":1,"enemies":"Small Slimes","floor":2,"turns":4},{"damage":0,"enemies":"Cultist","floor":5,"turns":4},{"damage":42,"enemies":"Gremlin Nob","floor":7,"turns":6},{"damage":14,"enemies":"3 Sentries","floor":10,"turns":9},{"damage":1,"enemies":"Blue Slaver","floor":13,"turns":4},{"damage":0,"enemies":"Looter","floor":14,"turns":3},{"damage":25,"enemies":"Hexaghost","floor":16,"turns":12},{"damage":5,"enemies":"2 Thieves","floor":18,"turns":4},{"damage":4,"enemies":"3 Byrds","floor":19,"turns":8},{"damage":5,"enemies":"Snake Plant","floor":21,"turns":6},{"damage":0,"enemies":"Slavers","floor":24,"turns":7},{"damage":15,"enemies":"Book of Stabbing","floor":27,"turns":5},{"damage":10,"enemies":"Gremlin Leader","floor":29,"turns":7},{"damage":23,"enemies":"Chosen and Byrds","floor":30,"turns":4},{"damage":0,"enemies":"Book of Stabbing","floor":31,"turns":8},{"damage":0,"enemies":"Champ","floor":33,"turns":12},{"damage":0,"enemies":"Flame Bruiser 1 Orb","floor":35,"turns":8},{"damage":9,"enemies":"Mysterious Sphere","floor":36,"turns":6},{"damage":16,"enemies":"3 Darklings","floor":37,"turns":8},{"damage":9,"enemies":"4 Shapes","floor":39,"turns":7},{"damage":16,"enemies":"Nemesis","floor":40,"turns":9},{"damage":0,"enemies":"Maw","floor":41,"turns":8},{"damage":0,"enemies":"Giant Head","floor":44,"turns":7},{"damage":26,"enemies":"2 Orb Walkers","floor":46,"turns":7},{"damage":0,"enemies":"Flame Bruiser 2 Orb","floor":48,"turns":6},{"damage":17,"enemies":"Time Eater","floor":50,"turns":11}],"event_choices":[{"event_name":"Scrap Ooze","player_choice":"success","floor":4,"damage_taken":12},{"event_name":"Liars Game","player_choice":"agreed","floor":11,"damage_taken":0},{"event_name":"The Library","player_choice":"Read","floor":20,"damage_taken":0},{"event_name":"Mysterious Sphere","player_choice":"Fight","floor":36,"damage_taken":0},{"event_name":"Accursed Blacksmith","player_choice":"Forge","floor":38,"damage_taken":0},{"event_name":"Transmorgrifier","player_choice":"Transform","floor":47,"damage_taken":0}],"boss_relics":[{"not_picked":["Runic Pyramid","White Beast Statue"],"picked":"Pandora\u0027s Box"},{"not_picked":["Lizard Tail","Tiny House"],"picked":"Black Star"}],"potions_floor_spawned":[5,10,16,21,24,27,31,40,41,46],"seed_played":"-5834969087750602383","ascension_level":10,"is_trial":false}