{"gold_per_floor":[118,118,129,9,24,51,51,81,81,107,182,200,180,89,89,187,237,250,268,268],"floor_reached":20,"playtime":817,"items_purged":[],"score":211,"play_id":"f9fd929a-4b3b-422f-9f87-98214f531439","local_time":"20181103021704","is_ascension_mode":true,"campfire_choices":[{"data":"Spot Weakness","floor":7,"key":"SMITH"},{"floor":15,"key":"REST"}],"neow_cost":"TEN_PERCENT_HP_LOSS","seed_source_timestamp":82621814943739,"circlet_count":0,"master_deck":["Strike_R+1","Strike_R","Strike_R","Strike_R","Strike_R","Defend_R","Defend_R","Defend_R","Defend_R","Bash","Inflame+1","Dropkick","Perfected Strike","Fire Breathing","Perfected Strike","Spot Weakness+1","Fire Breathing","Cleave","Uppercut","Pommel Strike","Evolve","Barricade","Shrug It Off","Metallicize","Twin Strike"],"relics":["Burning Blood","Ice Cream","Oddly Smooth Stone","Nunchaku","Paper Frog","Turnip","Tiny House"],"potions_floor_usage":[12,12,16,16,16,19],"damage_taken":[{"damage":8,"enemies":"2 Louse","floor":1,"turns":3},{"damage":6,"enemies":"Cultist","floor":3,"turns":4},{"damage":7,"enemies":"Small Slimes","floor":5,"turns":4},{"damage":21,"enemies":"Lagavulin","floor":6,"turns":6},{"damage":6,"enemies":"Gremlin Nob","floor":8,"turns":3},{"damage":33,"enemies":"3 Sentries","floor":10,"turns":6},{"damage":14,"enemies":"Red Slaver","floor":12,"turns":2},{"damage":32,"enemies":"Hexaghost","floor":16,"turns":7},{"damage":48,"enemies":"2 Thieves","floor":18,"turns":4},{"damage":12,"enemies":"Shell Parasite","floor":19,"turns":5},{"damage":37,"enemies":"3 Cultists","floor":20,"turns":4}],"seed_played":"3699597454421614512","potions_obtained":[{"floor":3,"key":"SteroidPotion"},{"floor":5,"key":"BloodPotion"},{"floor":10,"key":"Energy Potion"},{"floor":12,"key":"FearPotion"},{"floor":13,"key":"Dexterity Potion"},{"floor":17,"key":"Dexterity Potion"},{"floor":18,"key":"FearPotion"}],"is_trial":false,"path_per_floor":["M","?","M","$","M","E","R","E","T","E","?","M","?","$","R","B",null,"M","M","M"],"character_chosen":"IRONCLAD","items_purchased":["Perfected Strike","Fire Breathing","Pommel Strike","Evolve"],"campfire_rested":1,"item_purchase_floors":[4,4,14,14],"current_hp_per_floor":[70,70,70,70,69,54,54,54,54,27,16,15,15,15,36,10,77,35,29,0],"gold":268,"neow_bonus":"ONE_RARE_RELIC","is_prod":false,"is_daily":false,"chose_seed":false,"campfire_upgraded":1,"win_rate":0,"timestamp":1541229424,"path_taken":["M","?","?","$","M","E","R","E","T","E","?","M","?","$","R","BOSS","M","M","M"],"build_version":"2018-11-01","purchased_purges":0,"victory":false,"max_hp_per_floor":[72,72,72,72,72,72,72,72,72,72,72,72,72,72,72,72,77,77,77,77],"card_choices":[{"not_picked":["Cleave","Pommel Strike"],"picked":"Inflame","floor":1},{"not_picked":["Heavy Blade","Warcry"],"picked":"Dropkick","floor":3},{"not_picked":["Evolve","Iron Wave"],"picked":"Perfected Strike","floor":5},{"not_picked":["Bludgeon","Berserk"],"picked":"Spot Weakness","floor":6},{"not_picked":["Searing Blow","Sentinel"],"picked":"Fire Breathing","floor":8},{"not_picked":["Hemokinesis","Iron Wave"],"picked":"Cleave","floor":10},{"not_picked":["Whirlwind","Flex"],"picked":"Uppercut","floor":12},{"not_picked":["Exhume","Fiend Fire"],"picked":"Barricade","floor":16},{"not_picked":["Twin Strike","Wild Strike"],"picked":"Shrug It Off","floor":17},{"not_picked":["Shockwave","Carnage"],"picked":"Metallicize","floor":18},{"not_picked":["Evolve","Clothesline"],"picked":"Twin Strike","floor":19}],"player_experience":258917,"relics_obtained":[{"floor":6,"key":"Oddly Smooth Stone"},{"floor":8,"key":"Nunchaku"},{"floor":9,"key":"Paper Frog"},{"floor":10,"key":"Turnip"}],"event_choices":[{"damage_healed":0,"gold_gain":0,"player_choice":"Upgraded","damage_taken":0,"max_hp_gain":0,"max_hp_loss":0,"event_name":"Upgrade Shrine","floor":2,"gold_loss":0,"cards_upgraded":["Inflame"]},{"damage_healed":0,"gold_gain":75,"player_choice":"Gather Gold","damage_taken":11,"max_hp_gain":0,"max_hp_loss":0,"event_name":"World of Goop","floor":11,"gold_loss":0},{"damage_healed":0,"gold_gain":0,"player_choice":"Bought 1 Potion","damage_taken":0,"max_hp_gain":0,"max_hp_loss":0,"event_name":"The Woman in Blue","floor":13,"gold_loss":0}],"is_beta":false,"boss_relics":[{"not_picked":["Runic Pyramid","Fusion Hammer"],"picked":"Tiny House"}],"items_purged_floors":[],"is_endless":false,"potions_floor_spawned":[3,5,10,12,18],"killed_by":"3 Cultists","ascension_level":2}