{"gold_per_floor":[115,128,3,78,253,253,253,278,278,278,294,309,328,328,328,431,431,445,445,93,53,68,68,103,103,173,173,201,213,243,33,33,132,132,145,245,245,263,278,278,297,297,320,395,5,23,35,35,35,35],"floor_reached":51,"playtime":8984,"items_purged":["Defend_B"],"score":1094,"play_id":"9ac12076-4b53-473e-a119-b0b8dd686e28","local_time":"20190331155505","is_ascension_mode":true,"campfire_choices":[{"data":"Defragment","floor":6.0,"key":"SMITH"},{"data":"Cold Snap","floor":10.0,"key":"SMITH"},{"data":"Dualcast","floor":15.0,"key":"SMITH"},{"data":"Leap","floor":23.0,"key":"SMITH"},{"data":"Glacier","floor":25,"key":"SMITH"},{"floor":32,"key":"REST"},{"floor":40,"key":"REST"},{"data":"Multi-Cast","floor":42,"key":"SMITH"},{"floor":49,"key":"REST"}],"neow_cost":"NONE","seed_source_timestamp":0,"circlet_count":0,"master_deck":["Strike_B","Zap","Dualcast+1","Static Discharge+1","Blizzard+1","Auto Shields+1","Chill","Cold Snap+1","Defragment+1","Go for the Eyes+1","Doubt","Cold Snap+1","Glacier+1","Multi-Cast+1","Leap+1","Hello World","Cold Snap+1","Cold Snap+1","FTL+1","Recycle+1","BootSequence+1","Secret Technique+1","Machine Learning","Loop+1","Undo+1","Fission+1","Parasite","Blizzard+1","Secret Technique+1","Aggregate+1","Conserve Battery+1"],"special_seed":0,"relics":["Astrolabe","Molten Egg 2","Letter Opener","Nuclear Battery","Bottled Flame","Pear","Darkstone Periapt","Toxic Egg 2","Sundial","Art of War","Philosopher\u0027s Stone","Girya","Happy Flower","Bag of Preparation"],"potions_floor_usage":[30,30,33,35,38,46,46,50],"damage_taken":[{"damage":0.0,"enemies":"Jaw Worm","floor":1.0,"turns":4.0},{"damage":3.0,"enemies":"Small Slimes","floor":2.0,"turns":3.0},{"damage":5.0,"enemies":"3 Sentries","floor":8.0,"turns":6.0},{"damage":0.0,"enemies":"Cultist","floor":11.0,"turns":5.0},{"damage":0.0,"enemies":"Large Slime","floor":12.0,"turns":6.0},{"damage":2.0,"enemies":"Looter","floor":13.0,"turns":4.0},{"damage":0.0,"enemies":"Hexaghost","floor":16.0,"turns":12.0},{"damage":0.0,"enemies":"Spheric Guardian","floor":18.0,"turns":5.0},{"damage":6.0,"enemies":"2 Thieves","floor":22.0,"turns":5.0},{"damage":4.0,"enemies":"Gremlin Leader","floor":24.0,"turns":7.0},{"damage":0,"enemies":"Book of Stabbing","floor":28,"turns":9},{"damage":2,"enemies":"Shelled Parasite and Fungi","floor":29,"turns":6},{"damage":22,"enemies":"Slavers","floor":30,"turns":8},{"damage":14,"enemies":"Automaton","floor":33,"turns":11},{"damage":27,"enemies":"3 Darklings","floor":35,"turns":5},{"damage":0,"enemies":"Mind Bloom Boss Battle","floor":36,"turns":10},{"damage":3,"enemies":"Orb Walker","floor":38,"turns":5},{"damage":38,"enemies":"Sphere and 2 Shapes","floor":39,"turns":6},{"damage":0,"enemies":"Writhing Mass","floor":41,"turns":12},{"damage":2,"enemies":"Maw","floor":46,"turns":8},{"damage":25,"enemies":"Transient","floor":47,"turns":5},{"damage":28,"enemies":"Awakened One","floor":50,"turns":14}],"seed_played":"7686099586714249429","potions_obtained":[{"floor":1.0,"key":"Poison Potion"},{"floor":11.0,"key":"Fire Potion"},{"floor":12.0,"key":"Regen Potion"},{"floor":21.0,"key":"Energy Potion"},{"floor":21.0,"key":"Explosive Potion"},{"floor":21.0,"key":"Block Potion"},{"floor":22.0,"key":"Strength Potion"},{"floor":28,"key":"LiquidBronze"},{"floor":30,"key":"PowerPotion"},{"floor":33,"key":"SteroidPotion"},{"floor":35,"key":"Explosive Potion"},{"floor":36,"key":"Block Potion"},{"floor":41,"key":"Block Potion"}],"is_trial":false,"path_per_floor":["M","M","$","?","?","R","?","E","T","R","M","M","M","?","R","B",null,"M","?","$","?","M","R","E","R","T","?","E","M","E","$","R","B",null,"M","?","?","M","M","R","M","R","T","?","$","M","M","$","R","B",null],"character_chosen":"DEFECT","items_purchased":["Defragment","Go for the Eyes","Cold Snap+1","Bottled Flame","Secret Technique+1","SkillPotion","Secret Technique+1","Bag of Preparation","Regen Potion"],"campfire_rested":3,"item_purchase_floors":[3,3,20,20,31,31,45,45,45],"current_hp_per_floor":[68,65,65,54,54,54,54,49,49,49,49,49,47,40,40,55,70,70,70,70,70,64,64,70,70,70,70,70,68,46,46,71,57,78,51,51,51,48,10,35,41,41,41,32,32,45,20,20,47,19],"gold":35,"neow_bonus":"BOSS_RELIC","is_prod":false,"is_daily":false,"chose_seed":false,"campfire_upgraded":6,"win_rate":0,"timestamp":1554065705,"path_taken":["M","M","$","?","?","R","?","E","T","R","M","?","M","?","R","BOSS","M","?","$","?","?","R","E","R","T","?","E","M","E","?","R","BOSS","M","?","?","M","M","R","M","R","T","?","$","M","?","$","R","BOSS"],"build_version":"2019-01-23","purchased_purges":1,"victory":true,"max_hp_per_floor":[75,75,75,75,75,75,75,75,75,75,75,75,75,75,75,75,75,75,75,75,75,75,75,85,85,85,85,85,85,85,85,85,85,85,85,85,85,85,85,85,91,91,91,91,91,91,91,91,91,91],"card_choices":[{"not_picked":["Aggregate","Stack"],"picked":"Chill","floor":1.0},{"not_picked":["Skim","Hologram"],"picked":"Cold Snap","floor":2.0},{"not_picked":["Static Discharge","Beam Cell","Melter"],"picked":"SKIP","floor":8.0},{"not_picked":["Hologram","Ball Lightning+1"],"picked":"Cold Snap+1","floor":11.0},{"not_picked":["Gash+1","Static Discharge"],"picked":"Glacier","floor":12.0},{"not_picked":["Hologram","Streamline+1","Compile Driver+1"],"picked":"SKIP","floor":13.0},{"not_picked":["Electrodynamics","Meteor Strike+1"],"picked":"Multi-Cast","floor":16.0},{"not_picked":["Steam Power+1","Go for the Eyes+1","Auto Shields"],"picked":"SKIP","floor":18.0},{"not_picked":["Stack","Barrage+1"],"picked":"Cold Snap+1","floor":22.0},{"not_picked":["Sunder+1","Sweeping Beam+1"],"picked":"FTL+1","floor":24.0},{"not_picked":["Lockon+1","Stack+1"],"picked":"Recycle+1","floor":28},{"not_picked":["Rip and Tear+1","Loop","Scrape+1"],"picked":"SKIP","floor":29},{"not_picked":["Ball Lightning+1","Beam Cell+1"],"picked":"BootSequence+1","floor":30},{"not_picked":["Thunder Strike+1","Multi-Cast+1"],"picked":"Machine Learning","floor":33},{"not_picked":["Stack+1","Chaos+1"],"picked":"Loop+1","floor":35},{"not_picked":["Tempest+1","Sweeping Beam+1"],"picked":"Undo+1","floor":38},{"not_picked":["Hologram+1","Gash+1"],"picked":"Fission+1","floor":39},{"not_picked":["Barrage+1","Rebound+1"],"picked":"Blizzard+1","floor":41},{"not_picked":["Scrape+1","Static Discharge+1"],"picked":"Aggregate+1","floor":46},{"not_picked":["Melter+1","Auto Shields+1"],"picked":"Conserve Battery+1","floor":47}],"player_experience":207753,"relics_obtained":[{"floor":8.0,"key":"Molten Egg 2"},{"floor":9.0,"key":"Letter Opener"},{"floor":24.0,"key":"Pear"},{"floor":26,"key":"Darkstone Periapt"},{"floor":28,"key":"Sundial"},{"floor":30,"key":"Art of War"},{"floor":36,"key":"Girya"},{"floor":43,"key":"Happy Flower"}],"event_choices":[{"damage_healed":0.0,"max_hp_gain":0.0,"max_hp_loss":0.0,"gold_gain":75.0,"event_name":"World of Goop","player_choice":"Gather Gold","floor":4.0,"gold_loss":0.0,"damage_taken":11.0},{"damage_healed":0.0,"max_hp_gain":0.0,"max_hp_loss":0.0,"gold_gain":175.0,"event_name":"Liars Game","player_choice":"AGREE","floor":5.0,"gold_loss":0.0,"damage_taken":0.0,"cards_obtained":["Doubt"]},{"damage_healed":0.0,"max_hp_gain":0.0,"max_hp_loss":0.0,"gold_gain":0.0,"event_name":"Accursed Blacksmith","player_choice":"Forge","floor":7.0,"gold_loss":0.0,"damage_taken":0.0,"cards_upgraded":["Go for the Eyes"]},{"cards_removed":["Defend_B"],"damage_healed":0.0,"max_hp_gain":0.0,"max_hp_loss":0.0,"gold_gain":0.0,"event_name":"Golden Wing","player_choice":"Card Removal","floor":14.0,"gold_loss":0.0,"damage_taken":7.0},{"damage_healed":0.0,"max_hp_gain":0.0,"max_hp_loss":0.0,"gold_gain":0.0,"cards_transformed":["Strike_B","Defend_B"],"event_name":"Drug Dealer","player_choice":"Became Test Subject","floor":19.0,"gold_loss":0.0,"damage_taken":0.0,"cards_obtained":["Leap","Hello World"]},{"damage_healed":0.0,"max_hp_gain":0.0,"max_hp_loss":0.0,"gold_gain":0.0,"event_name":"The Woman in Blue","player_choice":"Bought 3 Potions","floor":21.0,"gold_loss":0.0,"damage_taken":0.0},{"damage_healed":0,"gold_gain":0,"player_choice":"Gave Potion","damage_taken":0,"relics_obtained":["Toxic Egg 2"],"max_hp_gain":0,"max_hp_loss":0,"event_name":"WeMeetAgain","floor":27,"gold_loss":0},{"damage_healed":0,"gold_gain":0,"player_choice":"Fight","damage_taken":0,"max_hp_gain":0,"max_hp_loss":0,"event_name":"MindBloom","floor":36,"gold_loss":0},{"damage_healed":0,"gold_gain":0,"player_choice":"Ignored","damage_taken":0,"max_hp_gain":0,"max_hp_loss":0,"event_name":"Tomb of Lord Red Mask","floor":37,"gold_loss":0},{"damage_healed":0,"gold_gain":75,"player_choice":"Touch","damage_taken":9,"max_hp_gain":0,"max_hp_loss":0,"event_name":"FaceTrader","floor":44,"gold_loss":0}],"is_beta":false,"boss_relics":[{"not_picked":["Runic Dome","White Beast Statue"],"picked":"Nuclear Battery"},{"not_picked":["Calling Bell","Pandora\u0027s Box"],"picked":"Philosopher\u0027s Stone"}],"items_purged_floors":[20],"is_endless":false,"potions_floor_spawned":[1,11,12,22,28,30,33,35,36,41],"ascension_level":8}