{"gold_per_floor":[114,33,45,61,236,236,236,236,260,271,300,373,396,408,420,432],"floor_reached":16,"playtime":799,"items_purged":[],"score":144,"play_id":"b23763f1-5e36-42d0-9440-0203edbf20c0","local_time":"20190221175915","is_ascension_mode":true,"campfire_choices":[{"floor":6.0,"key":"REST"},{"data":"Neutralize","floor":8.0,"key":"SMITH"},{"floor":15.0,"key":"REST"}],"neow_cost":"NONE","seed_source_timestamp":310902762820496,"circlet_count":0,"master_deck":["Defend_G","Defend_G+1","Defend_G","Defend_G","Defend_G","Strike_G","Strike_G","Strike_G","Strike_G","Strike_G","Survivor","Neutralize+1","Footwork","Infinite Blades","Poisoned Stab","Crippling Poison+1","Doubt","Leg Sweep","Bouncing Flask","Predator","Dodge and Roll"],"special_seed":0,"relics":["Snecko Eye","War Paint","Happy Flower","MawBank","Bag of Preparation"],"potions_floor_usage":[],"damage_taken":[{"damage":0.0,"enemies":"Cultist","floor":1.0,"turns":5.0},{"damage":7.0,"enemies":"2 Louse","floor":3.0,"turns":3.0},{"damage":12.0,"enemies":"Small Slimes","floor":4.0,"turns":4.0},{"damage":9.0,"enemies":"2 Fungi Beasts","floor":10.0,"turns":3.0},{"damage":7.0,"enemies":"3 Sentries","floor":11.0,"turns":6.0},{"damage":16.0,"enemies":"Gremlin Nob","floor":12.0,"turns":4.0},{"damage":16.0,"enemies":"Exordium Thugs","floor":13.0,"turns":3.0},{"damage":42,"enemies":"Slime Boss","floor":16,"turns":11}],"seed_played":"1171085443613252489","potions_obtained":[{"floor":4.0,"key":"Weak Potion"},{"floor":10.0,"key":"Explosive Potion"},{"floor":12.0,"key":"GamblersBrew"}],"is_trial":false,"path_per_floor":["M","$","M","M","?","R","?","R","T","M","E","?","M","?","R","B"],"character_chosen":"THE_SILENT","items_purchased":["Infinite Blades"],"campfire_rested":2,"item_purchase_floors":[2],"current_hp_per_floor":[70,70,63,51,51,70,70,70,70,61,54,38,22,22,43,1],"gold":432,"neow_bonus":"BOSS_RELIC","is_prod":false,"is_daily":false,"chose_seed":false,"campfire_upgraded":1,"win_rate":0,"timestamp":1550793555,"path_taken":["M","$","M","?","?","R","?","R","T","M","E","?","M","?","R","BOSS"],"build_version":"2019-01-23","purchased_purges":0,"victory":false,"max_hp_per_floor":[70,70,70,70,70,70,70,70,70,70,70,70,70,70,70,70],"card_choices":[{"not_picked":["Cloak And Dagger","Leg Sweep"],"picked":"Footwork","floor":1.0},{"not_picked":["Dodge and Roll","Masterful Stab"],"picked":"Poisoned Stab","floor":3.0},{"not_picked":["PiercingWail","Prepared"],"picked":"Crippling Poison","floor":4.0},{"not_picked":["Flying Knee","Skewer"],"picked":"Leg Sweep","floor":10.0},{"not_picked":["PiercingWail","Poisoned Stab"],"picked":"Bouncing Flask","floor":11.0},{"not_picked":["Outmaneuver","Eviscerate"],"picked":"Predator","floor":12.0},{"not_picked":["Dagger Spray","Deadly Poison"],"picked":"Dodge and Roll","floor":13.0}],"player_experience":505430,"relics_obtained":[{"floor":9.0,"key":"Happy Flower"},{"floor":11.0,"key":"MawBank"}],"event_choices":[{"damage_healed":0.0,"max_hp_gain":0.0,"max_hp_loss":0.0,"gold_gain":175.0,"event_name":"Liars Game","player_choice":"AGREE","floor":5.0,"gold_loss":0.0,"damage_taken":0.0,"cards_obtained":["Doubt"]},{"damage_healed":0.0,"max_hp_gain":0.0,"max_hp_loss":0.0,"gold_gain":0.0,"event_name":"Big Fish","player_choice":"Box","floor":7.0,"gold_loss":0.0,"damage_taken":0.0,"relics_obtained":["War Paint"],"cards_obtained":["Regret"]},{"damage_healed":0.0,"max_hp_gain":0.0,"max_hp_loss":0.0,"gold_gain":30.0,"event_name":"Dead Adventurer","player_choice":"Searched \u00273\u0027 times","floor":12.0,"gold_loss":0.0,"damage_taken":0.0,"relics_obtained":["Bag of Preparation"]},{"cards_removed":["Regret"],"damage_healed":0.0,"max_hp_gain":0.0,"max_hp_loss":0.0,"gold_gain":0.0,"event_name":"Purifier","player_choice":"Purged","floor":14.0,"gold_loss":0.0,"damage_taken":0.0}],"is_beta":false,"boss_relics":[],"items_purged_floors":[],"is_endless":false,"potions_floor_spawned":[4,10,12],"killed_by":"Slime Boss","ascension_level":3}