{"gold_per_floor":[110,110,125,135,149,175,175,185,185,460,460,53,64,64,64,165,165],"floor_reached":17,"playtime":632,"items_purged":["Regret"],"score":173,"play_id":"caad9464-04fb-48b0-a88f-3bdc4d43ead0","local_time":"20181019002637","is_ascension_mode":true,"campfire_choices":[{"data":"Demon Form","floor":7,"key":"SMITH"},{"data":"Whirlwind","floor":11,"key":"SMITH"},{"data":"Bash","floor":15,"key":"SMITH"}],"neow_cost":"NONE","seed_source_timestamp":549401112994240,"circlet_count":0,"master_deck":["Strike_R","Strike_R","Strike_R","Strike_R","Strike_R","Defend_R","Defend_R","Defend_R","Defend_R","Bash+1","Iron Wave","Whirlwind+1","Rage","Demon Form+1","Battle Trance","Parasite","Brutality","Burning Pact"],"relics":["Burning Blood","NeowsBlessing","Torii","Molten Egg 2","Sundial","Orrery"],"potions_floor_usage":[6,6,6],"damage_taken":[{"damage":0,"enemies":"Jaw Worm","floor":1,"turns":1},{"damage":0,"enemies":"Small Slimes","floor":3,"turns":1},{"damage":0,"enemies":"Cultist","floor":4,"turns":1},{"damage":20,"enemies":"3 Louse","floor":5,"turns":3},{"damage":29,"enemies":"3 Sentries","floor":6,"turns":6},{"damage":0,"enemies":"Lots of Slimes","floor":8,"turns":1},{"damage":9,"enemies":"Blue Slaver","floor":13,"turns":5},{"damage":43,"enemies":"Hexaghost","floor":16,"turns":8}],"seed_played":"-5449172430745080861","potions_obtained":[{"floor":3,"key":"Strength Potion"},{"floor":4,"key":"Ancient Potion"},{"floor":5,"key":"PowerPotion"},{"floor":8,"key":"Block Potion"}],"is_trial":false,"path_per_floor":["M","?","M","M","M","E","R","M","T","?","R","$","M","?","R","B"],"character_chosen":"IRONCLAD","items_purchased":["Sundial","Battle Trance"],"campfire_rested":0,"item_purchase_floors":[12,12],"current_hp_per_floor":[80,80,80,80,66,43,43,49,49,49,49,49,46,66,66,29,29],"gold":165,"neow_bonus":"THREE_ENEMY_KILL","is_prod":false,"is_daily":false,"chose_seed":false,"campfire_upgraded":3,"win_rate":0,"timestamp":1539926797,"path_taken":["M","?","?","M","M","E","R","M","T","?","R","?","M","?","R","BOSS"],"build_version":"2018-10-18","purchased_purges":1,"victory":false,"max_hp_per_floor":[80,80,80,80,80,80,80,80,80,80,80,80,80,80,80,80,80],"card_choices":[{"not_picked":["Armaments","Sentinel"],"picked":"Iron Wave","floor":1},{"not_picked":["Feel No Pain","Twin Strike"],"picked":"Whirlwind","floor":3},{"not_picked":["Thunderclap","Clothesline"],"picked":"Rage","floor":4},{"not_picked":["Thunderclap","Clothesline","Cleave"],"picked":"SKIP","floor":5},{"not_picked":["Armaments","Fire Breathing"],"picked":"Demon Form","floor":6},{"not_picked":["Wild Strike","Reckless Charge","Thunderclap"],"picked":"SKIP","floor":8},{"not_picked":["Reckless Charge+1","Anger+1","Dual Wield"],"picked":"SKIP","floor":13},{"not_picked":["Demon Form","Exhume"],"picked":"Brutality","floor":16},{"not_picked":["Evolve","Carnage+1"],"picked":"Burning Pact","floor":17}],"player_experience":118344,"relics_obtained":[{"floor":6,"key":"Torii"},{"floor":9,"key":"Molten Egg 2"}],"event_choices":[{"damage_healed":0,"gold_gain":0,"player_choice":"Ignored","damage_taken":0,"max_hp_gain":0,"max_hp_loss":0,"event_name":"Shining Light","floor":2,"gold_loss":0},{"damage_healed":0,"gold_gain":275,"player_choice":"Desecrate","damage_taken":0,"max_hp_gain":0,"max_hp_loss":0,"event_name":"Golden Shrine","floor":10,"gold_loss":0,"cards_obtained":["Regret"]},{"damage_healed":20,"gold_gain":0,"player_choice":"Healed and dodged fight","damage_taken":0,"max_hp_gain":0,"max_hp_loss":0,"event_name":"Mushrooms","floor":14,"gold_loss":0,"cards_obtained":["Parasite"]}],"is_beta":false,"boss_relics":[{"not_picked":["Tiny House","Cursed Key"],"picked":"Orrery"}],"items_purged_floors":[12],"is_endless":false,"potions_floor_spawned":[3,4,5,8],"ascension_level":2}