{"gold_per_floor":[14,14,37,37,37,58,58,76,76,76],"floor_reached":10,"playtime":231,"items_purged":[],"score":67,"play_id":"260bab8f-e0f4-4818-aeb4-36c1140bc770","local_time":"20190209175725","is_ascension_mode":true,"campfire_choices":[{"data":"Sword Boomerang","floor":7,"key":"SMITH"}],"neow_cost":"NO_GOLD","seed_source_timestamp":360217177736113,"circlet_count":0,"master_deck":["Strike_R","Strike_R","Strike_R","Strike_R","Strike_R","Defend_R","Defend_R","Bash","Shockwave","Metallicize","Iron Wave","Regret","Evolve","Sword Boomerang+1","Iron Wave"],"relics":["Burning Blood","Golden Idol","Kunai"],"potions_floor_usage":[8],"damage_taken":[{"damage":6,"enemies":"Cultist","floor":1,"turns":4},{"damage":0,"enemies":"Small Slimes","floor":3,"turns":3},{"damage":6,"enemies":"2 Louse","floor":6,"turns":3},{"damage":19,"enemies":"Exordium Wildlife","floor":8,"turns":3},{"damage":4,"enemies":"Exordium Thugs","floor":10,"turns":2}],"seed_played":"8923437532718506645","potions_obtained":[{"floor":1,"key":"Swift Potion"},{"floor":6,"key":"Explosive Potion"},{"floor":8,"key":"SteroidPotion"}],"is_trial":false,"path_per_floor":["M","?","M","?","?","M","R","M","T","M"],"character_chosen":"IRONCLAD","items_purchased":[],"campfire_rested":0,"item_purchase_floors":[],"current_hp_per_floor":[80,60,66,66,66,66,66,53,53,49],"gold":76,"neow_bonus":"TRANSFORM_TWO_CARDS","is_prod":false,"is_daily":false,"chose_seed":false,"campfire_upgraded":1,"win_rate":0,"timestamp":1549756645,"path_taken":["M","?","M","?","?","M","R","M","T","?"],"build_version":"2019-01-23","purchased_purges":0,"victory":false,"max_hp_per_floor":[80,80,80,80,80,80,80,80,80,80],"card_choices":[{"not_picked":["Clothesline","Shrug It Off"],"picked":"Metallicize","floor":1},{"not_picked":["Sentinel","Armaments"],"picked":"Iron Wave","floor":3},{"not_picked":["Exhume","Warcry"],"picked":"Sword Boomerang","floor":6},{"not_picked":["Uppercut","Disarm"],"picked":"Iron Wave","floor":8}],"player_experience":466812,"relics_obtained":[],"event_choices":[{"damage_healed":0,"gold_gain":0,"player_choice":"Take Damage","damage_taken":20,"relics_obtained":["Golden Idol"],"max_hp_gain":0,"max_hp_loss":0,"event_name":"Golden Idol","floor":2,"gold_loss":0},{"damage_healed":0,"gold_gain":0,"player_choice":"Box","damage_taken":0,"relics_obtained":["Kunai"],"max_hp_gain":0,"max_hp_loss":0,"event_name":"Big Fish","floor":4,"gold_loss":0,"cards_obtained":["Regret"]},{"damage_healed":0,"gold_gain":0,"cards_transformed":["Dark Embrace"],"player_choice":"Change","damage_taken":0,"max_hp_gain":0,"max_hp_loss":0,"event_name":"Living Wall","floor":5,"gold_loss":0,"cards_obtained":["Evolve"]}],"is_beta":false,"boss_relics":[],"items_purged_floors":[],"is_endless":false,"potions_floor_spawned":[1,6,8],"killed_by":"Exordium Thugs","ascension_level":3}