{"gold_per_floor":[11,11,11,11,31,31,62,72,125,136,154,107,135,153,153,258,258,270,270,286,297,307,307,41,69,69,81,81,100,10,20,20,124,124,138,138,63,63,82,0,0,31,31,31,31,44,44,57,57,57],"floor_reached":51,"playtime":2079,"items_purged":["Zap+1"],"score":759,"play_id":"3abcdc78-12b9-4e4a-822c-abbde316a98f","local_time":"20181122045823","is_ascension_mode":false,"campfire_choices":[{"data":"Chill","floor":6,"key":"SMITH"},{"floor":15,"key":"REST"},{"data":"Iron Wave","floor":23,"key":"SMITH"},{"data":"Zap","floor":32,"key":"SMITH"},{"data":"Defragment","floor":41,"key":"SMITH"},{"data":"Blizzard","floor":44,"key":"SMITH"},{"data":"Go for the Eyes","floor":49,"key":"SMITH"}],"neow_cost":"NO_GOLD","seed_source_timestamp":160436182355816,"circlet_count":0,"master_deck":["Chill+1","Tempest+1","Defragment+1","Gash","Conserve Battery","Blizzard+1","Buffer+1","Electrodynamics+1","BootSequence","Skim+1","Ball Lightning","Conserve Battery","Redo+1","Iron Wave+1","Coolheaded+1","Genetic Algorithm+1","Defragment+1","Reinforced Body","Gash","Self Repair+1","Conserve Battery","Redo+1","Flash of Steel","Panache+1","Coolheaded+1","Cold Snap+1","Go for the Eyes+1","Jack Of All Trades","Gash"],"relics":["Cracked Core","Thread and Needle","Potion Belt","Tiny Chest","Frozen Egg 2","Pandora\u0027s Box","Chemical X","Omamori","War Paint","Empty Cage","StoneCalendar","Red Mask","Ornamental Fan","Pantograph"],"potions_floor_usage":[7,16,16,25,31,33,50],"damage_taken":[{"damage":3,"enemies":"2 Louse","floor":1,"turns":2},{"damage":6,"enemies":"Small Slimes","floor":5,"turns":3},{"damage":23,"enemies":"Lagavulin","floor":7,"turns":6},{"damage":0,"enemies":"Cultist","floor":8,"turns":3},{"damage":4,"enemies":"Gremlin Gang","floor":10,"turns":4},{"damage":7,"enemies":"Blue Slaver","floor":11,"turns":3},{"damage":0,"enemies":"3 Sentries","floor":13,"turns":7},{"damage":0,"enemies":"3 Louse","floor":14,"turns":4},{"damage":5,"enemies":"Hexaghost","floor":16,"turns":9},{"damage":0,"enemies":"2 Thieves","floor":18,"turns":2},{"damage":0,"enemies":"Spheric Guardian","floor":20,"turns":5},{"damage":0,"enemies":"Chosen and Byrds","floor":21,"turns":4},{"damage":5,"enemies":"Centurion and Healer","floor":22,"turns":4},{"damage":3,"enemies":"Book of Stabbing","floor":25,"turns":7},{"damage":5,"enemies":"Snake Plant","floor":27,"turns":4},{"damage":5,"enemies":"Shelled Parasite and Fungi","floor":29,"turns":4},{"damage":0,"enemies":"Snecko","floor":31,"turns":5},{"damage":13,"enemies":"Collector","floor":33,"turns":10},{"damage":0,"enemies":"3 Darklings","floor":35,"turns":5},{"damage":0,"enemies":"Orb Walker","floor":39,"turns":3},{"damage":11,"enemies":"Giant Head","floor":42,"turns":9},{"damage":0,"enemies":"Transient","floor":46,"turns":5},{"damage":0,"enemies":"4 Shapes","floor":48,"turns":3},{"damage":65,"enemies":"Time Eater","floor":50,"turns":13}],"seed_played":"4190822005735517149","potions_obtained":[{"floor":5,"key":"FocusPotion"},{"floor":7,"key":"Explosive Potion"},{"floor":8,"key":"Poison Potion"},{"floor":11,"key":"Block Potion"},{"floor":14,"key":"PowerPotion"},{"floor":27,"key":"AttackPotion"},{"floor":29,"key":"Energy Potion"},{"floor":33,"key":"Block Potion"},{"floor":35,"key":"Explosive Potion"},{"floor":46,"key":"Explosive Potion"}],"is_trial":false,"path_per_floor":["M","$","?","?","M","R","E","M","T","M","M","?","E","M","R","B",null,"M","?","M","M","M","R","$","E","T","M","?","M","?","M","R","B",null,"M","?","$","T","M","?","R","E","T","R","$","M","?","M","R","B",null],"character_chosen":"DEFECT","items_purchased":["Chemical X","Defragment+1"],"campfire_rested":1,"item_purchase_floors":[24,24],"current_hp_per_floor":[72,72,72,72,66,66,43,43,43,39,32,32,32,32,54,49,75,75,75,75,75,70,70,70,67,67,62,56,51,51,61,61,48,75,75,70,70,70,70,70,70,69,69,69,69,75,75,75,75,20],"gold":57,"neow_bonus":"ONE_RARE_RELIC","is_prod":false,"is_daily":false,"chose_seed":false,"campfire_upgraded":6,"win_rate":0,"timestamp":1542859103,"path_taken":["M","$","?","?","M","R","E","?","T","?","M","?","E","M","R","BOSS","M","?","M","?","?","R","$","E","T","M","?","M","?","?","R","BOSS","M","?","$","?","M","?","R","E","T","R","?","M","?","M","R","BOSS"],"build_version":"2018-11-15","purchased_purges":1,"victory":true,"max_hp_per_floor":[75,75,75,75,75,75,75,75,75,75,75,75,75,75,75,75,75,75,75,75,75,75,75,75,75,75,75,75,75,75,75,75,75,75,75,75,75,75,75,75,75,75,75,75,75,75,75,75,75,75],"card_choices":[{"not_picked":["Redo","Fusion"],"picked":"Chill","floor":1},{"not_picked":["Steam","Redo"],"picked":"Tempest","floor":5},{"not_picked":["Compile Driver","Force Field"],"picked":"Defragment","floor":7},{"not_picked":["Turbo","Barrage"],"picked":"Gash","floor":8},{"not_picked":["Hologram","Stack"],"picked":"Double Energy","floor":10},{"not_picked":["Steam","Streamline"],"picked":"Conserve Battery","floor":11},{"not_picked":["Hologram","Go for the Eyes"],"picked":"Blizzard","floor":13},{"not_picked":["White Noise","Double Energy"],"picked":"Buffer+1","floor":14},{"not_picked":["Seek","Buffer+1"],"picked":"Electrodynamics+1","floor":16},{"not_picked":["Hologram","Compile Driver"],"picked":"Redo+1","floor":18},{"not_picked":["Auto Shields","Sweeping Beam"],"picked":"Coolheaded","floor":20},{"not_picked":["Compile Driver","Redo","Hologram"],"picked":"SKIP","floor":21},{"not_picked":["Static Discharge+1","Aggregate"],"picked":"Genetic Algorithm+1","floor":22},{"not_picked":["Rebound+1","Barrage"],"picked":"Reinforced Body","floor":25},{"not_picked":["Darkness+1","Barrage+1"],"picked":"Gash","floor":27},{"not_picked":["Auto Shields+1","Compile Driver"],"picked":"Self Repair+1","floor":29},{"not_picked":["Hello World+1","Auto Shields"],"picked":"Conserve Battery","floor":31},{"not_picked":["Coolheaded","Streamline+1"],"picked":"Redo+1","floor":35},{"not_picked":["Transmutation","Purity"],"picked":"Flash of Steel","floor":36},{"not_picked":["Deep Breath","Madness"],"picked":"Panache+1","floor":36},{"not_picked":["Leap","Conserve Battery"],"picked":"Coolheaded+1","floor":39},{"not_picked":["Melter","Double Energy"],"picked":"Cold Snap+1","floor":42},{"not_picked":["Auto Shields","Coolheaded"],"picked":"Go for the Eyes","floor":46},{"not_picked":["Undo","Stack+1"],"picked":"Gash","floor":48}],"player_experience":156846,"relics_obtained":[{"floor":7,"key":"Potion Belt"},{"floor":9,"key":"Tiny Chest"},{"floor":13,"key":"Frozen Egg 2"},{"floor":25,"key":"Omamori"},{"floor":26,"key":"War Paint"},{"floor":38,"key":"StoneCalendar"},{"floor":42,"key":"Ornamental Fan"},{"floor":43,"key":"Pantograph"}],"event_choices":[{"cards_removed":["Strike_B"],"damage_healed":0,"gold_gain":0,"player_choice":"Forget","damage_taken":0,"max_hp_gain":0,"max_hp_loss":0,"event_name":"Living Wall","floor":3,"gold_loss":0},{"cards_removed":["Defend_B"],"damage_healed":0,"gold_gain":0,"player_choice":"Offered Basic","damage_taken":0,"max_hp_gain":0,"max_hp_loss":0,"event_name":"Bonfire Elementals","floor":4,"gold_loss":0},{"damage_healed":0,"gold_gain":0,"player_choice":"Left Gold","damage_taken":0,"max_hp_gain":0,"max_hp_loss":0,"event_name":"World of Goop","floor":12,"gold_loss":47},{"cards_removed":["Steam"],"damage_healed":0,"gold_gain":0,"player_choice":"Took Card","damage_taken":0,"max_hp_gain":0,"max_hp_loss":0,"event_name":"NoteForYourself","floor":19,"gold_loss":0,"cards_obtained":["Iron Wave"]},{"damage_healed":0,"gold_gain":0,"player_choice":"Joined the Cult","damage_taken":6,"max_hp_gain":0,"max_hp_loss":0,"event_name":"Nest","floor":28,"gold_loss":0,"cards_obtained":["RitualDagger"]},{"cards_removed":["Barrage"],"damage_healed":0,"gold_gain":0,"player_choice":"Upgrade and Remove","damage_taken":0,"max_hp_gain":0,"max_hp_loss":0,"event_name":"Designer","floor":30,"gold_loss":90,"cards_upgraded":["Tempest"]},{"damage_healed":0,"gold_gain":0,"player_choice":"Memory 2","damage_taken":5,"max_hp_gain":0,"max_hp_loss":0,"event_name":"SensoryStone","floor":36,"gold_loss":0},{"damage_healed":0,"gold_gain":0,"player_choice":"Paid","damage_taken":0,"relics_obtained":["Red Mask"],"max_hp_gain":0,"max_hp_loss":0,"event_name":"Tomb of Lord Red Mask","floor":40,"gold_loss":82},{"damage_healed":0,"gold_gain":0,"cards_transformed":["RitualDagger"],"player_choice":"Transformed","damage_taken":0,"max_hp_gain":0,"max_hp_loss":0,"event_name":"Transmorgrifier","floor":47,"gold_loss":0,"cards_obtained":["Jack Of All Trades"]}],"is_beta":false,"boss_relics":[{"not_picked":["Runic Dome","Snecko Eye"],"picked":"Pandora\u0027s Box"},{"not_picked":["Fusion Hammer","Black Star"],"picked":"Empty Cage"}],"items_purged_floors":[37],"is_endless":false,"potions_floor_spawned":[5,7,8,11,14,27,29,33,35,46],"ascension_level":0}