{"path_per_floor":["M","?","$","?","M","E","M","M","T","?","R","E","$","?","R","B",null,"M"],"character_chosen":"DEFECT","items_purchased":["Go for the Eyes"],"gold_per_floor":[115,115,15,15,34,61,72,87,87,87,87,122,22,22,22,120,120,109,109],"floor_reached":19,"campfire_rested":2,"playtime":532,"item_purchase_floors":[3],"current_hp_per_floor":[65,58,58,58,56,39,36,36,36,29,51,49,49,34,56,45,68,49,0],"items_purged":["Strike_B","Strike_B"],"gold":109,"score":245,"play_id":"aaa9a143-15ee-4217-91ff-0300fe52aa37","local_time":"20180529050654","is_prod":false,"is_daily":false,"chose_seed":false,"is_ascension_mode":true,"campfire_upgraded":0,"win_rate":0,"timestamp":1527563214,"campfire_choices":[{"floor":11,"key":"REST"},{"floor":15,"key":"REST"}],"path_taken":["M","?","$","?","M","E","M","?","T","?","R","E","$","?","R","BOSS","M","?"],"build_version":"2018-05-27","seed_source_timestamp":92032834192547,"purchased_purges":2,"victory":false,"master_deck":["Defend_B","Defend_B","Defend_B+1","Defend_B","Zap+1","Dualcast","White Noise","Chaos","Go for the Eyes","BootSequence","BootSequence+1","Ball Lightning","Defragment","Hologram","Rainbow","White Noise"],"max_hp_per_floor":[75,75,75,75,75,75,75,75,75,75,75,75,75,75,75,75,75,75,75],"relics":["Cracked Core","Dream Catcher","Oddly Smooth Stone","Question Card","Vajra","Inserter"],"card_choices":[{"not_picked":["Steam","Rebound"],"picked":"Chaos","floor":1},{"not_picked":["Hello World","Steam","Sweeping Beam"],"picked":"SKIP","floor":5},{"not_picked":["Sweeping Beam","Heatsinks"],"picked":"BootSequence","floor":6},{"not_picked":["Steam","Rip and Tear"],"picked":"BootSequence","floor":7},{"not_picked":["Turbo","Streamline"],"picked":"Ball Lightning","floor":8},{"not_picked":["Darkness","Rebound","Steam"],"picked":"Defragment","floor":11},{"not_picked":["Stack","Steam","Biased Cognition"],"picked":"Hologram","floor":12},{"not_picked":["Hyperbeam","Biased Cognition","Reboot"],"picked":"Rainbow","floor":16},{"not_picked":["Sweeping Beam","Barrage+1","Coolheaded"],"picked":"White Noise","floor":18}],"player_experience":111396,"potions_floor_usage":[16,19],"damage_taken":[{"damage":3,"enemies":"Jaw Worm","floor":1,"turns":4},{"damage":2,"enemies":"2 Louse","floor":5,"turns":3},{"damage":17,"enemies":"Gremlin Nob","floor":6,"turns":4},{"damage":3,"enemies":"Small Slimes","floor":7,"turns":4},{"damage":0,"enemies":"Blue Slaver","floor":8,"turns":5},{"damage":2,"enemies":"3 Sentries","floor":12,"turns":5},{"damage":11,"enemies":"Hexaghost","floor":16,"turns":8},{"damage":19,"enemies":"2 Thieves","floor":18,"turns":4},{"damage":52,"enemies":"Masked Bandits","floor":19,"turns":3}],"relics_obtained":[{"floor":6,"key":"Dream Catcher"},{"floor":9,"key":"Oddly Smooth Stone"},{"floor":12,"key":"Vajra"}],"event_choices":[{"event_name":"Golden Wing","player_choice":"Card Removal","floor":2,"damage_taken":0},{"event_name":"Living Wall","player_choice":"Grow","floor":4,"damage_taken":0},{"event_name":"Scrap Ooze","player_choice":"success","floor":10,"damage_taken":7},{"event_name":"Shining Light","player_choice":"Entered Light","floor":14,"damage_taken":0},{"event_name":"Masked Bandits","player_choice":"Fought over 109 gold","floor":19,"damage_taken":0}],"boss_relics":[{"not_picked":["Runic Pyramid","Eternal Feather"],"picked":"Inserter"}],"items_purged_floors":[3,13],"potions_floor_spawned":[7,12,16],"seed_played":"-7173594160909923969","killed_by":"Masked Bandits","ascension_level":8,"potions_obtained":[{"floor":7,"key":"LiquidBronze"},{"floor":12,"key":"SteroidPotion"},{"floor":16,"key":"AttackPotion"}],"is_trial":false}