{"gold_per_floor":[19,19,19,19,19,19,44,44,67,67,32,32,45,77,77,174,174,192,192,210,210,226,226,236,236,236,236,248,248,248,248,248,353,353,363,323,333,333,348,381,381,393,393,393,26,26,26,36,36,36,36,36,36,64,64],"floor_reached":55,"playtime":2573,"items_purged":[],"score":903,"play_id":"601d1fe8-a2af-4a7b-b09f-74053b64fa5d","local_time":"20190227135231","is_ascension_mode":true,"campfire_choices":[{"floor":6.0,"key":"REST"},{"data":"Enlightenment","floor":8.0,"key":"SMITH"},{"data":"Trip","floor":10.0,"key":"SMITH"},{"data":"Self Repair","floor":12.0,"key":"SMITH"},{"floor":15.0,"key":"REST"},{"floor":23.0,"key":"REST"},{"data":"Creative AI","floor":25.0,"key":"SMITH"},{"data":"Electrodynamics","floor":27.0,"key":"SMITH"},{"floor":32.0,"key":"RECALL"},{"floor":41.0,"key":"REST"},{"data":"Thunder Strike","floor":44.0,"key":"SMITH"},{"data":"Storm","floor":49.0,"key":"SMITH"},{"data":"Leap","floor":52.0,"key":"SMITH"}],"neow_cost":"NO_GOLD","seed_source_timestamp":822518141592821,"circlet_count":0,"master_deck":["Strike_B+1","Defend_B","Defend_B","Defend_B","Zap+1","Enlightenment+1","Trip+1","Self Repair+1","Storm+1","Darkness","Ball Lightning","Electrodynamics+1","Cold Snap+1","Hello World+1","Seek+1","Glacier","Creative AI+1","Ball Lightning+1","Leap","Thunder Strike+1","Leap+1","Chill+1","Coolheaded+1","Storm+1","Static Discharge+1"],"special_seed":0,"relics":["Cracked Core","Omamori","Regal Pillow","Ancient Tea Set","Astrolabe","Mummified Hand","MutagenicStrength","Eternal Feather","Question Card","Singing Bowl","Runic Capacitor","Bronze Scales","Bottled Lightning"],"potions_floor_usage":[],"damage_taken":[{"damage":0.0,"enemies":"Small Slimes","floor":1.0,"turns":2.0},{"damage":2.0,"enemies":"Jaw Worm","floor":13.0,"turns":3.0},{"damage":45.0,"enemies":"3 Sentries","floor":14.0,"turns":8.0},{"damage":47.0,"enemies":"The Guardian","floor":16.0,"turns":11.0},{"damage":44.0,"enemies":"2 Thieves","floor":18.0,"turns":3.0},{"damage":6.0,"enemies":"Shell Parasite","floor":20.0,"turns":6.0},{"damage":7.0,"enemies":"Snecko","floor":22.0,"turns":4.0},{"damage":24.0,"enemies":"3 Cultists","floor":24.0,"turns":4.0},{"damage":0.0,"enemies":"Cultist and Chosen","floor":28.0,"turns":4.0},{"damage":16.0,"enemies":"Automaton","floor":33.0,"turns":8.0},{"damage":34.0,"enemies":"3 Darklings","floor":35.0,"turns":3.0},{"damage":0.0,"enemies":"Orb Walker","floor":37.0,"turns":3.0},{"damage":15.0,"enemies":"Transient","floor":39.0,"turns":5.0},{"damage":46.0,"enemies":"Nemesis","floor":40.0,"turns":7.0},{"damage":14.0,"enemies":"Maw","floor":42.0,"turns":6.0},{"damage":0.0,"enemies":"Reptomancer","floor":46.0,"turns":1.0},{"damage":19.0,"enemies":"Sphere and 2 Shapes","floor":48.0,"turns":4.0},{"damage":63.0,"enemies":"Awakened One","floor":50.0,"turns":5.0},{"damage":18.0,"enemies":"Shield and Spear","floor":54.0,"turns":3.0},{"damage":104,"enemies":"The Heart","floor":55,"turns":3}],"seed_played":"-1268786767637024018","potions_obtained":[{"floor":13.0,"key":"Dexterity Potion"},{"floor":16.0,"key":"Strength Potion"},{"floor":18.0,"key":"FocusPotion"},{"floor":33.0,"key":"Regen Potion"},{"floor":35.0,"key":"EssenceOfSteel"},{"floor":42.0,"key":"Block Potion"}],"is_trial":false,"path_per_floor":["M","$","?","?","$","R","T","R","T","R","$","R","M","E","R","B",null,"M","?","M","?","M","R","M","R","T","R","M","?","?","?","R","B",null,"M","?","M","?","M","E","R","M","T","R","$","E","?","M","R","B",null,"R","$","E","B"],"character_chosen":"DEFECT","items_purchased":["Storm","Runic Capacitor","Storm","SmokeBomb"],"campfire_rested":4,"item_purchase_floors":[11,45,45,45],"current_hp_per_floor":[68,68,61,46,46,68,68,68,68,68,68,68,75,40,75,38,66,32,18,22,22,25,64,50,50,50,50,60,60,80,80,80,74,79,45,45,55,55,65,29,80,76,76,80,80,80,80,71,80,17,64,79,79,63,0],"gold":64,"neow_bonus":"RANDOM_COLORLESS_2","is_prod":false,"is_daily":false,"chose_seed":false,"campfire_upgraded":8,"win_rate":0,"timestamp":1551297151,"path_taken":["M","$","?","?","$","R","?","R","T","R","?","R","M","E","R","BOSS","M","?","M","?","?","R","M","R","T","R","M","?","?","?","R","BOSS","M","?","?","?","M","E","R","M","T","R","$","E","?","M","R","BOSS","R","$","E","BOSS"],"build_version":"2019-01-23","purchased_purges":0,"victory":false,"max_hp_per_floor":[75,75,75,75,75,75,75,75,75,75,75,75,75,75,75,75,75,75,80,80,80,80,80,80,80,80,80,80,80,80,80,80,80,80,80,80,80,80,80,80,80,80,80,80,80,80,80,80,80,80,80,80,80,82,82],"card_choices":[{"not_picked":["Defragment","Scrape"],"picked":"Self Repair","floor":1.0},{"not_picked":["Compile Driver","Aggregate"],"picked":"Darkness","floor":13.0},{"not_picked":["Go for the Eyes","Compile Driver"],"picked":"Ball Lightning","floor":14.0},{"not_picked":["Reboot","Thunder Strike"],"picked":"Electrodynamics","floor":16.0},{"not_picked":["Stack","Streamline+1"],"picked":"Glacier","floor":18.0},{"not_picked":["Compile Driver+1","Hologram"],"picked":"Creative AI","floor":20.0},{"not_picked":["Turbo","Barrage"],"picked":"Ball Lightning+1","floor":22.0},{"not_picked":["Turbo+1","Barrage","Conserve Battery"],"picked":"SKIP","floor":24.0},{"not_picked":["Ball Lightning","Stack"],"picked":"Leap","floor":28.0},{"not_picked":["Machine Learning","Buffer"],"picked":"Thunder Strike","floor":33.0},{"not_picked":["Stack+1","Hologram+1"],"picked":"Leap","floor":35.0},{"not_picked":["Undo","Cold Snap"],"picked":"Chill+1","floor":37.0},{"not_picked":["Chaos","Sweeping Beam","Streamline"],"picked":"SKIP","floor":39.0},{"not_picked":["Turbo+1","Go for the Eyes"],"picked":"Coolheaded+1","floor":40.0},{"not_picked":["Rebound","Recycle","Steam","Gash"],"picked":"SKIP","floor":42.0},{"not_picked":["Sweeping Beam+1","Turbo+1","Darkness"],"picked":"Static Discharge+1","floor":48.0},{"not_picked":["BootSequence","Steam Power+1","Go for the Eyes","Genetic Algorithm"],"picked":"Singing Bowl","floor":54.0}],"player_experience":567223,"relics_obtained":[{"floor":7.0,"key":"Regal Pillow"},{"floor":14.0,"key":"Ancient Tea Set"},{"floor":26.0,"key":"Mummified Hand"},{"floor":40.0,"key":"Question Card"},{"floor":43.0,"key":"Singing Bowl"},{"floor":47.0,"key":"Bronze Scales"},{"floor":54.0,"key":"Bottled Lightning"}],"event_choices":[{"damage_healed":0.0,"max_hp_gain":0.0,"max_hp_loss":0.0,"gold_gain":0.0,"event_name":"Scrap Ooze","player_choice":"Success","floor":3.0,"gold_loss":0.0,"damage_taken":7.0,"relics_obtained":["Omamori"]},{"damage_healed":0.0,"max_hp_gain":0.0,"max_hp_loss":0.0,"gold_gain":0.0,"event_name":"Shining Light","player_choice":"Entered Light","floor":4.0,"gold_loss":0.0,"damage_taken":15.0,"cards_upgraded":["Zap","Strike_B"]},{"damage_healed":0.0,"max_hp_gain":5.0,"max_hp_loss":0.0,"gold_gain":0.0,"event_name":"Forgotten Altar","player_choice":"Shed Blood","floor":19.0,"gold_loss":0.0,"damage_taken":19.0},{"cards_removed":["Defend_B"],"damage_healed":0.0,"max_hp_gain":0.0,"max_hp_loss":0.0,"gold_gain":0.0,"event_name":"Purifier","player_choice":"Purged","floor":21.0,"gold_loss":0.0,"damage_taken":0.0},{"damage_healed":0.0,"max_hp_gain":0.0,"max_hp_loss":0.0,"gold_gain":0.0,"event_name":"Drug Dealer","player_choice":"Inject Mutagens","floor":29.0,"gold_loss":0.0,"damage_taken":0.0,"relics_obtained":["MutagenicStrength"]},{"damage_healed":26.0,"max_hp_gain":0.0,"max_hp_loss":0.0,"gold_gain":0.0,"event_name":"The Library","player_choice":"Heal","floor":30.0,"gold_loss":0.0,"damage_taken":0.0},{"damage_healed":0.0,"max_hp_gain":0.0,"max_hp_loss":0.0,"gold_gain":0.0,"event_name":"Ghosts","player_choice":"Ignored","floor":31.0,"gold_loss":0.0,"damage_taken":0.0},{"damage_healed":0.0,"max_hp_gain":0.0,"max_hp_loss":0.0,"gold_gain":0.0,"event_name":"Designer","player_choice":"Upgrade","floor":36.0,"gold_loss":40.0,"damage_taken":0.0,"cards_upgraded":["Storm"]},{"cards_removed":["Dualcast"],"damage_healed":0.0,"max_hp_gain":0.0,"max_hp_loss":0.0,"gold_gain":0.0,"event_name":"Falling","player_choice":"Removed Skill","floor":38.0,"gold_loss":0.0,"damage_taken":0.0},{"damage_healed":0.0,"max_hp_gain":0.0,"max_hp_loss":0.0,"gold_gain":0.0,"event_name":"Wheel of Change","player_choice":"Relic","floor":47.0,"gold_loss":0.0,"damage_taken":0.0}],"is_beta":false,"boss_relics":[{"not_picked":["Coffee Dripper","White Beast Statue"],"picked":"Astrolabe"},{"not_picked":["Velvet Choker","Empty Cage"],"picked":"Eternal Feather"}],"items_purged_floors":[],"is_endless":false,"potions_floor_spawned":[13,16,18,33,35,42],"killed_by":"The Heart","ascension_level":7}