{"path_per_floor":["M","$","?","?","M","R","M","R","T","M","M","$","M","M","R","B",null,"M","M"],"character_chosen":"THE_SILENT","items_purchased":["Footwork"],"gold_per_floor":[113,38,38,38,53,53,71,71,101,71,86,17,32,48,48,145,145,158,177],"floor_reached":20,"campfire_rested":1,"playtime":1089,"current_hp_per_floor":[68,68,68,68,59,70,70,70,70,70,57,57,63,63,63,25,70,26,3],"items_purged":["Strike_G"],"gold":177,"score":166,"play_id":"8e844a3c-dd7c-4e5d-b484-92d7093d8255","is_prod":false,"is_daily":false,"is_ascension_mode":false,"campfire_upgraded":2,"path_taken":["M","$","?","?","M","R","M","R","T","?","M","$","M","M","R","BOSS","M","M","M"],"build_version":"2018-02-08-PROD1","purchased_purges":1,"victory":false,"master_deck":["Defend_G","Defend_G","Defend_G","Defend_G","Defend_G","Strike_G","Strike_G","Strike_G","Strike_G","Survivor","Neutralize","Phantasmal Killer","Infinite Blades+1","Prepared","Prepared","Cloak And Dagger","Footwork","Envenom+1","Cloak And Dagger","Storm of Steel","Prepared","Footwork"],"max_hp_per_floor":[70,70,70,70,70,70,70,70,70,70,70,70,70,70,70,70,70,70,70],"relics":["Ring of the Snake","Tiny Chest","Runic Pyramid"],"card_choices":[{"not_picked":["Sucker Punch","Backflip"],"picked":"Infinite Blades"},{"not_picked":["Backflip","Sucker Punch"],"picked":"Prepared"},{"not_picked":["Finisher","Deflect"],"picked":"Prepared"},{"not_picked":["Bane","Finisher"],"picked":"Cloak And Dagger"},{"not_picked":["Poisoned Stab","Calculated Gamble"],"picked":"Envenom"},{"not_picked":["Backflip","Underhanded Strike"],"picked":"Cloak And Dagger"},{"not_picked":["Burst","Glass Knife"],"picked":"Storm of Steel"},{"not_picked":["Deflect","Dodge and Roll"],"picked":"Prepared"},{"not_picked":["PiercingWail","Prepared"],"picked":"Footwork"}],"player_experience":75177,"potions_floor_usage":[11,13,16,16,19,20],"damage_taken":[{"damage":2,"enemies":"2 Louse","floor":1,"turns":5},{"damage":9,"enemies":"Jaw Worm","floor":5,"turns":4},{"damage":0,"enemies":"Small Slimes","floor":7,"turns":4},{"damage":0,"enemies":"Looter","floor":10,"turns":4},{"damage":13,"enemies":"Exordium Thugs","floor":11,"turns":7},{"damage":9,"enemies":"Large Slime","floor":13,"turns":7},{"damage":0,"enemies":"3 Louse","floor":14,"turns":6},{"damage":38,"enemies":"Hexaghost","floor":16,"turns":11},{"damage":44,"enemies":"Chosen","floor":18,"turns":9},{"damage":38,"enemies":"Spheric Guardian","floor":19,"turns":14},{"damage":7,"enemies":"Cultist and Chosen","floor":20,"turns":4}],"event_choices":[{"event_name":"Liars Game","player_choice":"disagreed","floor":3,"damage_taken":0},{"event_name":"The Cleric","player_choice":"Leave","floor":4,"damage_taken":0}],"boss_relics":[{"not_picked":["Tiny House","Question Card"],"picked":"Runic Pyramid"}],"potions_floor_spawned":[1,7,11,13,18,19],"seed_played":"7661024105795666131","killed_by":"Cultist and Chosen","ascension_level":0,"is_trial":false}