{"gold_per_floor":[115,75,92,112,112,112,67,67,90,118,118,136,136,156,156,258,258,272,237,112,112],"floor_reached":21,"playtime":6366,"items_purged":["Defend_B"],"score":197,"play_id":"0e115e72-5325-4b21-9db3-1279e032e301","local_time":"20190411212524","is_ascension_mode":true,"campfire_choices":[{"data":"Lockon","floor":6.0,"key":"SMITH"},{"data":"Dualcast","floor":8.0,"key":"SMITH"},{"data":"Coolheaded","floor":11.0,"key":"SMITH"},{"data":"Loop","floor":15.0,"key":"SMITH"}],"neow_cost":"NONE","seed_source_timestamp":0,"circlet_count":0,"master_deck":["Strike_B","Strike_B","Strike_B","Strike_B","Defend_B","Defend_B","Defend_B","Zap+1","Dualcast+1","Lockon+1","Conserve Battery","Leap","Cold Snap","Coolheaded+1","Conserve Battery","Loop+1","Coolheaded","Coolheaded","Redo"],"special_seed":0,"relics":["Cracked Core","NeowsBlessing","Vajra","Sundial","Busted Crown"],"potions_floor_usage":[],"damage_taken":[{"damage":0.0,"enemies":"2 Louse","floor":1.0,"turns":1.0},{"damage":0.0,"enemies":"Cultist","floor":3.0,"turns":1.0},{"damage":0.0,"enemies":"Small Slimes","floor":4.0,"turns":1.0},{"damage":2.0,"enemies":"Lagavulin","floor":10.0,"turns":7.0},{"damage":7.0,"enemies":"2 Fungi Beasts","floor":12.0,"turns":3.0},{"damage":13.0,"enemies":"Lots of Slimes","floor":14.0,"turns":5.0},{"damage":35.0,"enemies":"The Guardian","floor":16.0,"turns":12.0},{"damage":15,"enemies":"3 Byrds","floor":18,"turns":6},{"damage":22,"enemies":"2 Thieves","floor":19,"turns":5},{"damage":17,"enemies":"Shelled Parasite and Fungi","floor":21,"turns":6}],"seed_played":"-6696143136104359457","potions_obtained":[{"floor":2.0,"key":"AttackPotion"},{"floor":2.0,"key":"Ancient Potion"},{"floor":2.0,"key":"SneckoOil"},{"floor":3.0,"key":"Regen Potion"},{"floor":12.0,"key":"Weak Potion"},{"floor":18,"key":"SkillPotion"}],"is_trial":false,"path_per_floor":["M","?","M","M","?","R","$","R","T","E","R","M","?","M","R","B",null,"M","M","$","M"],"character_chosen":"DEFECT","items_purchased":["Cold Snap","Redo"],"campfire_rested":0,"item_purchase_floors":[7,20],"current_hp_per_floor":[75,75,75,75,75,75,75,75,75,73,73,66,75,62,62,27,75,60,38,38,21],"gold":112,"neow_bonus":"THREE_ENEMY_KILL","is_prod":false,"is_daily":false,"chose_seed":false,"campfire_upgraded":4,"win_rate":0,"timestamp":1555032324,"path_taken":["M","?","M","?","?","R","$","R","T","E","R","M","?","?","R","BOSS","M","M","?","M"],"build_version":"2019-01-23","purchased_purges":1,"victory":false,"max_hp_per_floor":[75,75,75,75,75,75,75,75,75,75,75,75,75,75,75,75,75,75,75,75,75],"card_choices":[{"not_picked":["Gash","Turbo"],"picked":"Lockon","floor":1.0},{"not_picked":["Streamline","Hello World"],"picked":"Conserve Battery","floor":3.0},{"not_picked":["Beam Cell","Darkness"],"picked":"Leap","floor":4.0},{"not_picked":["Melter","Multi-Cast"],"picked":"Coolheaded","floor":10.0},{"not_picked":["Darkness","Rebound"],"picked":"Conserve Battery","floor":12.0},{"not_picked":["Sweeping Beam","Chill"],"picked":"Loop","floor":14.0},{"not_picked":[],"picked":"Coolheaded","floor":18},{"not_picked":[],"picked":"Coolheaded","floor":19}],"player_experience":121926,"relics_obtained":[{"floor":9.0,"key":"Vajra"},{"floor":10.0,"key":"Sundial"}],"event_choices":[{"damage_healed":0.0,"max_hp_gain":0.0,"max_hp_loss":0.0,"gold_gain":0.0,"event_name":"The Woman in Blue","player_choice":"Bought 3 Potions","floor":2.0,"gold_loss":0.0,"damage_taken":0.0},{"damage_healed":0.0,"max_hp_gain":0.0,"max_hp_loss":0.0,"gold_gain":0.0,"event_name":"Living Wall","player_choice":"Grow","floor":5.0,"gold_loss":0.0,"damage_taken":0.0,"cards_upgraded":["Zap"]},{"damage_healed":9.0,"max_hp_gain":0.0,"max_hp_loss":0.0,"gold_gain":0.0,"event_name":"Wheel of Change","player_choice":"Full Heal","floor":13.0,"gold_loss":0.0,"damage_taken":0.0}],"is_beta":false,"boss_relics":[{"not_picked":["Eternal Feather","Runic Dome"],"picked":"Busted Crown"}],"items_purged_floors":[20],"is_endless":false,"potions_floor_spawned":[3,12,14,18],"killed_by":"Shelled Parasite and Fungi","ascension_level":2}