{"gold_per_floor":[109,69,81,101,101,132,57,88,88,88,116,149,160,160],"floor_reached":14,"playtime":673,"items_purged":["Strike_B"],"score":151,"play_id":"502f50c3-f918-4420-8caa-96147d4496e0","local_time":"20180709014117","is_ascension_mode":true,"campfire_choices":[{"data":"Dualcast","floor":10,"key":"SMITH"}],"neow_cost":"NONE","seed_source_timestamp":22914901603279,"circlet_count":0,"master_deck":["Strike_B","Strike_B","Defend_B","Defend_B+1","Defend_B","Defend_B","Zap+1","Dualcast+1","Go for the Eyes","BootSequence","Conserve Battery","Leap","Sweeping Beam","Glacier","Creative AI","Coolheaded"],"relics":["Busted Crown","Kunai","War Paint","The Courier","Odd Mushroom","Omamori"],"potions_floor_usage":[14,14],"damage_taken":[{"damage":0,"enemies":"Small Slimes","floor":1,"turns":3},{"damage":6,"enemies":"2 Louse","floor":3,"turns":3},{"damage":0,"enemies":"Jaw Worm","floor":4,"turns":4},{"damage":10,"enemies":"Lagavulin","floor":6,"turns":10},{"damage":23,"enemies":"3 Sentries","floor":8,"turns":9},{"damage":0,"floor":11,"turns":6},{"damage":8,"enemies":"Lagavulin","floor":12,"turns":10},{"damage":0,"enemies":"Large Slime","floor":13,"turns":6},{"damage":16,"enemies":"Gremlin Nob","floor":14,"turns":2}],"seed_played":"-8662923493837925797","potions_obtained":[{"floor":4,"key":"FocusPotion"},{"floor":12,"key":"Dexterity Potion"},{"floor":13,"key":"LiquidBronze"}],"is_trial":false,"path_per_floor":["M","$","M","M","?","E","$","E","T","R","?","E","M"],"character_chosen":"DEFECT","items_purchased":["BootSequence"],"campfire_rested":0,"item_purchase_floors":[2],"current_hp_per_floor":[68,68,62,62,55,45,45,22,22,22,22,14,14,0],"gold":160,"neow_bonus":"BOSS_RELIC","is_prod":false,"is_daily":false,"chose_seed":false,"campfire_upgraded":1,"win_rate":0,"timestamp":1531125677,"path_taken":["M","$","M","M","?","E","$","E","T","R","?","E","M","E"],"build_version":"2018-07-05","purchased_purges":1,"victory":false,"max_hp_per_floor":[75,75,75,75,75,75,75,75,75,75,75,75,75,75],"card_choices":[{"not_picked":[],"picked":"Go for the Eyes","floor":1},{"not_picked":[],"picked":"Conserve Battery","floor":3},{"not_picked":[],"picked":"Leap","floor":4},{"not_picked":[],"picked":"Sweeping Beam","floor":6},{"not_picked":[],"picked":"Glacier","floor":8},{"not_picked":[],"picked":"Creative AI","floor":12},{"not_picked":[],"picked":"Coolheaded","floor":13}],"player_experience":277834,"relics_obtained":[{"floor":6,"key":"Kunai"},{"floor":8,"key":"War Paint"},{"floor":9,"key":"The Courier"},{"floor":11,"key":"Odd Mushroom"},{"floor":12,"key":"Omamori"}],"event_choices":[{"event_name":"Golden Wing","player_choice":"Card Removal","floor":5,"damage_taken":0},{"event_name":"Mushrooms","player_choice":"Fought Mushrooms","floor":11,"damage_taken":0}],"boss_relics":[],"items_purged_floors":[7],"is_endless":false,"potions_floor_spawned":[4,12,13],"killed_by":"Gremlin Nob","ascension_level":8}