{"path_per_floor":["M","M","M","?","M","R","E","?","T","?","M","R","E","?","R","B",null,"M","?","?","?","M","R","E","M","T","$","R"],"character_chosen":"IRONCLAD","items_purchased":["Weak Potion"],"gold_per_floor":[18,29,40,40,53,53,86,86,86,86,96,96,129,129,129,231,231,221,221,136,61,74,74,106,123,123,73,73],"floor_reached":29,"campfire_rested":3,"playtime":1443,"current_hp_per_floor":[80,78,76,76,67,80,44,44,44,49,44,69,61,43,68,24,85,80,80,80,80,85,85,55,40,50,50,50],"items_purged":[],"gold":73,"score":276,"play_id":"b4076c0c-91a5-46e3-876b-87b265ebf61b","is_prod":false,"is_daily":false,"is_ascension_mode":false,"campfire_upgraded":0,"path_taken":["M","?","M","?","M","R","E","?","T","?","M","R","E","?","R","BOSS","M","?","?","?","M","R","E","M","T","?","R","M"],"build_version":"2018-02-22-PROD2","purchased_purges":0,"victory":false,"master_deck":["Defend_R","Defend_R","Defend_R","Defend_R","Flex","Clash","Rampage+1","Headbutt","Barricade","Anger+1","Flame Barrier+1","Uppercut+1","Iron Wave+1","Clash","Flex+1"],"max_hp_per_floor":[80,80,80,80,80,80,80,80,80,85,85,85,85,85,85,85,85,85,85,85,85,85,85,85,85,95,95,95],"relics":["Burning Blood","Juzu Bracelet","Torii","Kunai","Prayer Wheel","Astrolabe","Shovel","Gremlin Horn","Bottled Tornado","Pear","Ancient Tea Set"],"card_choices":[{"not_picked":["Armaments","True Grit"],"picked":"Flex"},{"not_picked":["Anger","Headbutt"],"picked":"Clash"},{"not_picked":["Feed","Ghostly Armor"],"picked":"Rampage"},{"not_picked":["Power Through","Clothesline"],"picked":"Headbutt"},{"not_picked":["Fiend Fire","Reaper"],"picked":"Barricade"},{"not_picked":["Flex","Rage"],"picked":"Iron Wave"},{"not_picked":["Cleave","Burning Pact"],"picked":"Clash"},{"not_picked":["Pommel Strike","Clothesline"],"picked":"Flex"}],"player_experience":26098,"potions_floor_usage":[7,13,13,25,29,29],"damage_taken":[{"damage":5,"enemies":"Cultist","floor":1,"turns":4},{"damage":8,"enemies":"Jaw Worm","floor":2,"turns":4},{"damage":8,"enemies":"Small Slimes","floor":3,"turns":4},{"damage":15,"enemies":"Looter","floor":5,"turns":4},{"damage":42,"enemies":"Gremlin Nob","floor":7,"turns":5},{"damage":11,"enemies":"Exordium Wildlife","floor":11,"turns":5},{"damage":26,"enemies":"Lagavulin","floor":13,"turns":5},{"damage":50,"enemies":"Slime Boss","floor":16,"turns":10},{"damage":11,"enemies":"2 Thieves","floor":18,"turns":4},{"damage":0,"enemies":"Chosen","floor":22,"turns":5},{"damage":36,"enemies":"Gremlin Leader","floor":24,"turns":7},{"damage":21,"enemies":"Snake Plant","floor":25,"turns":5},{"damage":50,"enemies":"Cultist and Chosen","floor":29,"turns":5}],"event_choices":[{"event_name":"Accursed Blacksmith","player_choice":"Ignore","floor":4,"damage_taken":0},{"event_name":"Living Wall","player_choice":"Grow","floor":8,"damage_taken":0},{"event_name":"Big Fish","player_choice":"Donut","floor":10,"damage_taken":0},{"event_name":"Scrap Ooze","player_choice":"success","floor":14,"damage_taken":18},{"event_name":"Vampires","player_choice":"Ignored","floor":19,"damage_taken":0},{"event_name":"Addict","player_choice":"Obtained Relic","floor":20,"damage_taken":0},{"event_name":"Beggar","player_choice":"Gave Gold","floor":21,"damage_taken":0}],"boss_relics":[{"not_picked":["Runic Pyramid","Question Card"],"picked":"Astrolabe"}],"potions_floor_spawned":[5,7,11,18,24],"seed_played":"-3766141352907607150","killed_by":"Cultist and Chosen","ascension_level":0,"is_trial":false}