{"gold_per_floor":[116,116,116,137,137,137,160,204,204,46,46],"floor_reached":11,"playtime":323,"items_purged":[],"score":231,"play_id":"791864e5-30fe-4dfd-8240-4be12d9f6120","local_time":"20190321080908","is_ascension_mode":true,"campfire_choices":[{"floor":6,"key":"REST"}],"neow_cost":"NONE","seed_source_timestamp":39730029698211,"circlet_count":0,"master_deck":["AscendersBane","Strike_B","Strike_B","Strike_B","Strike_B","Defend_B","Defend_B","Defend_B","Defend_B","Zap","Dualcast","Injury","Parasite","Rebound","Injury","Coolheaded","Regret"],"relics":["Calling Bell","Ancient Tea Set","Frozen Egg 2","Incense Burner","Golden Idol","Singing Bowl","Orichalcum","Sundial","DataDisk"],"potions_floor_usage":[8,8],"damage_taken":[{"damage":6,"enemies":"2 Louse","floor":1,"turns":3},{"damage":6,"enemies":"Small Slimes","floor":4,"turns":4},{"damage":8,"enemies":"Jaw Worm","floor":7,"turns":4},{"damage":57,"enemies":"Lagavulin","floor":8,"turns":9},{"damage":0,"enemies":"Exordium Wildlife","floor":11,"turns":2}],"seed_played":"3921356037970499106","potions_obtained":[{"floor":1,"key":"PowerPotion"},{"floor":7,"key":"Fire Potion"}],"is_trial":false,"path_per_floor":["M","?","?","M","?","R","M","E","T","$","M"],"character_chosen":"DEFECT","items_purchased":["DataDisk"],"campfire_rested":1,"item_purchase_floors":[10],"current_hp_per_floor":[58,58,51,45,45,66,60,5,5,5,5],"gold":46,"neow_bonus":"BOSS_RELIC","is_prod":false,"is_daily":false,"chose_seed":false,"campfire_upgraded":0,"win_rate":0,"timestamp":1553173748,"path_taken":["M","?","?","?","?","R","M","E","T","?","?"],"build_version":"2019-01-23","purchased_purges":0,"victory":false,"max_hp_per_floor":[71,71,71,71,71,71,73,75,75,75,75],"card_choices":[{"not_picked":["Storm+1","Ball Lightning"],"picked":"Rebound","floor":1},{"not_picked":["Loop+1","Heatsinks+1"],"picked":"Coolheaded","floor":4},{"not_picked":["Streamline","Turbo","Machine Learning+1"],"picked":"Singing Bowl","floor":7},{"not_picked":["Stack","Hologram","Aggregate"],"picked":"Singing Bowl","floor":8}],"player_experience":764601,"relics_obtained":[{"floor":0,"key":"Ancient Tea Set"},{"floor":0,"key":"Frozen Egg 2"},{"floor":0,"key":"Incense Burner"},{"floor":8,"key":"Orichalcum"},{"floor":9,"key":"Sundial"}],"event_choices":[{"damage_healed":0,"gold_gain":0,"player_choice":"Take Wound","damage_taken":0,"relics_obtained":["Golden Idol"],"max_hp_gain":0,"max_hp_loss":0,"event_name":"Golden Idol","floor":2,"gold_loss":0,"cards_obtained":["Injury"]},{"cards_removed":["Shame"],"damage_healed":0,"gold_gain":0,"player_choice":"Card Removal","damage_taken":7,"max_hp_gain":0,"max_hp_loss":0,"event_name":"Golden Wing","floor":3,"gold_loss":0},{"damage_healed":0,"gold_gain":0,"player_choice":"Box","damage_taken":0,"relics_obtained":["Singing Bowl"],"max_hp_gain":0,"max_hp_loss":0,"event_name":"Big Fish","floor":5,"gold_loss":0,"cards_obtained":["Regret"]}],"is_beta":false,"boss_relics":[],"items_purged_floors":[],"is_endless":false,"potions_floor_spawned":[1,7],"killed_by":"Exordium Wildlife","ascension_level":17}