{"gold_per_floor":[119,119,135,135,146,171,171,197,224,224,244,244],"floor_reached":12,"playtime":568,"items_purged":[],"score":97,"play_id":"45a3f44c-61aa-40d6-a2e8-a7167f6698fa","local_time":"20180712001918","is_ascension_mode":true,"campfire_choices":[],"neow_cost":"NONE","seed_source_timestamp":862407912685468,"circlet_count":0,"master_deck":["Defend_G","Defend_G","Defend_G","Defend_G","Strike_G+1","Strike_G","Strike_G","Strike_G+1","Survivor","Neutralize","Dagger Throw","Quick Slash","PiercingWail","Escape Plan","Flying Knee","Flechettes","Infinite Blades"],"relics":["Black Star","Regal Pillow","Bronze Scales","Anchor","Pen Nib","Singing Bowl"],"potions_floor_usage":[6,8],"damage_taken":[{"damage":0,"enemies":"Small Slimes","floor":1,"turns":4},{"damage":0,"enemies":"2 Louse","floor":3,"turns":4},{"damage":2,"enemies":"Cultist","floor":5,"turns":5},{"damage":31,"enemies":"Lagavulin","floor":6,"turns":10},{"damage":18,"enemies":"3 Sentries","floor":8,"turns":10},{"damage":5,"enemies":"2 Fungi Beasts","floor":11,"turns":3},{"damage":26,"enemies":"Lagavulin","floor":12,"turns":5}],"seed_played":"-5757630529372710779","potions_obtained":[{"floor":3,"key":"AttackPotion"},{"floor":6,"key":"Fire Potion"},{"floor":8,"key":"SpeedPotion"}],"is_trial":false,"path_per_floor":["M","?","M","?","M","E","?","E","T","?","M"],"character_chosen":"THE_SILENT","items_purchased":[],"campfire_rested":0,"item_purchase_floors":[],"current_hp_per_floor":[70,63,63,49,47,16,39,21,21,21,16,0],"gold":244,"neow_bonus":"BOSS_RELIC","is_prod":false,"is_daily":false,"chose_seed":false,"campfire_upgraded":0,"win_rate":0,"timestamp":1531376358,"path_taken":["M","?","?","?","M","E","?","E","T","?","?","E"],"build_version":"2018-07-05","purchased_purges":0,"victory":false,"max_hp_per_floor":[70,70,70,70,70,70,70,70,70,70,70,70],"card_choices":[{"not_picked":["Deadly Poison","PiercingWail"],"picked":"Dagger Throw","floor":1},{"not_picked":["Dagger Spray","Masterful Stab"],"picked":"Quick Slash","floor":3},{"not_picked":["Bane","Cloak And Dagger"],"picked":"PiercingWail","floor":5},{"not_picked":["Doppelganger","Underhanded Strike"],"picked":"Escape Plan","floor":6},{"not_picked":["Envenom","Outmaneuver"],"picked":"Flying Knee","floor":8},{"not_picked":["Poisoned Stab","Bullet Time"],"picked":"Infinite Blades","floor":11}],"player_experience":92861,"relics_obtained":[{"floor":6,"key":"Regal Pillow"},{"floor":6,"key":"Bronze Scales"},{"floor":8,"key":"Anchor"},{"floor":8,"key":"Pen Nib"},{"floor":9,"key":"Singing Bowl"}],"event_choices":[{"event_name":"Golden Wing","player_choice":"Card Removal","floor":2,"damage_taken":0},{"event_name":"Shining Light","player_choice":"Entered Light","floor":4,"damage_taken":0},{"event_name":"Big Fish","player_choice":"Banana","floor":7,"damage_taken":0},{"event_name":"Living Wall","player_choice":"Change","floor":10,"damage_taken":0}],"boss_relics":[],"items_purged_floors":[],"is_endless":false,"potions_floor_spawned":[3,6,8],"killed_by":"Lagavulin","ascension_level":2}