{"gold_per_floor":[112,112,125,125,144,169,169,198,198,198,198,53,53,72,72,72],"floor_reached":16,"playtime":13266,"items_purged":["Strike_G"],"score":130,"play_id":"601839ca-fc39-47f6-8dea-19d291806f8e","local_time":"20190206042346","is_ascension_mode":true,"campfire_choices":[{"floor":7,"key":"REST"},{"data":"Crippling Poison","floor":11,"key":"SMITH"},{"data":"Crippling Poison","floor":13,"key":"SMITH"},{"data":"Neutralize","floor":15,"key":"SMITH"}],"neow_cost":"NONE","seed_source_timestamp":1229956626573721,"circlet_count":0,"master_deck":["Defend_G","Defend_G","Defend_G","Defend_G","Defend_G","Strike_G","Strike_G","Strike_G","Survivor","Neutralize+1","Crippling Poison+1","Blur","Crippling Poison+1","Deadly Poison","Slice+1","Caltrops+1","Footwork+1"],"relics":["Ring of the Snake","Frozen Egg 2","Molten Egg 2","Juzu Bracelet","Matryoshka"],"potions_floor_usage":[6,16],"damage_taken":[{"damage":2,"enemies":"Small Slimes","floor":1,"turns":4},{"damage":3,"enemies":"2 Louse","floor":3,"turns":4},{"damage":0,"enemies":"Cultist","floor":5,"turns":4},{"damage":34,"enemies":"3 Sentries","floor":6,"turns":14},{"damage":30,"enemies":"Lagavulin","floor":8,"turns":7},{"damage":0,"enemies":"3 Louse","floor":14,"turns":2},{"damage":36,"enemies":"Slime Boss","floor":16,"turns":8}],"seed_played":"6005484973572497795","potions_obtained":[{"floor":1,"key":"PowerPotion"},{"floor":4,"key":"FairyPotion"},{"floor":4,"key":"FearPotion"},{"floor":8,"key":"GamblersBrew"}],"is_trial":false,"path_per_floor":["M","?","M","?","M","E","R","E","T","?","R","$","R","M","R","B"],"character_chosen":"THE_SILENT","items_purchased":["Caltrops+1"],"campfire_rested":1,"item_purchase_floors":[12],"current_hp_per_floor":[75,72,69,69,69,35,58,28,28,28,28,28,28,28,28,0],"gold":72,"neow_bonus":"TEN_PERCENT_HP_BONUS","is_prod":false,"is_daily":false,"chose_seed":false,"campfire_upgraded":3,"win_rate":0,"timestamp":1549423426,"path_taken":["M","?","M","?","?","E","R","E","T","?","R","?","R","M","R","BOSS"],"build_version":"2019-01-23","purchased_purges":1,"victory":false,"max_hp_per_floor":[77,77,77,77,77,77,77,77,77,77,77,77,77,77,77,77],"card_choices":[{"not_picked":["Finisher","Flying Knee"],"picked":"Crippling Poison","floor":1},{"not_picked":["Setup","Predator"],"picked":"Blur","floor":3},{"not_picked":["Quick Slash","Blur"],"picked":"Crippling Poison","floor":5},{"not_picked":["Cloak And Dagger","Dodge and Roll"],"picked":"Deadly Poison","floor":6},{"not_picked":["Unload+1","Eviscerate+1"],"picked":"Slice+1","floor":8},{"not_picked":["Blade Dance","Bane+1"],"picked":"Footwork+1","floor":14}],"player_experience":214609,"relics_obtained":[{"floor":6,"key":"Molten Egg 2"},{"floor":8,"key":"Juzu Bracelet"},{"floor":9,"key":"Matryoshka"}],"event_choices":[{"damage_healed":0,"gold_gain":0,"player_choice":"Success","damage_taken":3,"relics_obtained":["Frozen Egg 2"],"max_hp_gain":0,"max_hp_loss":0,"event_name":"Scrap Ooze","floor":2,"gold_loss":0},{"damage_healed":0,"gold_gain":0,"player_choice":"Got Potions","damage_taken":0,"max_hp_gain":0,"max_hp_loss":0,"event_name":"Lab","floor":4,"gold_loss":0},{"cards_removed":["Strike_G"],"damage_healed":0,"gold_gain":0,"player_choice":"Card Removal","damage_taken":0,"max_hp_gain":0,"max_hp_loss":0,"event_name":"Wheel of Change","floor":10,"gold_loss":0}],"is_beta":false,"boss_relics":[],"items_purged_floors":[12],"is_endless":false,"potions_floor_spawned":[1,5,8],"killed_by":"Slime Boss","ascension_level":4}