{"gold_per_floor":[118,136,68,82,94,94,122,141,141,141,175,49,49,49,49,175,175,196,196,196,176,189,227,27,27,101,23,38,38,61,61,61,61],"floor_reached":33,"playtime":1994,"items_purged":["Strike_B","Strike_B"],"score":470,"play_id":"fbdbbed1-8e36-427f-b5c3-ef52a310f1a9","local_time":"20190327215504","is_ascension_mode":true,"campfire_choices":[{"data":"Sunder","floor":6,"key":"SMITH"},{"data":"Zap","floor":10,"key":"SMITH"},{"data":"Conserve Battery","floor":15,"key":"SMITH"},{"data":"Double Energy","floor":25,"key":"SMITH"},{"floor":29,"key":"REST"},{"floor":32,"key":"REST"}],"neow_cost":"NONE","seed_source_timestamp":250114636426217,"circlet_count":0,"master_deck":["Strike_B","Strike_B","Defend_B","Defend_B","Defend_B","Defend_B","Zap+1","Dualcast","Conserve Battery+1","Melter","Sunder+1","Chill","Rebound","Ball Lightning","Double Energy+1","Echo Form","Ball Lightning","Ball Lightning","Scrape","All For One","White Noise"],"relics":["Runic Pyramid","Juzu Bracelet","Mercury Hourglass","Bottled Lightning","Golden Idol","Snecko Eye","MutagenicStrength","Art of War","Ornamental Fan","Symbiotic Virus"],"potions_floor_usage":[8,11,16,23,23,31,33],"damage_taken":[{"damage":0,"enemies":"Cultist","floor":1,"turns":4},{"damage":0,"enemies":"2 Louse","floor":2,"turns":3},{"damage":4,"enemies":"Jaw Worm","floor":4,"turns":4},{"damage":5,"enemies":"Exordium Wildlife","floor":5,"turns":3},{"damage":5,"enemies":"3 Sentries","floor":7,"turns":7},{"damage":0,"enemies":"Red Slaver","floor":8,"turns":3},{"damage":0,"enemies":"Gremlin Nob","floor":11,"turns":2},{"damage":0,"enemies":"Slime Boss","floor":16,"turns":6},{"damage":16,"enemies":"2 Thieves","floor":18,"turns":3},{"damage":0,"enemies":"3 Byrds","floor":22,"turns":3},{"damage":18,"enemies":"Book of Stabbing","floor":23,"turns":5},{"damage":8,"enemies":"Snecko","floor":28,"turns":3},{"damage":0,"enemies":"Centurion and Healer","floor":30,"turns":3},{"damage":16,"enemies":"Colosseum Slavers","floor":31,"turns":3},{"damage":76,"enemies":"Collector","floor":33,"turns":8}],"seed_played":"-2253142066587785175","potions_obtained":[{"floor":1,"key":"SteroidPotion"},{"floor":4,"key":"GamblersBrew"},{"floor":5,"key":"Poison Potion"},{"floor":16,"key":"Energy Potion"},{"floor":18,"key":"Poison Potion"},{"floor":21,"key":"FairyPotion"}],"is_trial":false,"path_per_floor":["M","M","$","M","M","R","E","M","T","R","E","$","$","?","R","B",null,"M","?","?","?","M","E","$","R","T","$","M","R","M","?","R","B"],"character_chosen":"DEFECT","items_purchased":["Sunder","SkillPotion","SpeedPotion","Swift Potion","Scrape"],"campfire_rested":2,"item_purchase_floors":[3,12,24,24,27],"current_hp_per_floor":[68,68,68,64,59,59,54,54,54,54,54,54,54,36,36,36,65,49,49,49,49,49,31,31,31,31,31,23,45,45,29,51,0],"gold":61,"neow_bonus":"BOSS_RELIC","is_prod":false,"is_daily":false,"chose_seed":false,"campfire_upgraded":4,"win_rate":0,"timestamp":1553741704,"path_taken":["M","M","$","M","?","R","E","M","T","R","E","?","$","?","R","BOSS","M","?","?","?","M","E","?","R","T","$","M","R","M","?","R","BOSS"],"build_version":"2019-01-23","purchased_purges":2,"victory":false,"max_hp_per_floor":[75,75,75,75,75,75,75,75,75,75,75,75,75,75,75,75,75,75,75,75,75,75,75,75,75,75,75,75,75,75,75,75,75],"card_choices":[{"not_picked":["FTL","Ball Lightning"],"picked":"Conserve Battery","floor":1},{"not_picked":["Compile Driver","Genetic Algorithm"],"picked":"Melter","floor":2},{"not_picked":["Storm","Compile Driver","Streamline"],"picked":"SKIP","floor":4},{"not_picked":["Storm","Force Field"],"picked":"Chill","floor":5},{"not_picked":["Barrage","Streamline"],"picked":"Rebound","floor":7},{"not_picked":["Steam Power","Biased Cognition"],"picked":"Ball Lightning","floor":8},{"not_picked":["Sunder","Turbo"],"picked":"Double Energy","floor":11},{"not_picked":["Rainbow","Fission"],"picked":"Echo Form","floor":16},{"not_picked":["Coolheaded","Force Field"],"picked":"Ball Lightning","floor":18},{"not_picked":["Stack","Lockon","Redo"],"picked":"SKIP","floor":22},{"not_picked":["Fusion","Coolheaded"],"picked":"Ball Lightning","floor":23},{"not_picked":["Hello World+1","Melter"],"picked":"All For One","floor":28},{"not_picked":["Coolheaded","Beam Cell"],"picked":"White Noise","floor":30}],"player_experience":145408,"relics_obtained":[{"floor":7,"key":"Juzu Bracelet"},{"floor":9,"key":"Mercury Hourglass"},{"floor":11,"key":"Bottled Lightning"},{"floor":23,"key":"Ornamental Fan"},{"floor":26,"key":"Symbiotic Virus"}],"event_choices":[{"damage_healed":0,"gold_gain":0,"player_choice":"Take Damage","damage_taken":18,"relics_obtained":["Golden Idol"],"max_hp_gain":0,"max_hp_loss":0,"event_name":"Golden Idol","floor":14,"gold_loss":0},{"damage_healed":0,"gold_gain":0,"player_choice":"Inject Mutagens","damage_taken":0,"relics_obtained":["MutagenicStrength"],"max_hp_gain":0,"max_hp_loss":0,"event_name":"Drug Dealer","floor":19,"gold_loss":0},{"damage_healed":0,"gold_gain":0,"player_choice":"Gave Potion","damage_taken":0,"relics_obtained":["Art of War"],"max_hp_gain":0,"max_hp_loss":0,"event_name":"WeMeetAgain","floor":20,"gold_loss":0},{"damage_healed":0,"gold_gain":0,"player_choice":"Bought 1 Potion","damage_taken":0,"max_hp_gain":0,"max_hp_loss":0,"event_name":"The Woman in Blue","floor":21,"gold_loss":0},{"damage_healed":0,"gold_gain":0,"player_choice":"Fight","damage_taken":0,"max_hp_gain":0,"max_hp_loss":0,"event_name":"Colosseum","floor":31,"gold_loss":0},{"damage_healed":0,"gold_gain":0,"player_choice":"Fled From Nobs","damage_taken":0,"max_hp_gain":0,"max_hp_loss":0,"event_name":"Colosseum","floor":31,"gold_loss":0}],"is_beta":false,"boss_relics":[{"not_picked":["Astrolabe","Runic Dome"],"picked":"Snecko Eye"}],"items_purged_floors":[12,24],"is_endless":false,"potions_floor_spawned":[1,4,5,16,18,28,31],"killed_by":"Collector","ascension_level":7}