{"gold_per_floor":[113,113,113,132,132,132,149,149,203,203,203,378,388,65,65,168,168,184,199,214,22,22,55,55,70,70,70,81,81,81,31,31,132,132,145,1144,1144,1144,1144,1144,784,784,784,801,814,570,570,603,603,603],"floor_reached":51,"playtime":6259,"items_purged":["Defend_G","Strike_G","Strike_G","Defend_G","Defend_G"],"score":854,"play_id":"afa4914c-39a9-4a2e-91c5-aa37bffae0aa","local_time":"20190406195734","is_ascension_mode":false,"campfire_choices":[{"data":"Crippling Poison","floor":6,"key":"SMITH"},{"data":"Prepared","floor":8,"key":"SMITH"},{"data":"Prepared","floor":10,"key":"SMITH"},{"data":"All Out Attack","floor":15,"key":"SMITH"},{"data":"Dramatic Entrance","floor":27,"key":"SMITH"},{"data":"Unload","floor":29,"key":"SMITH"},{"data":"Dagger Throw","floor":32,"key":"SMITH"},{"data":"Dramatic Entrance","floor":40,"key":"SMITH"},{"data":"Quick Slash","floor":42,"key":"SMITH"},{"data":"Quick Slash","floor":49,"key":"SMITH"}],"neow_cost":"CURSE","seed_source_timestamp":6600226460678671,"circlet_count":0,"master_deck":["Strike_G","Strike_G","Strike_G","Survivor+1","Neutralize","Decay","Dagger Throw+1","Crippling Poison+1","Prepared+1","Prepared+1","Doubt","Backflip+1","All Out Attack+1","Quick Slash+1","Unload+1","Doubt","Decay","Clumsy","Blade Dance+1","All Out Attack+1","Acrobatics+1","Dramatic Entrance+1","All Out Attack+1","Acrobatics+1","Acrobatics+1","Bullet Time+1","Dagger Throw+1","Normality","Normality","Enlightenment+1","Madness+1","Dramatic Entrance+1","Blade Dance+1","Quick Slash+1","Writhe","Reflex+1"],"relics":["Ring of the Snake","Du-Vu Doll","Tingsha","Orichalcum","Toxic Egg 2","Vajra","Calling Bell","Anchor","Sundial","FossilizedHelix","Smiling Mask","Frozen Egg 2","WingedGreaves","MutagenicStrength","Black Star","Gambling Chip","Pocketwatch","Ancient Tea Set","Strawberry","War Paint"],"potions_floor_usage":[16,16,33,33,48,50,50,50],"damage_taken":[{"damage":14,"enemies":"Jaw Worm","floor":1,"turns":4},{"damage":5,"enemies":"Small Slimes","floor":4,"turns":3},{"damage":0,"enemies":"Cultist","floor":7,"turns":3},{"damage":0,"enemies":"Exordium Thugs","floor":13,"turns":3},{"damage":24,"enemies":"The Guardian","floor":16,"turns":7},{"damage":10,"enemies":"3 Byrds","floor":18,"turns":4},{"damage":0,"enemies":"2 Thieves","floor":19,"turns":2},{"damage":0,"enemies":"Shelled Parasite and Fungi","floor":20,"turns":3},{"damage":0,"enemies":"Slavers","floor":23,"turns":2},{"damage":0,"enemies":"Snake Plant","floor":25,"turns":2},{"damage":0,"enemies":"3 Cultists","floor":28,"turns":2},{"damage":58,"enemies":"Champ","floor":33,"turns":10},{"damage":0,"enemies":"3 Darklings","floor":35,"turns":2},{"damage":0,"enemies":"3 Shapes","floor":44,"turns":1},{"damage":0,"enemies":"Transient","floor":45,"turns":5},{"damage":0,"enemies":"Reptomancer","floor":48,"turns":2},{"damage":50,"enemies":"Donu and Deca","floor":50,"turns":6}],"seed_played":"-1537533591556929150","potions_obtained":[{"floor":4,"key":"Regen Potion"},{"floor":13,"key":"Explosive Potion"},{"floor":18,"key":"AttackPotion"},{"floor":23,"key":"GamblersBrew"},{"floor":25,"key":"LiquidBronze"},{"floor":33,"key":"Poison Potion"},{"floor":44,"key":"SteroidPotion"},{"floor":48,"key":"Poison Potion"}],"is_trial":false,"path_per_floor":["M","?","?","M","T","R","M","R","T","R","?","?","M","$","R","B",null,"M","M","M","$","?","E","?","M","T","R","M","R","?","$","R","B",null,"M","?","?","?","?","R","$","R","T","M","M","$","?","E","R","B",null],"character_chosen":"THE_SILENT","items_purchased":["Vajra","All Out Attack","Quick Slash","Dramatic Entrance","Gambling Chip","Ancient Tea Set","Quick Slash"],"campfire_rested":0,"item_purchase_floors":[14,14,14,21,41,46,46],"current_hp_per_floor":[56,49,49,44,44,44,44,44,44,44,37,37,37,37,37,18,70,60,60,60,60,60,60,60,60,60,60,60,60,60,60,60,2,70,70,70,60,60,60,60,60,60,60,60,60,60,70,77,77,27],"gold":603,"neow_bonus":"ONE_RARE_RELIC","is_prod":false,"is_daily":false,"chose_seed":false,"campfire_upgraded":10,"win_rate":0.0,"timestamp":1554595054,"path_taken":["M","?","?","?","?","R","M","R","T","R","?","?","M","$","R","BOSS","M","M","M","$","?","E","?","M","T","R","M","R","?","?","R","BOSS","M","?","?","?","?","R","$","R","T","M","?","$","?","E","R","BOSS"],"build_version":"2019-01-23","purchased_purges":5,"victory":true,"max_hp_per_floor":[70,70,70,70,70,70,70,70,70,70,70,70,70,70,70,70,70,70,70,70,70,70,70,70,70,70,70,70,70,70,70,70,70,70,70,70,70,70,70,70,70,70,70,70,70,70,70,77,77,77],"card_choices":[{"not_picked":["Escape Plan","Dodge and Roll"],"picked":"Dagger Throw","floor":1},{"not_picked":["Outmaneuver","Acrobatics"],"picked":"Prepared","floor":4},{"not_picked":["Skewer","Deadly Poison"],"picked":"Prepared","floor":7},{"not_picked":["Sucker Punch","Leg Sweep+1"],"picked":"Backflip+1","floor":13},{"not_picked":["Wraith Form v2","Doppelganger+1"],"picked":"Unload","floor":16},{"not_picked":["Underhanded Strike+1","Catalyst+1"],"picked":"Blade Dance+1","floor":18},{"not_picked":["Deadly Poison+1","PiercingWail+1"],"picked":"All Out Attack+1","floor":19},{"not_picked":["Choke","Dagger Spray"],"picked":"Acrobatics+1","floor":20},{"not_picked":["Envenom","Choke"],"picked":"All Out Attack+1","floor":23},{"not_picked":["Choke","Deadly Poison+1","Leg Sweep+1"],"picked":"SKIP","floor":25},{"not_picked":["Dagger Throw","Bane"],"picked":"Acrobatics+1","floor":28},{"not_picked":["Night Terror+1","Corpse Explosion+1"],"picked":"Bullet Time+1","floor":33},{"not_picked":["Heel Hook+1","Deadly Poison+1"],"picked":"Dagger Throw+1","floor":35},{"not_picked":["Panacea+1","Dark Shackles+1"],"picked":"Enlightenment+1","floor":37},{"not_picked":["Metamorphosis+1","Swift Strike"],"picked":"Madness+1","floor":37},{"not_picked":["Panache+1","Enlightenment+1"],"picked":"Dramatic Entrance","floor":37},{"not_picked":["Poisoned Stab+1","Dodge and Roll+1"],"picked":"Blade Dance+1","floor":44},{"not_picked":["Blur+1","Catalyst+1","Flechettes"],"picked":"SKIP","floor":45},{"not_picked":["Prepared+1","Sucker Punch"],"picked":"Reflex+1","floor":48}],"player_experience":169179,"relics_obtained":[{"floor":5,"key":"Tingsha"},{"floor":9,"key":"Orichalcum"},{"floor":17,"key":"Anchor"},{"floor":17,"key":"Sundial"},{"floor":17,"key":"FossilizedHelix"},{"floor":23,"key":"Frozen Egg 2"},{"floor":26,"key":"WingedGreaves"},{"floor":43,"key":"Pocketwatch"},{"floor":48,"key":"Strawberry"},{"floor":48,"key":"War Paint"}],"event_choices":[{"cards_removed":["Defend_G"],"damage_healed":0,"gold_gain":0,"player_choice":"Card Removal","damage_taken":7,"max_hp_gain":0,"max_hp_loss":0,"event_name":"Golden Wing","floor":2,"gold_loss":0},{"damage_healed":0,"gold_gain":0,"cards_transformed":["Defend_G"],"player_choice":"Transformed","damage_taken":0,"max_hp_gain":0,"max_hp_loss":0,"event_name":"Transmorgrifier","floor":3,"gold_loss":0,"cards_obtained":["Crippling Poison"]},{"damage_healed":0,"gold_gain":0,"player_choice":"Success","damage_taken":7,"relics_obtained":["Toxic Egg 2"],"max_hp_gain":0,"max_hp_loss":0,"event_name":"Scrap Ooze","floor":11,"gold_loss":0},{"damage_healed":0,"gold_gain":175,"player_choice":"AGREE","damage_taken":0,"max_hp_gain":0,"max_hp_loss":0,"event_name":"Liars Game","floor":12,"gold_loss":0,"cards_obtained":["Doubt"]},{"damage_healed":0,"gold_gain":0,"player_choice":"Opened","damage_taken":0,"relics_obtained":["Smiling Mask"],"max_hp_gain":0,"max_hp_loss":0,"event_name":"The Mausoleum","floor":22,"gold_loss":0},{"damage_healed":0,"gold_gain":0,"player_choice":"Read","damage_taken":0,"max_hp_gain":0,"max_hp_loss":0,"event_name":"The Library","floor":24,"gold_loss":0,"cards_obtained":["Acrobatics"]},{"damage_healed":0,"gold_gain":0,"player_choice":"Inject Mutagens","damage_taken":0,"relics_obtained":["MutagenicStrength"],"max_hp_gain":0,"max_hp_loss":0,"event_name":"Drug Dealer","floor":30,"gold_loss":0},{"damage_healed":0,"gold_gain":999,"player_choice":"Gold","damage_taken":0,"max_hp_gain":0,"max_hp_loss":0,"event_name":"MindBloom","floor":36,"gold_loss":0,"cards_obtained":["Normality","Normality"]},{"damage_healed":0,"gold_gain":0,"player_choice":"Memory 3","damage_taken":10,"max_hp_gain":0,"max_hp_loss":0,"event_name":"SensoryStone","floor":37,"gold_loss":0},{"damage_healed":0,"gold_gain":0,"player_choice":"Ignored","damage_taken":0,"max_hp_gain":0,"max_hp_loss":0,"event_name":"Tomb of Lord Red Mask","floor":38,"gold_loss":0},{"damage_healed":0,"gold_gain":0,"player_choice":"Ignored","damage_taken":0,"max_hp_gain":0,"max_hp_loss":0,"event_name":"SecretPortal","floor":39,"gold_loss":0},{"damage_healed":18,"gold_gain":0,"player_choice":"Writhe","damage_taken":0,"max_hp_gain":0,"max_hp_loss":0,"event_name":"Winding Halls","floor":47,"gold_loss":0,"cards_obtained":["Writhe"]}],"is_beta":false,"boss_relics":[{"not_picked":["Runic Pyramid","Orrery"],"picked":"Calling Bell"},{"not_picked":["White Beast Statue","Tiny House"],"picked":"Black Star"}],"items_purged_floors":[14,21,31,41,46],"is_endless":false,"potions_floor_spawned":[4,13,18,23,25,33,44,48],"ascension_level":0}