{"gold_per_floor":[109,109,119,5,16,16,16,41,41,52,68,68,93,63],"floor_reached":14,"playtime":993,"items_purged":["Strike_G"],"score":115,"play_id":"ccefca8f-766d-4cab-a410-383f10831ff6","local_time":"20190406182959","is_ascension_mode":true,"campfire_choices":[{"data":"Noxious Fumes","floor":7,"key":"SMITH"}],"neow_cost":"NONE","seed_source_timestamp":104378939499317,"circlet_count":0,"master_deck":["Defend_G","Defend_G","Defend_G","Defend_G","Defend_G","Strike_G","Strike_G","Strike_G","Strike_G","Survivor","Neutralize","Skewer","Noxious Fumes+1","Bouncing Flask","Backflip","After Image","Noxious Fumes","Leg Sweep","Tactician"],"relics":["Ring of the Snake","Oddly Smooth Stone","Matryoshka","Juzu Bracelet","PreservedInsect","Letter Opener","Ninja Scroll","Vajra"],"potions_floor_usage":[8,13,13],"damage_taken":[{"damage":11,"enemies":"Jaw Worm","floor":1,"turns":9},{"damage":0,"enemies":"2 Louse","floor":3,"turns":3},{"damage":3,"enemies":"Small Slimes","floor":5,"turns":4},{"damage":9,"enemies":"Lagavulin","floor":8,"turns":6},{"damage":16,"enemies":"3 Louse","floor":10,"turns":4},{"damage":6,"enemies":"Exordium Thugs","floor":11,"turns":7},{"damage":16,"enemies":"Gremlin Nob","floor":13,"turns":3},{"damage":6,"enemies":"Looter","floor":14,"turns":2}],"seed_played":"-6310065556353471108","potions_obtained":[{"floor":1,"key":"Swift Potion"},{"floor":8,"key":"Swift Potion"},{"floor":11,"key":"Ancient Potion"}],"is_trial":false,"path_per_floor":["?","?","?"],"character_chosen":"THE_SILENT","items_purchased":["Bouncing Flask"],"campfire_rested":0,"item_purchase_floors":[4],"current_hp_per_floor":[59,56,56,56,53,53,53,44,44,28,22,22,6,0],"gold":63,"neow_bonus":"RANDOM_COMMON_RELIC","is_prod":false,"is_daily":false,"chose_seed":false,"campfire_upgraded":1,"win_rate":0,"timestamp":1554568199,"path_taken":["M","?","M","$","M","?","R","E","T","M","M","?","E","M"],"build_version":"2019-01-23","purchased_purges":1,"victory":false,"max_hp_per_floor":[70,70,70,70,70,70,70,70,70,70,70,70,70,70],"card_choices":[{"not_picked":["Dagger Throw","Reflex"],"picked":"Skewer","floor":1},{"not_picked":["Infinite Blades","Deadly Poison"],"picked":"Noxious Fumes","floor":3},{"not_picked":["Deflect","Poisoned Stab"],"picked":"Backflip","floor":5},{"not_picked":["Poisoned Stab","Glass Knife"],"picked":"After Image","floor":8},{"not_picked":["Poisoned Stab","Sucker Punch"],"picked":"Noxious Fumes","floor":10},{"not_picked":["Deflect","Backflip"],"picked":"Leg Sweep","floor":11},{"not_picked":["Reflex","Heel Hook"],"picked":"Tactician","floor":13}],"player_experience":190265,"relics_obtained":[{"floor":8,"key":"Juzu Bracelet"},{"floor":9,"key":"PreservedInsect"},{"floor":9,"key":"Letter Opener"},{"floor":13,"key":"Vajra"}],"event_choices":[{"damage_healed":0,"gold_gain":0,"player_choice":"Success","damage_taken":3,"relics_obtained":["Matryoshka"],"max_hp_gain":0,"max_hp_loss":0,"event_name":"Scrap Ooze","floor":2,"gold_loss":0},{"damage_healed":0,"gold_gain":0,"player_choice":"Leave","damage_taken":0,"max_hp_gain":0,"max_hp_loss":0,"event_name":"The Cleric","floor":6,"gold_loss":0},{"damage_healed":0,"gold_gain":0,"player_choice":"Searched \u00271\u0027 times","damage_taken":0,"relics_obtained":["Ninja Scroll"],"max_hp_gain":0,"max_hp_loss":0,"event_name":"Dead Adventurer","floor":12,"gold_loss":0}],"is_beta":false,"boss_relics":[],"items_purged_floors":[4],"is_endless":false,"potions_floor_spawned":[1,8,11],"killed_by":"Looter","ascension_level":3}