{"gold_per_floor":[111,124,52,52,227,261,261,278,278,118,118,133,149,25,25,127,127,138,138,237,247,247],"floor_reached":22,"playtime":1175,"items_purged":["Doubt","Heel Hook"],"score":246,"play_id":"83697155-ea4e-401c-acff-645cdb687695","local_time":"20181022003821","is_ascension_mode":true,"campfire_choices":[{"data":"Catalyst","floor":7,"key":"SMITH"},{"data":"Deadly Poison","floor":11,"key":"SMITH"},{"data":"Calculated Gamble","floor":15,"key":"SMITH"}],"neow_cost":"NONE","seed_source_timestamp":521262392640,"circlet_count":0,"master_deck":["Defend_G","Defend_G","Defend_G","Defend_G","Defend_G","Strike_G","Survivor","Neutralize","Catalyst","Bouncing Flask","Catalyst+1","Prepared","Deadly Poison+1","Well Laid Plans","Calculated Gamble+1","Acrobatics","Deadly Poison","Corpse Explosion+1","Infinite Blades+1","Tools of the Trade+1","Noxious Fumes","Backflip"],"relics":["Ring of the Snake","NeowsBlessing","Singing Bowl","Molten Egg 2","Astrolabe","MutagenicStrength"],"potions_floor_usage":[16,22],"damage_taken":[{"damage":0,"enemies":"Jaw Worm","floor":1,"turns":1},{"damage":0,"enemies":"Cultist","floor":2,"turns":1},{"damage":0,"enemies":"Lagavulin","floor":6,"turns":1},{"damage":7,"enemies":"Small Slimes","floor":8,"turns":3},{"damage":0,"enemies":"Blue Slaver","floor":12,"turns":2},{"damage":5,"enemies":"Looter","floor":13,"turns":2},{"damage":57,"enemies":"Slime Boss","floor":16,"turns":11},{"damage":32,"enemies":"3 Byrds","floor":18,"turns":3},{"damage":32,"enemies":"2 Thieves","floor":21,"turns":4},{"damage":5,"enemies":"Masked Bandits","floor":22,"turns":2}],"seed_played":"-103983665840724960","potions_obtained":[{"floor":6,"key":"Regen Potion"},{"floor":8,"key":"FearPotion"},{"floor":16,"key":"Swift Potion"},{"floor":21,"key":"Ancient Potion"}],"is_trial":false,"path_per_floor":["M","M","$","?","?","E","R","M","T","$","R","M","M","$","R","B",null,"M","?","?","M"],"character_chosen":"THE_SILENT","items_purchased":["Heel Hook","Deadly Poison","Well Laid Plans","Deadly Poison"],"campfire_rested":0,"item_purchase_floors":[3,10,10,14],"current_hp_per_floor":[70,70,70,70,70,70,70,63,63,63,63,63,58,58,58,17,72,40,40,40,8,3],"gold":247,"neow_bonus":"THREE_ENEMY_KILL","is_prod":false,"is_daily":false,"chose_seed":false,"campfire_upgraded":3,"win_rate":0,"timestamp":1540186701,"path_taken":["M","M","$","?","?","E","R","?","T","?","R","M","M","?","R","BOSS","M","?","?","?","?"],"build_version":"2018-10-18","purchased_purges":2,"victory":false,"max_hp_per_floor":[70,70,70,70,70,70,70,70,70,70,70,70,70,70,70,72,72,72,72,72,72,72],"card_choices":[{"not_picked":["Quick Slash","Flying Knee"],"picked":"Catalyst","floor":1},{"not_picked":["Sucker Punch","PiercingWail"],"picked":"Bouncing Flask","floor":2},{"not_picked":["Expertise","Backstab"],"picked":"Catalyst","floor":6},{"not_picked":["Terror","Blade Dance"],"picked":"Prepared","floor":8},{"not_picked":["Leg Sweep","Well Laid Plans"],"picked":"Calculated Gamble","floor":12},{"not_picked":["Sucker Punch+1","Crippling Poison"],"picked":"Acrobatics","floor":13},{"not_picked":["Glass Knife+1","Wraith Form v2","A Thousand Cuts"],"picked":"Singing Bowl","floor":16},{"not_picked":["Bane+1","Slice+1"],"picked":"Noxious Fumes","floor":18},{"not_picked":["Prepared","Sucker Punch+1"],"picked":"Backflip","floor":21}],"player_experience":160069,"relics_obtained":[{"floor":6,"key":"Singing Bowl"},{"floor":9,"key":"Molten Egg 2"}],"event_choices":[{"cards_removed":["Strike_G"],"damage_healed":0,"gold_gain":0,"player_choice":"Offered Basic","damage_taken":0,"max_hp_gain":0,"max_hp_loss":0,"event_name":"Bonfire Elementals","floor":4,"gold_loss":0},{"damage_healed":0,"gold_gain":175,"player_choice":"AGREE","damage_taken":0,"max_hp_gain":0,"max_hp_loss":0,"event_name":"Liars Game","floor":5,"gold_loss":0,"cards_obtained":["Doubt"]},{"damage_healed":0,"gold_gain":0,"player_choice":"Inject Mutagens","damage_taken":0,"relics_obtained":["MutagenicStrength"],"max_hp_gain":0,"max_hp_loss":0,"event_name":"Drug Dealer","floor":19,"gold_loss":0},{"damage_healed":0,"gold_gain":99,"player_choice":"Stole From Cult","damage_taken":0,"max_hp_gain":0,"max_hp_loss":0,"event_name":"Nest","floor":20,"gold_loss":0},{"damage_healed":0,"gold_gain":0,"player_choice":"Fought Bandits","damage_taken":0,"max_hp_gain":0,"max_hp_loss":0,"event_name":"Masked Bandits","floor":22,"gold_loss":0}],"is_beta":false,"boss_relics":[{"not_picked":["Philosopher\u0027s Stone","Black Star"],"picked":"Astrolabe"}],"items_purged_floors":[10,14],"is_endless":false,"potions_floor_spawned":[6,8,16,21],"killed_by":"Masked Bandits","ascension_level":1}