{"gold_per_floor":[110,128,143,157,170,170,181,181,227,302,181,181,192,212,212,212],"floor_reached":16,"playtime":680,"items_purged":["Strike_R"],"score":146,"play_id":"36ccea39-c6e9-45ea-8ad5-a0195bbfe2bf","local_time":"20181124200132","is_ascension_mode":false,"campfire_choices":[{"data":"Limit Break","floor":6,"key":"SMITH"},{"data":"Flex","floor":8,"key":"SMITH"},{"floor":12,"key":"REST"},{"data":"Metallicize","floor":15,"key":"SMITH"}],"neow_cost":"TEN_PERCENT_HP_LOSS","seed_source_timestamp":676049292140486,"circlet_count":0,"master_deck":["Strike_R","Strike_R","Strike_R","Strike_R","Defend_R","Defend_R","Defend_R","Defend_R","Bash","Reaper","Rampage","Second Wind","Thunderclap","Metallicize+1","Limit Break+1","Flex+1","Flex","Clothesline","Hemokinesis"],"relics":["Burning Blood","Bronze Scales"],"potions_floor_usage":[16,16,16],"damage_taken":[{"damage":12,"enemies":"Cultist","floor":1,"turns":6},{"damage":3,"enemies":"Small Slimes","floor":2,"turns":4},{"damage":6,"enemies":"Jaw Worm","floor":3,"turns":4},{"damage":41,"enemies":"Exordium Thugs","floor":4,"turns":6},{"damage":16,"enemies":"3 Louse","floor":5,"turns":4},{"damage":7,"enemies":"Large Slime","floor":7,"turns":7},{"damage":22,"enemies":"Gremlin Gang","floor":13,"turns":3},{"damage":10,"enemies":"Red Slaver","floor":14,"turns":4}],"seed_played":"-2682026569510914160","potions_obtained":[{"floor":3,"key":"GamblersBrew"},{"floor":5,"key":"Fire Potion"},{"floor":13,"key":"Ancient Potion"},{"floor":14,"key":"Regen Potion"}],"is_trial":false,"path_per_floor":["M","M","M","M","M","R","M","R","T","?","$","R","M","M","R","B"],"character_chosen":"IRONCLAD","items_purchased":["Flex"],"campfire_rested":1,"item_purchase_floors":[11],"current_hp_per_floor":[66,72,72,45,47,47,50,50,50,39,39,60,55,51,51,0],"gold":212,"neow_bonus":"THREE_RARE_CARDS","is_prod":false,"is_daily":false,"chose_seed":false,"campfire_upgraded":3,"win_rate":0.0,"timestamp":1543111292,"path_taken":["M","M","M","M","M","R","M","R","T","?","$","R","M","M","R","BOSS"],"build_version":"2018-11-15","purchased_purges":1,"victory":false,"max_hp_per_floor":[72,72,72,72,72,72,72,72,72,72,72,72,72,72,72,72],"card_choices":[{"not_picked":["Brutality","Exhume"],"picked":"Reaper","floor":0},{"not_picked":["Perfected Strike","Headbutt"],"picked":"Rampage","floor":1},{"not_picked":["Dual Wield","Havoc"],"picked":"Second Wind","floor":2},{"not_picked":["Hemokinesis","Spot Weakness"],"picked":"Thunderclap","floor":3},{"not_picked":["Iron Wave","Clash"],"picked":"Metallicize","floor":4},{"not_picked":["Disarm","Perfected Strike"],"picked":"Limit Break","floor":5},{"not_picked":["Metallicize","Cleave"],"picked":"Flex","floor":7},{"not_picked":["Wild Strike","Flex"],"picked":"Clothesline","floor":13},{"not_picked":["Pommel Strike","Pummel"],"picked":"Hemokinesis","floor":14}],"player_experience":32275,"relics_obtained":[{"floor":9,"key":"Bronze Scales"}],"event_choices":[{"damage_healed":0,"gold_gain":75,"player_choice":"Gather Gold","damage_taken":11,"max_hp_gain":0,"max_hp_loss":0,"event_name":"World of Goop","floor":10,"gold_loss":0}],"is_beta":false,"boss_relics":[],"items_purged_floors":[11],"is_endless":false,"potions_floor_spawned":[3,5,13,14],"killed_by":"The Guardian","ascension_level":0}