{"gold_per_floor":[114,39,58,71,146,178,190,228,266,278,290,322,334],"floor_reached":13,"playtime":496,"items_purged":["Strike_G"],"score":93,"play_id":"edffa87b-006a-4600-af84-35f73802bc09","local_time":"20190407003034","is_ascension_mode":false,"campfire_choices":[{"floor":7,"key":"REST"}],"neow_cost":"NONE","seed_source_timestamp":989695701081015,"circlet_count":0,"master_deck":["Defend_G","Defend_G","Defend_G","Defend_G","Defend_G","Strike_G","Strike_G","Strike_G","Strike_G","Survivor","Neutralize","Crippling Poison+1","Poisoned Stab","Deadly Poison","Deflect","Backflip","PiercingWail","Burst","Dodge and Roll","Backflip"],"relics":["Orrery","MawBank","Bronze Scales","Juzu Bracelet"],"potions_floor_usage":[8,8],"damage_taken":[{"damage":9,"enemies":"Jaw Worm","floor":1,"turns":4},{"damage":2,"enemies":"Small Slimes","floor":3,"turns":4},{"damage":0,"enemies":"2 Louse","floor":4,"turns":3},{"damage":19,"enemies":"Lagavulin","floor":6,"turns":9},{"damage":45,"enemies":"3 Sentries","floor":8,"turns":9},{"damage":0,"enemies":"Lots of Slimes","floor":12,"turns":3},{"damage":11,"enemies":"3 Louse","floor":13,"turns":1}],"seed_played":"-258417707732365675","potions_obtained":[{"floor":3,"key":"Weak Potion"},{"floor":6,"key":"SpeedPotion"},{"floor":12,"key":"Ancient Potion"}],"is_trial":false,"path_per_floor":["M","$","M","M","?","E","R","E","T","?","?","M","M"],"character_chosen":"THE_SILENT","items_purchased":[],"campfire_rested":1,"item_purchase_floors":[],"current_hp_per_floor":[61,61,59,59,48,29,50,5,5,5,5,5,0],"gold":334,"neow_bonus":"BOSS_RELIC","is_prod":false,"is_daily":false,"chose_seed":false,"campfire_upgraded":0,"win_rate":0,"timestamp":1554618634,"path_taken":["M","$","M","M","?","E","R","E","T","?","?","M","M"],"build_version":"2019-01-23","purchased_purges":1,"victory":false,"max_hp_per_floor":[70,70,70,70,70,70,70,70,70,70,70,70,70],"card_choices":[{"not_picked":["Expertise","Escape Plan"],"picked":"Crippling Poison","floor":0},{"not_picked":["Catalyst","Dagger Throw"],"picked":"Poisoned Stab","floor":0},{"not_picked":["Bane","Prepared"],"picked":"Deadly Poison","floor":0},{"not_picked":["Bouncing Flask","Quick Slash"],"picked":"Deflect","floor":0},{"not_picked":["Cloak And Dagger","Endless Agony"],"picked":"Backflip","floor":1},{"not_picked":["Eviscerate","Flying Knee","Sucker Punch"],"picked":"SKIP","floor":3},{"not_picked":["Dagger Spray","Tactician"],"picked":"PiercingWail","floor":4},{"not_picked":["Cloak And Dagger","Concentrate"],"picked":"Burst","floor":6},{"not_picked":["Endless Agony","Poisoned Stab"],"picked":"Dodge and Roll","floor":8},{"not_picked":["Outmaneuver","All Out Attack"],"picked":"Backflip","floor":12}],"player_experience":198389,"relics_obtained":[{"floor":6,"key":"MawBank"},{"floor":8,"key":"Bronze Scales"},{"floor":9,"key":"Juzu Bracelet"}],"event_choices":[{"damage_healed":0,"gold_gain":75,"player_choice":"Gather Gold","damage_taken":11,"max_hp_gain":0,"max_hp_loss":0,"event_name":"World of Goop","floor":5,"gold_loss":0},{"damage_healed":0,"gold_gain":0,"player_choice":"Fled","damage_taken":0,"max_hp_gain":0,"max_hp_loss":0,"event_name":"Scrap Ooze","floor":10,"gold_loss":0},{"damage_healed":0,"gold_gain":0,"player_choice":"Upgraded","damage_taken":0,"max_hp_gain":0,"max_hp_loss":0,"event_name":"Upgrade Shrine","floor":11,"gold_loss":0,"cards_upgraded":["Crippling Poison"]}],"is_beta":false,"boss_relics":[],"items_purged_floors":[2],"is_endless":false,"potions_floor_spawned":[3,6,12],"killed_by":"3 Louse","ascension_level":0}