{"gold_per_floor":[16,16,91,71,84,84,57,57,57,77,106,106,106,118,118,118],"floor_reached":16,"playtime":423,"items_purged":[],"score":162,"play_id":"90ea5742-8baf-4cbf-ac0c-726cfe427fca","local_time":"20190305173940","is_ascension_mode":true,"campfire_choices":[{"floor":6,"key":"RECALL"},{"data":"Zap","floor":8,"key":"SMITH"},{"floor":12,"key":"REST"},{"floor":15,"key":"REST"}],"neow_cost":"NO_GOLD","seed_source_timestamp":280194926021143,"circlet_count":0,"master_deck":["AscendersBane","Strike_B","Strike_B","Strike_B","Defend_B","Defend_B","Defend_B","Defend_B","Zap+1","Dualcast","Dramatic Entrance","Panacea","FTL","Reinforced Body","Coolheaded","Cold Snap","Compile Driver","Glacier"],"relics":["Cracked Core","Ornamental Fan","Mango"],"potions_floor_usage":[11,16],"damage_taken":[{"damage":12,"enemies":"Jaw Worm","floor":1,"turns":2},{"damage":0,"enemies":"Small Slimes","floor":5,"turns":2},{"damage":4,"enemies":"Cultist","floor":10,"turns":3},{"damage":31,"enemies":"Gremlin Nob","floor":11,"turns":5},{"damage":14,"enemies":"Large Slime","floor":14,"turns":4},{"damage":62,"enemies":"Slime Boss","floor":16,"turns":12}],"seed_played":"-3423506349861531467","potions_obtained":[{"floor":1,"key":"SpeedPotion"},{"floor":4,"key":"Energy Potion"},{"floor":10,"key":"AttackPotion"},{"floor":11,"key":"Poison Potion"}],"is_trial":false,"path_per_floor":["M","?","?","?","M","R","$","R","T","M","E","R","?","M","R","B"],"character_chosen":"DEFECT","items_purchased":["Coolheaded"],"campfire_rested":2,"item_purchase_floors":[7],"current_hp_per_floor":[56,56,45,45,45,45,45,45,45,41,24,50,43,29,55,0],"gold":118,"neow_bonus":"RANDOM_COLORLESS_2","is_prod":false,"is_daily":false,"chose_seed":false,"campfire_upgraded":1,"win_rate":0,"timestamp":1551829180,"path_taken":["M","?","?","?","?","R","$","R","T","M","E","R","?","M","R","BOSS"],"build_version":"2019-01-23","purchased_purges":0,"victory":false,"max_hp_per_floor":[75,75,75,75,75,75,75,75,75,75,89,89,89,89,89,89],"card_choices":[{"not_picked":["Steam","Melter"],"picked":"FTL","floor":1},{"not_picked":["Barrage","Beam Cell"],"picked":"Reinforced Body","floor":5},{"not_picked":["Lockon","Melter"],"picked":"Cold Snap","floor":10},{"not_picked":["Turbo","Steam"],"picked":"Compile Driver","floor":11},{"not_picked":["Beam Cell","Aggregate"],"picked":"Glacier","floor":14}],"player_experience":639759,"relics_obtained":[{"floor":9,"key":"Ornamental Fan"},{"floor":11,"key":"Mango"}],"event_choices":[{"damage_healed":0,"gold_gain":0,"player_choice":"Leave","damage_taken":0,"max_hp_gain":0,"max_hp_loss":0,"event_name":"The Cleric","floor":2,"gold_loss":0},{"damage_healed":0,"gold_gain":75,"player_choice":"Gather Gold","damage_taken":11,"max_hp_gain":0,"max_hp_loss":0,"event_name":"World of Goop","floor":3,"gold_loss":0},{"damage_healed":0,"gold_gain":0,"player_choice":"Bought 1 Potion","damage_taken":0,"max_hp_gain":0,"max_hp_loss":0,"event_name":"The Woman in Blue","floor":4,"gold_loss":0},{"cards_removed":["Strike_B"],"damage_healed":0,"gold_gain":0,"player_choice":"Card Removal","damage_taken":7,"max_hp_gain":0,"max_hp_loss":0,"event_name":"Golden Wing","floor":13,"gold_loss":0}],"is_beta":false,"boss_relics":[],"items_purged_floors":[],"is_endless":false,"potions_floor_spawned":[1,10,11,14],"killed_by":"Slime Boss","ascension_level":13}