{"gold_per_floor":[110,28,39,39,39,39,53,228,228,257,357,369,296,331,331,434,434,453,464,479,479,479],"floor_reached":22,"playtime":582,"items_purged":[],"score":301,"play_id":"56a13f15-f05e-4647-9fd4-ddf5e4311d53","local_time":"20190325220128","is_ascension_mode":true,"campfire_choices":[{"data":"Mind Blast","floor":6.0,"key":"SMITH"},{"floor":15.0,"key":"REST"}],"neow_cost":"NONE","seed_source_timestamp":0,"circlet_count":0,"master_deck":["AscendersBane","Strike_B+1","Strike_B","Strike_B","Strike_B+1","Defend_B","Defend_B","Defend_B","Defend_B","Zap","Dualcast","Beam Cell","Mind Blast+1","Ball Lightning","Capacitor","Sunder","Capacitor","Creative AI","Electrodynamics","Beam Cell+1","Defragment"],"special_seed":0,"relics":["Cracked Core","Bottled Flame","Blue Candle","Omamori","Peace Pipe","Lizard Tail"],"potions_floor_usage":[20],"damage_taken":[{"damage":2.0,"enemies":"2 Louse","floor":1.0,"turns":3.0},{"damage":0.0,"enemies":"Cultist","floor":3.0,"turns":3.0},{"damage":0.0,"enemies":"Small Slimes","floor":7.0,"turns":2.0},{"damage":40.0,"enemies":"Lagavulin","floor":10.0,"turns":5.0},{"damage":3.0,"enemies":"3 Louse","floor":12.0,"turns":3.0},{"damage":17.0,"enemies":"Gremlin Nob","floor":14.0,"turns":3.0},{"damage":42.0,"enemies":"Hexaghost","floor":16.0,"turns":8.0},{"damage":28.0,"enemies":"2 Thieves","floor":18.0,"turns":4.0},{"damage":27.0,"enemies":"Chosen","floor":19.0,"turns":6.0},{"damage":29,"enemies":"Snecko","floor":20,"turns":6},{"damage":28,"enemies":"Centurion and Healer","floor":22,"turns":2}],"seed_played":"-3672596446660066690","potions_obtained":[{"floor":10.0,"key":"Energy Potion"},{"floor":14.0,"key":"PowerPotion"},{"floor":16.0,"key":"Energy Potion"},{"floor":19.0,"key":"PowerPotion"},{"floor":20,"key":"Fire Potion"}],"is_trial":false,"path_per_floor":["M","$","M","?","?","R","M","?","T","E","?","M","?","E","R","B",null,"M","M","M","?","M"],"character_chosen":"DEFECT","items_purchased":["Mind Blast"],"campfire_rested":1,"item_purchase_floors":[2],"current_hp_per_floor":[73,73,73,57,82,82,82,82,82,42,42,39,39,22,46,4,63,35,8,26,26,0],"gold":479,"neow_bonus":"TEN_PERCENT_HP_BONUS","is_prod":false,"is_daily":false,"chose_seed":false,"campfire_upgraded":1,"win_rate":0,"timestamp":1553547688,"path_taken":["M","$","M","?","?","R","?","?","T","E","?","?","?","E","R","BOSS","M","?","M","?","?"],"build_version":"2019-01-23","purchased_purges":0,"victory":false,"max_hp_per_floor":[82,82,82,82,82,82,82,82,82,82,82,82,82,82,82,82,82,82,82,82,82,82],"card_choices":[{"not_picked":["Turbo","Stack"],"picked":"Beam Cell","floor":1.0},{"not_picked":["Fusion","Hologram"],"picked":"Ball Lightning","floor":3.0},{"not_picked":["Redo","Heatsinks"],"picked":"Capacitor","floor":7.0},{"not_picked":["Ball Lightning","Meteor Strike"],"picked":"Sunder","floor":10.0},{"not_picked":["Barrage","Scrape"],"picked":"Capacitor","floor":12.0},{"not_picked":["Gash","Steam"],"picked":"Creative AI","floor":14.0},{"not_picked":["Amplify","All For One"],"picked":"Electrodynamics","floor":16.0},{"not_picked":["Rip and Tear+1","Redo","Rebound"],"picked":"SKIP","floor":18.0},{"not_picked":["Hologram","Barrage"],"picked":"Beam Cell+1","floor":19.0},{"not_picked":["Beam Cell","Leap"],"picked":"Defragment","floor":20}],"player_experience":317599,"relics_obtained":[{"floor":9.0,"key":"Bottled Flame"},{"floor":10.0,"key":"Blue Candle"},{"floor":14.0,"key":"Peace Pipe"}],"event_choices":[{"damage_healed":0.0,"max_hp_gain":0.0,"max_hp_loss":0.0,"gold_gain":0.0,"event_name":"Shining Light","player_choice":"Entered Light","floor":4.0,"gold_loss":0.0,"damage_taken":16.0,"cards_upgraded":["Strike_B","Strike_B"]},{"damage_healed":25.0,"max_hp_gain":0.0,"max_hp_loss":0.0,"gold_gain":0.0,"event_name":"Wheel of Change","player_choice":"Full Heal","floor":5.0,"gold_loss":0.0,"damage_taken":0.0},{"damage_healed":0.0,"max_hp_gain":0.0,"max_hp_loss":0.0,"gold_gain":175.0,"event_name":"Liars Game","player_choice":"AGREE","floor":8.0,"gold_loss":0.0,"damage_taken":0.0,"cards_obtained":["Doubt"]},{"damage_healed":0.0,"max_hp_gain":0.0,"max_hp_loss":0.0,"gold_gain":100.0,"event_name":"Golden Shrine","player_choice":"Pray","floor":11.0,"gold_loss":0.0,"damage_taken":0.0},{"damage_healed":0.0,"max_hp_gain":0.0,"max_hp_loss":0.0,"gold_gain":0.0,"event_name":"WeMeetAgain","player_choice":"Paid Gold","floor":13.0,"gold_loss":73.0,"damage_taken":0.0,"relics_obtained":["Omamori"]},{"cards_removed":["Doubt"],"damage_healed":0,"gold_gain":0,"player_choice":"Removed Curses","damage_taken":0,"max_hp_gain":0,"max_hp_loss":0,"event_name":"Fountain of Cleansing","floor":21,"gold_loss":0}],"is_beta":false,"boss_relics":[{"not_picked":["Orrery","Runic Dome"],"picked":"Lizard Tail"}],"items_purged_floors":[],"is_endless":false,"potions_floor_spawned":[10,14,16,19,20],"killed_by":"Centurion and Healer","ascension_level":11}