{"gold_per_floor":[116,133,148,148,166,192,192,219,219,219],"floor_reached":10,"playtime":629,"items_purged":[],"score":117,"play_id":"6d75a58f-54d4-4a82-a4aa-7c8359ba7b9c","local_time":"20190407104727","is_ascension_mode":true,"campfire_choices":[{"floor":7.0,"key":"REST"}],"neow_cost":"NONE","seed_source_timestamp":78094218910400,"circlet_count":0,"master_deck":["AscendersBane","Defend_G","Defend_G","Defend_G","Defend_G","Defend_G","Strike_G","Strike_G","Strike_G","Strike_G","Strike_G","Survivor","Neutralize","Deadly Poison","Dagger Spray","Finisher","Catalyst","Blur","Caltrops","Dash"],"special_seed":0,"relics":["Ring of the Snake","PreservedInsect","Kunai","The Courier"],"potions_floor_usage":[],"damage_taken":[{"damage":4.0,"enemies":"Small Slimes","floor":1.0,"turns":4.0},{"damage":0.0,"enemies":"Cultist","floor":2.0,"turns":4.0},{"damage":1.0,"enemies":"2 Louse","floor":3.0,"turns":3.0},{"damage":5.0,"enemies":"Large Slime","floor":5.0,"turns":9.0},{"damage":37.0,"enemies":"Gremlin Nob","floor":6.0,"turns":5.0},{"damage":25.0,"enemies":"Lagavulin","floor":8.0,"turns":4.0},{"damage":24,"enemies":"Gremlin Nob","floor":10,"turns":3}],"seed_played":"-7854679979461159894","potions_obtained":[{"floor":2.0,"key":"Dexterity Potion"},{"floor":3.0,"key":"Ancient Potion"},{"floor":6.0,"key":"Poison Potion"}],"is_trial":false,"path_per_floor":["M","M","M","?","M","E","R","E","T","E"],"character_chosen":"THE_SILENT","items_purchased":[],"campfire_rested":1,"item_purchase_floors":[],"current_hp_per_floor":[59,59,58,58,53,16,37,12,12,0],"gold":219,"neow_bonus":"THREE_CARDS","is_prod":false,"is_daily":false,"chose_seed":false,"campfire_upgraded":0,"win_rate":0,"timestamp":1554659247,"path_taken":["M","M","M","?","?","E","R","E","T","E"],"build_version":"2019-01-23","purchased_purges":0,"victory":false,"max_hp_per_floor":[70,70,70,70,70,70,70,70,70,70],"card_choices":[{"not_picked":["Setup","Outmaneuver"],"picked":"Deadly Poison","floor":0.0},{"not_picked":["Underhanded Strike","Setup"],"picked":"Dagger Spray","floor":1.0},{"not_picked":["Footwork","Blade Dance"],"picked":"Finisher","floor":2.0},{"not_picked":["Acrobatics","Dagger Throw"],"picked":"Catalyst","floor":3.0},{"not_picked":["Deflect","Dodge and Roll"],"picked":"Blur","floor":5.0},{"not_picked":["Venomology","Terror"],"picked":"Caltrops","floor":6.0},{"not_picked":["Bane","Poisoned Stab"],"picked":"Dash","floor":8.0}],"player_experience":743852,"relics_obtained":[{"floor":6.0,"key":"PreservedInsect"},{"floor":8.0,"key":"Kunai"},{"floor":9.0,"key":"The Courier"}],"event_choices":[{"damage_healed":0.0,"max_hp_gain":0.0,"max_hp_loss":0.0,"gold_gain":0.0,"event_name":"NoteForYourself","player_choice":"Ignored","floor":4.0,"gold_loss":0.0,"damage_taken":0.0}],"is_beta":false,"boss_relics":[],"items_purged_floors":[],"is_endless":false,"potions_floor_spawned":[2,3,6],"killed_by":"Gremlin Nob","ascension_level":10}