{"gold_per_floor":[163,163,163,183,202,202,238,40,40,40,61,80,80,105,105,225,225,249,270,79,0,0,0,0,0,70,70,70,88,88,109,109,109],"floor_reached":33,"playtime":1283,"items_purged":[],"score":319,"play_id":"31a011c1-d44a-4527-adbb-8b6ed80d6aa1","local_time":"20190313195724","is_ascension_mode":true,"campfire_choices":[{"data":"Anger","floor":6.0,"key":"SMITH"},{"data":"Armaments","floor":10.0,"key":"SMITH"},{"floor":15.0,"key":"REST"},{"data":"Armaments","floor":23,"key":"SMITH"},{"data":"J.A.X.","floor":25,"key":"SMITH"},{"data":"Anger","floor":28,"key":"SMITH"},{"floor":30,"key":"REST"},{"floor":32,"key":"REST"}],"neow_cost":"NONE","seed_source_timestamp":0,"circlet_count":0,"master_deck":["Defend_R","Defend_R","Defend_R+1","Defend_R","Bash","Anger+1","Flex+1","Shrug It Off","Shrug It Off","Clash","Armaments+1","Armaments+1","Brutality","Double Tap","Ghostly Armor+1","Anger+1","J.A.X.+1","Bite","Bite","Bite","Bite","Bite","Havoc+1"],"special_seed":0,"relics":["Tiny House","Golden Idol","Bottled Lightning","Regal Pillow","Matryoshka","Eternal Feather","PrismaticShard","Sundial","Bottled Flame"],"potions_floor_usage":[],"damage_taken":[{"damage":2.0,"enemies":"Jaw Worm","floor":1.0,"turns":3.0},{"damage":0.0,"enemies":"2 Louse","floor":4.0,"turns":2.0},{"damage":0.0,"enemies":"Small Slimes","floor":5.0,"turns":2.0},{"damage":34.0,"enemies":"3 Sentries","floor":7.0,"turns":8.0},{"damage":1.0,"enemies":"Exordium Wildlife","floor":11.0,"turns":4.0},{"damage":0.0,"enemies":"3 Louse","floor":12.0,"turns":3.0},{"damage":0.0,"enemies":"Looter","floor":14.0,"turns":3.0},{"damage":35.0,"enemies":"The Guardian","floor":16.0,"turns":11.0},{"damage":20.0,"enemies":"3 Byrds","floor":18.0,"turns":7.0},{"damage":29.0,"enemies":"Shell Parasite","floor":19.0,"turns":7.0},{"damage":40,"enemies":"Snecko","floor":29,"turns":6},{"damage":61,"enemies":"3 Cultists","floor":31,"turns":7},{"damage":37,"enemies":"Collector","floor":33,"turns":5}],"seed_played":"9115509992428344444","potions_obtained":[{"floor":0.0,"key":"Poison Potion"},{"floor":1.0,"key":"Poison Potion"},{"floor":12.0,"key":"BloodPotion"},{"floor":14.0,"key":"SkillPotion"},{"floor":16.0,"key":"SteroidPotion"}],"is_trial":false,"path_per_floor":["M","?","?","M","M","R","E","$","T","R","M","M","?","M","R","B",null,"M","M","$","?","$","R","?","R","T","?","R","M","R","M","R","B"],"character_chosen":"IRONCLAD","items_purchased":["Armaments","Regal Pillow","PrismaticShard"],"campfire_rested":3,"item_purchase_floors":[8,8,20],"current_hp_per_floor":[83,79,79,79,79,79,45,45,45,45,44,44,44,44,79,44,79,59,30,30,30,30,42,42,54,54,54,55,23,55,7,50,23],"gold":109,"neow_bonus":"BOSS_RELIC","is_prod":false,"is_daily":false,"chose_seed":false,"campfire_upgraded":5,"win_rate":0,"timestamp":1552525044,"path_taken":["M","?","?","M","M","R","E","$","T","R","M","M","?","?","R","BOSS","M","M","$","?","$","R","?","R","T","?","R","M","R","M","R","BOSS"],"build_version":"2019-01-23","purchased_purges":0,"victory":false,"max_hp_per_floor":[85,79,79,79,79,79,79,79,79,79,79,79,79,79,79,79,79,79,79,79,79,79,79,79,79,79,55,55,55,55,55,55,55],"card_choices":[{"not_picked":["Seeing Red","Armaments"],"picked":"Anger","floor":0.0},{"not_picked":["Sever Soul","Heavy Blade"],"picked":"Flex","floor":1.0},{"not_picked":["Intimidate","Perfected Strike"],"picked":"Shrug It Off","floor":4.0},{"not_picked":["Heavy Blade","Dropkick"],"picked":"Shrug It Off","floor":5.0},{"not_picked":["Barricade","Perfected Strike"],"picked":"Clash","floor":7.0},{"not_picked":["Thunderclap","Warcry"],"picked":"Armaments","floor":11.0},{"not_picked":["Iron Wave","Wild Strike"],"picked":"Brutality","floor":12.0},{"not_picked":["Pommel Strike","Feel No Pain","Burning Pact"],"picked":"SKIP","floor":14.0},{"not_picked":["Dark Embrace","Demon Form"],"picked":"Double Tap","floor":16.0},{"not_picked":["Carnage","Perfected Strike"],"picked":"Ghostly Armor+1","floor":18.0},{"not_picked":["Twin Strike+1","Body Slam"],"picked":"Anger","floor":19.0},{"not_picked":["Feel No Pain","Compile Driver","Iron Wave"],"picked":"SKIP","floor":29},{"not_picked":["Bane","Clothesline"],"picked":"Havoc+1","floor":31}],"player_experience":688564,"relics_obtained":[{"floor":7.0,"key":"Bottled Lightning"},{"floor":9.0,"key":"Matryoshka"},{"floor":26,"key":"Sundial"},{"floor":26,"key":"Bottled Flame"}],"event_choices":[{"damage_healed":0.0,"max_hp_gain":0.0,"max_hp_loss":6.0,"gold_gain":0.0,"event_name":"Golden Idol","player_choice":"Lose Max HP","floor":2.0,"gold_loss":0.0,"damage_taken":0.0,"relics_obtained":["Golden Idol"]},{"damage_healed":0.0,"max_hp_gain":0.0,"max_hp_loss":0.0,"gold_gain":0.0,"event_name":"Living Wall","player_choice":"Grow","floor":3.0,"gold_loss":0.0,"damage_taken":0.0,"cards_upgraded":["Flex"]},{"damage_healed":0.0,"max_hp_gain":0.0,"max_hp_loss":0.0,"gold_gain":0.0,"event_name":"Shining Light","player_choice":"Ignored","floor":13.0,"gold_loss":0.0,"damage_taken":0.0},{"damage_healed":0,"gold_gain":0,"player_choice":"Paid Fearfully","damage_taken":0,"max_hp_gain":0,"max_hp_loss":0,"event_name":"Masked Bandits","floor":21,"gold_loss":79},{"damage_healed":0,"gold_gain":0,"player_choice":"Obtain J.A.X.","damage_taken":0,"max_hp_gain":0,"max_hp_loss":0,"event_name":"Drug Dealer","floor":24,"gold_loss":0,"cards_obtained":["J.A.X."]},{"damage_healed":0,"gold_gain":0,"player_choice":"Became a vampire","damage_taken":0,"max_hp_gain":0,"max_hp_loss":24,"event_name":"Vampires","floor":27,"gold_loss":0,"cards_obtained":["Bite","Bite","Bite","Bite","Bite"]}],"is_beta":false,"boss_relics":[{"not_picked":["Lizard Tail","Philosopher\u0027s Stone"],"picked":"Eternal Feather"}],"items_purged_floors":[],"is_endless":false,"potions_floor_spawned":[1,12,14,16],"killed_by":"Collector","ascension_level":4}