{"gold_per_floor":[211,222,67,83,100,100,120,131,179,191,230,262,274,286],"floor_reached":14,"playtime":598,"items_purged":["Strike_B"],"score":160,"play_id":"b95d7e40-e891-4267-8c9b-8cbbe8c7b178","local_time":"20190306160018","is_ascension_mode":true,"campfire_choices":[{"floor":6,"key":"REST"},{"floor":10,"key":"REST"}],"neow_cost":"NONE","seed_source_timestamp":59511678992000,"circlet_count":0,"master_deck":["AscendersBane","Strike_B","Strike_B","Defend_B","Defend_B","Defend_B","Defend_B","Zap","Dualcast","Capacitor","Coolheaded","Loop","Cold Snap","Defragment","Stack","Ball Lightning","Electrodynamics","Darkness"],"relics":["Cracked Core","MawBank","Bag of Marbles"],"potions_floor_usage":[5,12,14],"damage_taken":[{"damage":6,"enemies":"Cultist","floor":1,"turns":3},{"damage":3,"enemies":"2 Louse","floor":2,"turns":3},{"damage":4,"enemies":"Jaw Worm","floor":4,"turns":6},{"damage":18,"enemies":"Gremlin Gang","floor":5,"turns":5},{"damage":16,"enemies":"Large Slime","floor":7,"turns":8},{"damage":16,"enemies":"Red Slaver","floor":8,"turns":5},{"damage":12,"enemies":"Lagavulin","floor":11,"turns":8},{"damage":14,"enemies":"Exordium Thugs","floor":12,"turns":3},{"damage":16,"enemies":"Gremlin Nob","floor":14,"turns":4}],"seed_played":"-873022114442705249","potions_obtained":[{"floor":2,"key":"SkillPotion"},{"floor":8,"key":"SpeedPotion"},{"floor":11,"key":"Energy Potion"}],"is_trial":false,"path_per_floor":["M","M","$","M","M","R","M","M","T","R","E","M","?","E"],"character_chosen":"DEFECT","items_purchased":["Loop","Cold Snap"],"campfire_rested":2,"item_purchase_floors":[3,3],"current_hp_per_floor":[58,55,55,51,33,54,38,22,22,43,31,17,17,1],"gold":286,"neow_bonus":"HUNDRED_GOLD","is_prod":false,"is_daily":false,"chose_seed":false,"campfire_upgraded":0,"win_rate":0,"timestamp":1551909618,"path_taken":["M","?","$","M","?","R","M","M","T","R","E","M","?","E"],"build_version":"2019-01-23","purchased_purges":1,"victory":false,"max_hp_per_floor":[71,71,71,71,71,71,71,71,71,71,71,71,71,71],"card_choices":[{"not_picked":["Coolheaded","Force Field"],"picked":"Capacitor","floor":1},{"not_picked":["Leap","Melter"],"picked":"Coolheaded","floor":2},{"not_picked":["Rip and Tear","Leap"],"picked":"Defragment","floor":4},{"not_picked":["Beam Cell","Recycle"],"picked":"Stack","floor":5},{"not_picked":["Barrage","Turbo"],"picked":"Ball Lightning","floor":7},{"not_picked":["Streamline","Aggregate","Turbo"],"picked":"SKIP","floor":8},{"not_picked":["Rebound","Turbo"],"picked":"Electrodynamics","floor":11},{"not_picked":["Go for the Eyes","Turbo"],"picked":"Darkness","floor":12}],"player_experience":645521,"relics_obtained":[{"floor":9,"key":"MawBank"},{"floor":11,"key":"Bag of Marbles"}],"event_choices":[{"cards_removed":["Strike_B"],"damage_healed":0,"gold_gain":0,"player_choice":"Purged","damage_taken":0,"max_hp_gain":0,"max_hp_loss":0,"event_name":"Purifier","floor":13,"gold_loss":0}],"is_beta":false,"boss_relics":[],"items_purged_floors":[3],"is_endless":false,"potions_floor_spawned":[2,8,11],"killed_by":"Gremlin Nob","ascension_level":14}