{"gold_per_floor":[118,133,133,96,112,138,138,138,138,158,172,188,188,208,208,310,310,328,243,243,262,273,302,302,321,321,321,340,340,359,375,375,375],"floor_reached":33,"playtime":2484,"items_purged":[],"score":298,"play_id":"b7a7b7f8-9e84-4416-b4e9-32b975137b30","local_time":"20190402201629","is_ascension_mode":false,"campfire_choices":[{"data":"Crippling Poison","floor":8.0,"key":"SMITH"},{"floor":13.0,"key":"REST"},{"data":"Flying Knee","floor":15.0,"key":"SMITH"},{"floor":24,"key":"REST"},{"floor":27,"key":"REST"},{"floor":29,"key":"REST"},{"floor":32,"key":"REST"}],"neow_cost":"NONE","seed_source_timestamp":0,"circlet_count":0,"master_deck":["Defend_G","Defend_G","Defend_G","Defend_G","Defend_G","Strike_G","Strike_G","Strike_G","Strike_G","Strike_G","Survivor","Neutralize","Crippling Poison+1","Flying Knee","Caltrops","Dagger Spray","Flying Knee+1","Catalyst","Adrenaline","Quick Slash","Sucker Punch+1","Skewer","Acrobatics","Blade Dance+1","Sucker Punch","Bane+1","Die Die Die","Dash+1","Backflip","Catalyst"],"special_seed":0,"relics":["Ring of the Snake","StoneCalendar","Juzu Bracelet","Du-Vu Doll","Sozu","Centennial Puzzle","Pantograph","Pear"],"potions_floor_usage":[],"damage_taken":[{"damage":0.0,"enemies":"2 Louse","floor":1.0,"turns":3.0},{"damage":0.0,"enemies":"Small Slimes","floor":2.0,"turns":3.0},{"damage":2.0,"enemies":"Cultist","floor":5.0,"turns":4.0},{"damage":22.0,"enemies":"3 Sentries","floor":6.0,"turns":7.0},{"damage":5.0,"enemies":"Looter","floor":10.0,"turns":4.0},{"damage":8.0,"enemies":"Large Slime","floor":11.0,"turns":7.0},{"damage":5.0,"enemies":"3 Louse","floor":12.0,"turns":3.0},{"damage":21.0,"enemies":"Exordium Thugs","floor":14.0,"turns":5.0},{"damage":18.0,"enemies":"The Guardian","floor":16.0,"turns":9.0},{"damage":0,"enemies":"3 Byrds","floor":18,"turns":3},{"damage":7,"enemies":"Chosen","floor":21,"turns":4},{"damage":32,"enemies":"Sentry and Sphere","floor":22,"turns":6},{"damage":37,"enemies":"Book of Stabbing","floor":23,"turns":5},{"damage":9,"enemies":"Centurion and Healer","floor":25,"turns":5},{"damage":4,"enemies":"Snecko","floor":28,"turns":4},{"damage":27,"enemies":"Cultist and Chosen","floor":30,"turns":5},{"damage":21,"enemies":"Snake Plant","floor":31,"turns":4},{"damage":76,"enemies":"Champ","floor":33,"turns":9}],"seed_played":"-3301731776326551293","potions_obtained":[{"floor":1.0,"key":"GhostInAJar"},{"floor":12.0,"key":"Fire Potion"},{"floor":14.0,"key":"Explosive Potion"}],"is_trial":false,"path_per_floor":["M","M","?","$","M","E","?","R","T","M","M","M","R","M","R","B",null,"M","?","?","M","M","E","R","M","T","R","M","R","M","M","R","B"],"character_chosen":"THE_SILENT","items_purchased":["Caltrops"],"campfire_rested":5,"item_purchase_floors":[4],"current_hp_per_floor":[77,77,65,65,63,41,66,66,66,61,53,48,71,50,50,32,77,77,77,77,70,38,1,24,15,25,51,47,73,46,25,51,0],"gold":375,"neow_bonus":"TEN_PERCENT_HP_BONUS","is_prod":false,"is_daily":false,"chose_seed":false,"campfire_upgraded":2,"win_rate":0.0,"timestamp":1554250589,"path_taken":["M","M","?","$","M","E","?","R","T","M","M","M","R","M","R","BOSS","M","?","?","M","M","E","R","M","T","R","M","R","M","M","R","BOSS"],"build_version":"2019-01-23","purchased_purges":0,"victory":false,"max_hp_per_floor":[77,77,77,77,77,77,77,77,77,77,77,77,77,77,77,77,77,77,77,77,77,77,77,77,77,87,87,87,87,87,87,87,87],"card_choices":[{"not_picked":["Catalyst","Dodge and Roll"],"picked":"Crippling Poison","floor":1.0},{"not_picked":["Dodge and Roll","Expertise"],"picked":"Flying Knee","floor":2.0},{"not_picked":["Expertise","Underhanded Strike"],"picked":"Dagger Spray","floor":5.0},{"not_picked":["Poisoned Stab","Sucker Punch"],"picked":"Flying Knee","floor":6.0},{"not_picked":["Flechettes","Deadly Poison"],"picked":"Bane","floor":10.0},{"not_picked":["Leg Sweep","Prepared"],"picked":"Catalyst","floor":11.0},{"not_picked":["Blade Dance","Flying Knee"],"picked":"Adrenaline","floor":12.0},{"not_picked":["Choke","Masterful Stab"],"picked":"Quick Slash","floor":14.0},{"not_picked":["Glass Knife","Unload"],"picked":"Die Die Die","floor":16.0},{"not_picked":["Reflex+1","Infinite Blades"],"picked":"Sucker Punch+1","floor":18},{"not_picked":["Blur","Tactician"],"picked":"Blade Dance+1","floor":21},{"not_picked":["Acrobatics","Underhanded Strike"],"picked":"Sucker Punch","floor":22},{"not_picked":["Flechettes","Expertise"],"picked":"Bane+1","floor":23},{"not_picked":["Poisoned Stab","Sucker Punch+1"],"picked":"Die Die Die","floor":25},{"not_picked":["Poisoned Stab","Reflex+1"],"picked":"Dash+1","floor":28},{"not_picked":["All Out Attack","Prepared"],"picked":"Backflip","floor":30},{"not_picked":["Finisher","Acrobatics"],"picked":"Catalyst","floor":31}],"player_experience":29286,"relics_obtained":[{"floor":6.0,"key":"Juzu Bracelet"},{"floor":9.0,"key":"Du-Vu Doll"},{"floor":23,"key":"Pantograph"},{"floor":26,"key":"Pear"}],"event_choices":[{"damage_healed":0.0,"max_hp_gain":0.0,"max_hp_loss":0.0,"gold_gain":0.0,"event_name":"Scrap Ooze","player_choice":"Success","floor":3.0,"gold_loss":0.0,"damage_taken":12.0,"relics_obtained":["StoneCalendar"]},{"damage_healed":25.0,"max_hp_gain":0.0,"max_hp_loss":0.0,"gold_gain":0.0,"event_name":"Big Fish","player_choice":"Banana","floor":7.0,"gold_loss":0.0,"damage_taken":0.0},{"damage_healed":0,"gold_gain":0,"player_choice":"Obtained Relic","damage_taken":0,"relics_obtained":["Centennial Puzzle"],"max_hp_gain":0,"max_hp_loss":0,"event_name":"Addict","floor":19,"gold_loss":85},{"damage_healed":0,"gold_gain":0,"cards_transformed":["Bane","Die Die Die"],"player_choice":"Became Test Subject","damage_taken":0,"max_hp_gain":0,"max_hp_loss":0,"event_name":"Drug Dealer","floor":20,"gold_loss":0,"cards_obtained":["Skewer","Acrobatics"]}],"is_beta":false,"boss_relics":[{"not_picked":["Cursed Key","Eternal Feather"],"picked":"Sozu"}],"items_purged_floors":[],"is_endless":false,"potions_floor_spawned":[1,12,14,18,22,23],"killed_by":"Champ","ascension_level":0}