{"gold_per_floor":[116,116,9,28,45,110,110,138,138,172,184,184],"floor_reached":12,"playtime":4885,"items_purged":[],"score":191,"play_id":"899f795e-117a-445b-a551-20ea67ac316b","local_time":"20190324155328","is_ascension_mode":true,"campfire_choices":[{"floor":7.0,"key":"REST"}],"neow_cost":"NONE","seed_source_timestamp":316558991204488,"circlet_count":0,"master_deck":["AscendersBane","Strike_B","Strike_B","Strike_B","Strike_B","Defend_B","Defend_B","Defend_B","Defend_B","Zap","Dualcast","Defragment","Leap","Ball Lightning","Coolheaded","Glacier","Cold Snap","Conserve Battery","Machine Learning","Chill"],"special_seed":0,"relics":["Black Star","Tiny Chest","Shuriken","Oddly Smooth Stone","Singing Bowl","Centennial Puzzle","Pen Nib","Symbiotic Virus"],"potions_floor_usage":[12],"damage_taken":[{"damage":1.0,"enemies":"Cultist","floor":1.0,"turns":3.0},{"damage":9.0,"enemies":"Jaw Worm","floor":4.0,"turns":4.0},{"damage":13.0,"enemies":"2 Louse","floor":5.0,"turns":3.0},{"damage":28.0,"enemies":"Gremlin Nob","floor":6.0,"turns":6.0},{"damage":9.0,"enemies":"Lagavulin","floor":8.0,"turns":8.0},{"damage":5,"enemies":"3 Sentries","floor":10,"turns":12},{"damage":0,"enemies":"Blue Slaver","floor":11,"turns":5},{"damage":25,"enemies":"Gremlin Nob","floor":12,"turns":3}],"seed_played":"-286686686947564555","potions_obtained":[{"floor":4.0,"key":"Strength Potion"},{"floor":8.0,"key":"Energy Potion"},{"floor":11,"key":"Ancient Potion"}],"is_trial":false,"path_per_floor":["M","?","$","M","M","E","R","E","T","E","M","E"],"character_chosen":"DEFECT","items_purchased":["Leap","Ball Lightning"],"campfire_rested":1,"item_purchase_floors":[3,3],"current_hp_per_floor":[63,63,63,54,41,13,34,25,25,20,20,0],"gold":184,"neow_bonus":"BOSS_RELIC","is_prod":false,"is_daily":false,"chose_seed":false,"campfire_upgraded":0,"win_rate":0,"timestamp":1553460808,"path_taken":["M","?","$","M","M","E","R","E","T","E","M","E"],"build_version":"2019-01-23","purchased_purges":0,"victory":false,"max_hp_per_floor":[71,71,71,71,71,71,71,71,71,71,71,71],"card_choices":[{"not_picked":["Steam","Streamline"],"picked":"Defragment","floor":1.0},{"not_picked":["Darkness","Hologram"],"picked":"Coolheaded","floor":4.0},{"not_picked":["Rip and Tear","Hello World"],"picked":"Glacier","floor":5.0},{"not_picked":["White Noise","Ball Lightning"],"picked":"Cold Snap","floor":6.0},{"not_picked":["Compile Driver","Go for the Eyes"],"picked":"Conserve Battery","floor":8.0},{"not_picked":["Sweeping Beam","Coolheaded"],"picked":"Machine Learning","floor":10},{"not_picked":["Steam Power","Redo"],"picked":"Chill","floor":11}],"player_experience":816137,"relics_obtained":[{"floor":6.0,"key":"Tiny Chest"},{"floor":6.0,"key":"Shuriken"},{"floor":8.0,"key":"Oddly Smooth Stone"},{"floor":8.0,"key":"Singing Bowl"},{"floor":9.0,"key":"Centennial Puzzle"},{"floor":10,"key":"Pen Nib"},{"floor":10,"key":"Symbiotic Virus"}],"event_choices":[{"damage_healed":0.0,"max_hp_gain":0.0,"max_hp_loss":0.0,"gold_gain":0.0,"event_name":"Shining Light","player_choice":"Ignored","floor":2.0,"gold_loss":0.0,"damage_taken":0.0}],"is_beta":false,"boss_relics":[],"items_purged_floors":[],"is_endless":false,"potions_floor_spawned":[4,8,11],"killed_by":"Gremlin Nob","ascension_level":19}