{"gold_per_floor":[114,114,128,145,14,14,14,14,41,60,60,74,74,93,93,170,170,190,207,70,85,135,135,135,149,149,149,149,149],"floor_reached":29,"playtime":10281,"items_purged":["Regret"],"score":419,"play_id":"f8f94048-88fb-4a6d-867f-6056418a78fa","local_time":"20190328181920","is_ascension_mode":true,"campfire_choices":[{"floor":6.0,"key":"REST"},{"floor":13.0,"key":"REST"},{"floor":15.0,"key":"REST"},{"floor":23.0,"key":"REST"}],"neow_cost":"CURSE","seed_source_timestamp":671097400366655,"circlet_count":0,"master_deck":["AscendersBane","Strike_B","Defend_B","Defend_B","Defend_B","Defend_B","Zap","Dualcast","Machine Learning","Fission+1","Blizzard","Cold Snap","Rebound","Compile Driver","Cold Snap","Steam","Coolheaded","Echo Form","Coolheaded","Barrage","Capacitor+1","Redo","Auto Shields"],"special_seed":0,"relics":["DataDisk","Velvet Choker","Matryoshka","Nloth\u0027s Gift"],"potions_floor_usage":[],"damage_taken":[{"damage":18.0,"enemies":"2 Louse","floor":1.0,"turns":4.0},{"damage":1.0,"enemies":"Cultist","floor":3.0,"turns":3.0},{"damage":12.0,"enemies":"Jaw Worm","floor":4.0,"turns":3.0},{"damage":9.0,"enemies":"Red Slaver","floor":10.0,"turns":2.0},{"damage":9.0,"enemies":"2 Fungi Beasts","floor":12.0,"turns":2.0},{"damage":16.0,"enemies":"Exordium Thugs","floor":14.0,"turns":3.0},{"damage":51.0,"enemies":"Hexaghost","floor":16.0,"turns":13.0},{"damage":7.0,"enemies":"Shell Parasite","floor":18.0,"turns":6.0},{"damage":0.0,"enemies":"Spheric Guardian","floor":19.0,"turns":4.0},{"damage":24.0,"enemies":"3 Cultists","floor":21.0,"turns":6.0},{"damage":14.0,"enemies":"Snecko","floor":25.0,"turns":6.0},{"damage":42,"enemies":"Cultist and Chosen","floor":29,"turns":6}],"seed_played":"1809123181106961038","potions_obtained":[{"floor":8.0,"key":"AttackPotion"},{"floor":8.0,"key":"Swift Potion"},{"floor":10.0,"key":"Explosive Potion"},{"floor":12.0,"key":"Fire Potion"},{"floor":16.0,"key":"Strength Potion"},{"floor":18.0,"key":"SteroidPotion"},{"floor":19.0,"key":"Poison Potion"},{"floor":21.0,"key":"Strength Potion"}],"is_trial":false,"path_per_floor":["M","?","M","M","$","R","$","?","T","M","?","M","R","M","R","B",null,"M","M","$","M","?","R","?","M","T","?","?","M"],"character_chosen":"DEFECT","items_purchased":["Compile Driver","Capacitor","SkillPotion"],"campfire_rested":4,"item_purchase_floors":[5,20,20],"current_hp_per_floor":[46,46,45,33,33,54,54,54,54,45,38,29,50,34,55,4,54,47,47,47,23,23,44,44,30,30,30,30,0],"gold":149,"neow_bonus":"TRANSFORM_TWO_CARDS","is_prod":false,"is_daily":false,"chose_seed":false,"campfire_upgraded":0,"win_rate":0,"timestamp":1553815160,"path_taken":["M","?","?","M","$","R","?","?","T","?","?","M","R","M","R","BOSS","M","M","$","M","?","R","?","?","T","?","?","?"],"build_version":"2019-01-23","purchased_purges":1,"victory":false,"max_hp_per_floor":[71,71,71,71,71,71,71,71,71,71,71,71,71,71,71,71,71,71,71,71,71,71,71,71,71,71,71,71,71],"card_choices":[{"not_picked":["Turbo","Skim"],"picked":"Blizzard","floor":1.0},{"not_picked":["Leap","Steam"],"picked":"Cold Snap","floor":3.0},{"not_picked":["Blizzard","Sunder"],"picked":"Rebound","floor":4.0},{"not_picked":["Steam","Force Field"],"picked":"Cold Snap","floor":10.0},{"not_picked":["Hologram","Heatsinks"],"picked":"Steam","floor":12.0},{"not_picked":["Hologram","Turbo"],"picked":"Coolheaded","floor":14.0},{"not_picked":["Thunder Strike","All For One"],"picked":"Echo Form","floor":16.0},{"not_picked":["BootSequence","Force Field"],"picked":"Coolheaded","floor":18.0},{"not_picked":["Ball Lightning","Sweeping Beam"],"picked":"Barrage","floor":19.0},{"not_picked":["Leap","Tempest"],"picked":"Redo","floor":21.0},{"not_picked":["Tempest","Barrage"],"picked":"Auto Shields","floor":25.0}],"player_experience":844246,"relics_obtained":[{"floor":9.0,"key":"DataDisk"},{"floor":26.0,"key":"Matryoshka"}],"event_choices":[{"damage_healed":0.0,"max_hp_gain":0.0,"max_hp_loss":0.0,"gold_gain":0.0,"event_name":"Accursed Blacksmith","player_choice":"Forge","floor":2.0,"gold_loss":0.0,"damage_taken":0.0,"cards_upgraded":["Fission"]},{"damage_healed":0.0,"max_hp_gain":0.0,"max_hp_loss":0.0,"gold_gain":0.0,"event_name":"Lab","player_choice":"Got Potions","floor":8.0,"gold_loss":0.0,"damage_taken":0.0},{"cards_removed":["Strike_B"],"damage_healed":0.0,"max_hp_gain":0.0,"max_hp_loss":0.0,"gold_gain":0.0,"event_name":"Golden Wing","player_choice":"Card Removal","floor":11.0,"gold_loss":0.0,"damage_taken":7.0},{"damage_healed":0.0,"max_hp_gain":0.0,"max_hp_loss":0.0,"gold_gain":50.0,"event_name":"Nest","player_choice":"Stole From Cult","floor":22.0,"gold_loss":0.0,"damage_taken":0.0},{"damage_healed":0.0,"max_hp_gain":0.0,"max_hp_loss":0.0,"gold_gain":0.0,"event_name":"Upgrade Shrine","player_choice":"Upgraded","floor":24.0,"gold_loss":0.0,"damage_taken":0.0,"cards_upgraded":["Capacitor"]},{"damage_healed":0,"gold_gain":0,"player_choice":"Ignored","damage_taken":0,"max_hp_gain":0,"max_hp_loss":0,"event_name":"Cursed Tome","floor":27,"gold_loss":0},{"damage_healed":0,"gold_gain":0,"player_choice":"Traded Relic","damage_taken":0,"relics_obtained":["Nloth\u0027s Gift"],"max_hp_gain":0,"max_hp_loss":0,"event_name":"N\u0027loth","floor":28,"relics_lost":["Cracked Core"],"gold_loss":0}],"is_beta":false,"boss_relics":[{"not_picked":["White Beast Statue","Sozu"],"picked":"Velvet Choker"}],"items_purged_floors":[5],"is_endless":false,"potions_floor_spawned":[10,12,16,18,19,21],"killed_by":"Cultist and Chosen","ascension_level":19}