{"gold_per_floor":[114,114,189,189,205,205,215,215,291,325,340,29,29,1,1,77,77,89,4,4],"floor_reached":20,"playtime":527,"items_purged":[],"score":340,"play_id":"08c2d90c-4307-4ec1-9fe9-f0704e2bf583","local_time":"20190411221318","is_ascension_mode":true,"campfire_choices":[{"floor":6,"key":"REST"},{"floor":8,"key":"REST"},{"data":"Heatsinks","floor":15,"key":"SMITH"}],"neow_cost":"NONE","seed_source_timestamp":187002474631056,"circlet_count":0,"master_deck":["AscendersBane","Strike_B","Strike_B","Strike_B","Strike_B","Defend_B","Defend_B","Defend_B","Defend_B","Zap","Dualcast","Static Discharge+1","Coolheaded","Heatsinks+1","Stack","Loop","Capacitor","Rebound","Creative AI","Redo"],"relics":["Cracked Core","Lantern","Shuriken","Darkstone Periapt","Cables","Lee\u0027s Waffle","Bag of Preparation","White Beast Statue","Art of War"],"potions_floor_usage":[10,11,16,16],"damage_taken":[{"damage":5,"enemies":"2 Louse","floor":1,"turns":2},{"damage":14,"enemies":"Small Slimes","floor":5,"turns":3},{"damage":2,"enemies":"Cultist","floor":7,"turns":3},{"damage":25,"enemies":"Lagavulin","floor":10,"turns":6},{"damage":2,"enemies":"Blue Slaver","floor":11,"turns":3},{"damage":47,"enemies":"Hexaghost","floor":16,"turns":5},{"damage":37,"enemies":"Spheric Guardian","floor":18,"turns":5},{"damage":0,"enemies":"2 Thieves","floor":20,"turns":1}],"seed_played":"-6304061197120248365","potions_obtained":[{"floor":1,"key":"Strength Potion"},{"floor":5,"key":"PowerPotion"},{"floor":10,"key":"Swift Potion"},{"floor":11,"key":"AttackPotion"},{"floor":18,"key":"Strength Potion"}],"is_trial":false,"path_per_floor":["M","?","?","?","M","R","M","R","T","E","M","$","?","$","R","B",null,"M","?","M"],"character_chosen":"DEFECT","items_purchased":["Lee\u0027s Waffle","Capacitor","PowerPotion","Rebound"],"campfire_rested":2,"item_purchase_floors":[12,12,12,14],"current_hp_per_floor":[59,41,30,30,16,37,35,56,56,31,29,78,78,78,78,31,66,29,29,29],"gold":4,"neow_bonus":"RANDOM_COMMON_RELIC","is_prod":false,"is_daily":false,"chose_seed":false,"campfire_upgraded":1,"win_rate":0,"timestamp":1555038798,"path_taken":["M","?","?","?","M","R","M","R","T","E","?","$","?","$","R","BOSS","M","?","M"],"build_version":"2019-01-23","purchased_purges":0,"victory":false,"max_hp_per_floor":[71,71,71,71,71,71,71,71,71,71,71,78,78,78,78,78,78,78,78,78],"card_choices":[{"not_picked":["Turbo","Force Field"],"picked":"Static Discharge","floor":1},{"not_picked":["Doom and Gloom","Melter"],"picked":"Coolheaded","floor":5},{"not_picked":["Stack","Steam"],"picked":"Heatsinks","floor":7},{"not_picked":["Beam Cell","Aggregate"],"picked":"Stack","floor":10},{"not_picked":["Melter","Beam Cell"],"picked":"Loop","floor":11},{"not_picked":["Meteor Strike","Hyperbeam"],"picked":"Creative AI","floor":16},{"not_picked":["Double Energy","Sweeping Beam+1"],"picked":"Redo","floor":18}],"player_experience":917503,"relics_obtained":[{"floor":9,"key":"Darkstone Periapt"},{"floor":10,"key":"Cables"}],"event_choices":[{"damage_healed":0,"gold_gain":0,"player_choice":"Success","damage_taken":18,"relics_obtained":["Shuriken"],"max_hp_gain":0,"max_hp_loss":0,"event_name":"Scrap Ooze","floor":2,"gold_loss":0},{"damage_healed":0,"gold_gain":75,"player_choice":"Gather Gold","damage_taken":11,"max_hp_gain":0,"max_hp_loss":0,"event_name":"World of Goop","floor":3,"gold_loss":0},{"damage_healed":0,"gold_gain":0,"player_choice":"Forge","damage_taken":0,"max_hp_gain":0,"max_hp_loss":0,"event_name":"Accursed Blacksmith","floor":4,"gold_loss":0,"cards_upgraded":["Static Discharge"]},{"damage_healed":0,"gold_gain":0,"player_choice":"Searched \u00271\u0027 times","damage_taken":0,"relics_obtained":["Bag of Preparation"],"max_hp_gain":0,"max_hp_loss":0,"event_name":"Dead Adventurer","floor":13,"gold_loss":0},{"damage_healed":0,"gold_gain":0,"player_choice":"Obtained Relic","damage_taken":0,"relics_obtained":["Art of War"],"max_hp_gain":0,"max_hp_loss":0,"event_name":"Addict","floor":19,"gold_loss":85}],"is_beta":false,"boss_relics":[{"not_picked":["Calling Bell","Pandora\u0027s Box"],"picked":"White Beast Statue"}],"items_purged_floors":[],"is_endless":false,"potions_floor_spawned":[1,5,10,11,18],"killed_by":"2 Thieves","ascension_level":20}