{"gold_per_floor":[109,127,127,127,145,145,158,158,181,215,230,240,253,253],"floor_reached":14,"playtime":445,"items_purged":[],"score":94,"play_id":"75f963fc-f9ce-402a-ab01-48b6b76905c0","local_time":"20190405002654","is_ascension_mode":false,"campfire_choices":[{"data":"Neutralize","floor":6,"key":"SMITH"}],"neow_cost":"NONE","seed_source_timestamp":816739371334931,"circlet_count":0,"master_deck":["Defend_G","Defend_G","Defend_G","Defend_G+1","Defend_G","Strike_G","Strike_G","Strike_G","Strike_G","Strike_G","Survivor","Neutralize+1","Escape Plan+1","Finisher","Flying Knee","Footwork","Regret","Backstab","Poisoned Stab","PiercingWail","Dodge and Roll"],"relics":["Ring of the Snake","NeowsBlessing","Anchor","War Paint","Snake Skull","Bag of Preparation"],"potions_floor_usage":[10,14],"damage_taken":[{"damage":0,"enemies":"2 Louse","floor":1,"turns":1},{"damage":0,"enemies":"Cultist","floor":2,"turns":1},{"damage":0,"enemies":"Jaw Worm","floor":5,"turns":1},{"damage":3,"enemies":"Large Slime","floor":7,"turns":7},{"damage":41,"enemies":"3 Sentries","floor":10,"turns":14},{"damage":7,"enemies":"Lots of Slimes","floor":11,"turns":4},{"damage":2,"enemies":"Looter","floor":12,"turns":3},{"damage":1,"enemies":"Exordium Thugs","floor":13,"turns":5},{"damage":4,"enemies":"2 Fungi Beasts","floor":14,"turns":1}],"seed_played":"7464696687281496252","potions_obtained":[{"floor":4,"key":"Dexterity Potion"},{"floor":4,"key":"SneckoOil"},{"floor":4,"key":"Dexterity Potion"},{"floor":10,"key":"Ancient Potion"},{"floor":12,"key":"EssenceOfSteel"}],"is_trial":false,"path_per_floor":["M","M","?","?","M","R","M","?","T","E","M","M","M","M"],"character_chosen":"THE_SILENT","items_purchased":[],"campfire_rested":0,"item_purchase_floors":[],"current_hp_per_floor":[70,70,58,58,58,58,55,55,55,14,7,5,4,0],"gold":253,"neow_bonus":"THREE_ENEMY_KILL","is_prod":false,"is_daily":false,"chose_seed":false,"campfire_upgraded":1,"win_rate":0,"timestamp":1554445614,"path_taken":["M","M","?","?","?","R","M","?","T","E","M","M","M","M"],"build_version":"2019-01-23","purchased_purges":0,"victory":false,"max_hp_per_floor":[70,70,70,70,70,70,70,70,70,70,70,70,70,70],"card_choices":[{"not_picked":["Acrobatics","Tactician"],"picked":"Escape Plan","floor":1},{"not_picked":["Underhanded Strike","PiercingWail"],"picked":"Finisher","floor":2},{"not_picked":["Catalyst","Slice"],"picked":"Flying Knee","floor":5},{"not_picked":["Cloak And Dagger","Prepared"],"picked":"Footwork","floor":7},{"not_picked":["Escape Plan","Prepared"],"picked":"Backstab","floor":10},{"not_picked":["Sucker Punch","Quick Slash"],"picked":"Poisoned Stab","floor":11},{"not_picked":["Reflex","Blade Dance"],"picked":"PiercingWail","floor":12},{"not_picked":["Heel Hook","Predator"],"picked":"Dodge and Roll","floor":13}],"player_experience":179183,"relics_obtained":[{"floor":9,"key":"Snake Skull"},{"floor":10,"key":"Bag of Preparation"}],"event_choices":[{"damage_healed":0,"gold_gain":0,"player_choice":"Success","damage_taken":12,"relics_obtained":["Anchor"],"max_hp_gain":0,"max_hp_loss":0,"event_name":"Scrap Ooze","floor":3,"gold_loss":0},{"damage_healed":0,"gold_gain":0,"player_choice":"Got Potions","damage_taken":0,"max_hp_gain":0,"max_hp_loss":0,"event_name":"Lab","floor":4,"gold_loss":0},{"damage_healed":0,"gold_gain":0,"player_choice":"Box","damage_taken":0,"relics_obtained":["War Paint"],"max_hp_gain":0,"max_hp_loss":0,"event_name":"Big Fish","floor":8,"gold_loss":0,"cards_obtained":["Regret"]}],"is_beta":false,"boss_relics":[],"items_purged_floors":[],"is_endless":false,"potions_floor_spawned":[5,10,11,12],"killed_by":"2 Fungi Beasts","ascension_level":0}