{"path_per_floor":["M","M","?","?","M","E","M","R","T","$","E","?","?","M","R","B",null,"M","M","M","$","?","R","M","$","T","R","M","M","R","$","R","B",null,"M","?","M","?","?","M","R","T","T","M","M","M","R","M","R"],"character_chosen":"THE_SILENT","items_purchased":["Explosive Potion","GhostInAJar","Dark Shackles","Infinite Blades","Bouncing Flask","Fire Potion"],"gold_per_floor":[113,133,133,133,153,184,194,194,242,11,37,37,37,51,51,150,150,169,184,200,87,87,87,97,19,45,45,61,80,80,28,28,128,158,170,170,187,187,187,206,206,255,255,266,284,284,284,301,301,301],"floor_reached":50,"campfire_rested":8,"playtime":4417,"current_hp_per_floor":[70,70,70,70,70,51,50,50,50,50,40,33,50,43,64,25,70,62,48,6,6,6,26,2,2,2,22,19,16,36,36,56,24,72,67,67,40,58,58,20,41,41,41,41,10,12,35,7,30,0],"items_purged":["Parasite"],"gold":301,"score":456,"play_id":"aa4b6945-3572-482c-96d2-3e0fd7da5eee","local_time":"20180513130321","is_prod":false,"is_daily":false,"chose_seed":false,"is_ascension_mode":false,"campfire_upgraded":1,"timestamp":1526241801,"path_taken":["M","M","?","?","?","E","M","R","T","$","E","?","?","M","R","BOSS","M","M","M","$","?","R","M","$","T","R","M","M","R","$","R","BOSS","M","?","M","?","?","M","R","?","T","M","M","?","R","?","R","BOSS"],"build_version":"2018-05-10","seed_source_timestamp":298378308184930,"purchased_purges":2,"victory":false,"master_deck":["Defend_G+1","Defend_G+1","Defend_G+1","Defend_G+1","Defend_G+1","Strike_G+1","Strike_G+1","Strike_G+1","Strike_G+1","Strike_G+1","Survivor+1","Neutralize","Prepared+1","Skewer+1","Dark Shackles","Slice+1","Bouncing Flask","Backstab","Bouncing Flask","Outmaneuver","Quick Slash+1","Unload","Outmaneuver+1","Dark Shackles","Noxious Fumes","Writhe","Backstab","Catalyst+1"],"max_hp_per_floor":[70,70,70,70,70,70,70,70,70,70,70,70,70,70,70,70,70,70,70,70,67,67,67,67,67,67,67,67,67,67,67,67,67,72,72,72,72,72,72,72,72,72,72,77,77,77,77,77,77,77],"relics":["Ring of the Snake","Bottled Lightning","Bag of Marbles","Snake Skull","Vajra","Lizard Tail","War Paint","Tiny House","Dream Catcher","Blood Vial"],"card_choices":[{"not_picked":["Dash","Dodge and Roll"],"picked":"Prepared","floor":5},{"not_picked":["Flying Knee","Deadly Poison"],"picked":"Skewer","floor":7},{"not_picked":["Cloak And Dagger","Skewer"],"picked":"Slice","floor":14},{"not_picked":["Quick Slash","Leg Sweep"],"picked":"Bouncing Flask","floor":19},{"not_picked":["Acrobatics","Deflect"],"picked":"Backstab","floor":24},{"not_picked":["Underhanded Strike","Dodge and Roll"],"picked":"Outmaneuver","floor":28},{"not_picked":["Sucker Punch","Backflip"],"picked":"Quick Slash","floor":29},{"not_picked":["A Thousand Cuts","Wraith Form v2"],"picked":"Unload","floor":33},{"not_picked":["Masterful Stab","Deflect"],"picked":"Outmaneuver","floor":35},{"not_picked":["Sadistic Nature","Mind Blast"],"picked":"Dark Shackles","floor":36},{"not_picked":["Acrobatics","Underhanded Strike"],"picked":"Noxious Fumes","floor":37},{"not_picked":["Well Laid Plans","Leg Sweep"],"picked":"Backstab","floor":44},{"not_picked":["Deadly Poison","All Out Attack"],"picked":"Catalyst","floor":45}],"player_experience":63685,"potions_floor_usage":[6,11,16,16,19,20,33,33,33,44,45,46,50],"damage_taken":[{"damage":0,"enemies":"2 Louse","floor":1,"turns":4},{"damage":0,"enemies":"Jaw Worm","floor":2,"turns":5},{"damage":0,"enemies":"Small Slimes","floor":5,"turns":4},{"damage":19,"enemies":"3 Sentries","floor":6,"turns":10},{"damage":1,"enemies":"Exordium Wildlife","floor":7,"turns":5},{"damage":10,"enemies":"Gremlin Nob","floor":11,"turns":3},{"damage":7,"enemies":"3 Louse","floor":14,"turns":4},{"damage":39,"enemies":"Hexaghost","floor":16,"turns":12},{"damage":8,"enemies":"Chosen","floor":18,"turns":4},{"damage":14,"enemies":"Spheric Guardian","floor":19,"turns":6},{"damage":42,"enemies":"3 Cultists","floor":20,"turns":7},{"damage":24,"enemies":"Sentry and Sphere","floor":24,"turns":5},{"damage":3,"enemies":"Centurion and Healer","floor":28,"turns":5},{"damage":3,"enemies":"Snake Plant","floor":29,"turns":4},{"damage":32,"enemies":"Champ","floor":33,"turns":12},{"damage":5,"enemies":"Orb Walker","floor":35,"turns":3},{"damage":27,"enemies":"3 Darklings","floor":37,"turns":5},{"damage":38,"enemies":"4 Shapes","floor":40,"turns":6},{"damage":7,"enemies":"Sphere and 2 Shapes","floor":44,"turns":5},{"damage":33,"enemies":"3 Darklings","floor":45,"turns":6},{"damage":0,"enemies":"4 Shapes","floor":46,"turns":1},{"damage":30,"enemies":"Sphere and 2 Shapes","floor":48,"turns":6},{"damage":90,"enemies":"Donu and Deca","floor":50,"turns":5}],"event_choices":[{"event_name":"The Cleric","player_choice":"Leave","floor":3,"damage_taken":0},{"event_name":"Golden Wing","player_choice":"Ignored","floor":4,"damage_taken":0},{"event_name":"Scrap Ooze","player_choice":"success","floor":12,"damage_taken":7},{"event_name":"Mushrooms","player_choice":"Healed and dodged fight","floor":13,"damage_taken":0},{"event_name":"Back to Basics","player_choice":"Simplicity","floor":22,"damage_taken":0},{"event_name":"SensoryStone","player_choice":"Memory 1","floor":36,"damage_taken":0},{"event_name":"Winding Halls","player_choice":"Writhe","floor":38,"damage_taken":0}],"boss_relics":[{"not_picked":["Eternal Feather","Snecko Eye"],"picked":"Lizard Tail"},{"not_picked":["Calling Bell","Runic Pyramid"],"picked":"Tiny House"}],"potions_floor_spawned":[5,11,16,19,24,28,33,44,45,46],"seed_played":"-1017589747183136689","killed_by":"Donu and Deca","ascension_level":0,"is_trial":false}