{"gold_per_floor":[113,125,125,135,151,151,170,170,170,170,205,80,98,44,44,163,163,182,198,297,322,322],"floor_reached":22,"playtime":2401,"items_purged":[],"score":178,"play_id":"e9674c4c-b610-4d34-aaf8-06cb4baf6fdc","local_time":"20190307200932","is_ascension_mode":false,"campfire_choices":[{"data":"Flechettes","floor":6,"key":"SMITH"},{"floor":8,"key":"REST"},{"floor":15,"key":"REST"}],"neow_cost":"NONE","seed_source_timestamp":82361552081355,"circlet_count":0,"master_deck":["Defend_G","Defend_G","Defend_G","Defend_G","Defend_G","Strike_G","Strike_G","Strike_G","Strike_G","Strike_G","Survivor","Neutralize","Deflect","Dagger Spray+1","Flechettes+1","Outmaneuver","Masterful Stab","Sucker Punch","Caltrops","Deep Breath","Endless Agony","Flying Knee","Burst","Dodge and Roll+1","Blade Dance","Prepared+1"],"relics":["Ring of the Snake","PreservedInsect","Golden Idol","Odd Mushroom","Lizard Tail"],"potions_floor_usage":[16,16],"damage_taken":[{"damage":0,"enemies":"2 Louse","floor":1,"turns":3},{"damage":7,"enemies":"Jaw Worm","floor":2,"turns":6},{"damage":0,"enemies":"Small Slimes","floor":4,"turns":5},{"damage":2,"enemies":"Blue Slaver","floor":5,"turns":3},{"damage":21,"enemies":"Exordium Wildlife","floor":7,"turns":6},{"damage":11,"enemies":"The Mushroom Lair","floor":11,"turns":3},{"damage":2,"enemies":"Looter","floor":13,"turns":4},{"damage":14,"enemies":"Slime Boss","floor":16,"turns":8},{"damage":27,"enemies":"Chosen","floor":18,"turns":6},{"damage":28,"enemies":"Shell Parasite","floor":19,"turns":12},{"damage":53,"enemies":"Shelled Parasite and Fungi","floor":21,"turns":12},{"damage":11,"enemies":"Cultist and Chosen","floor":22,"turns":3}],"seed_played":"9209771400516804408","potions_obtained":[{"floor":4,"key":"FearPotion"},{"floor":5,"key":"GamblersBrew"},{"floor":11,"key":"Fire Potion"}],"is_trial":false,"path_per_floor":["?","?","?","$","?"],"character_chosen":"THE_SILENT","items_purchased":["Caltrops","Deep Breath","Flying Knee"],"campfire_rested":2,"item_purchase_floors":[12,12,14],"current_hp_per_floor":[77,70,70,70,68,68,47,70,70,70,59,59,57,57,71,57,71,44,16,16,10,0],"gold":322,"neow_bonus":"TEN_PERCENT_HP_BONUS","is_prod":false,"is_daily":false,"chose_seed":false,"campfire_upgraded":1,"win_rate":0.0,"timestamp":1551985772,"path_taken":["M","M","?","M","M","R","M","R","T","?","?","?","M","$","R","BOSS","M","M","?","M","M"],"build_version":"2019-01-23","purchased_purges":0,"victory":false,"max_hp_per_floor":[77,77,77,77,77,77,77,77,77,71,71,71,71,71,71,71,71,71,71,71,71,71],"card_choices":[{"not_picked":["Flying Knee","Prepared"],"picked":"Deflect","floor":1},{"not_picked":["Well Laid Plans","Choke"],"picked":"Dagger Spray","floor":2},{"not_picked":["Acrobatics","Deflect"],"picked":"Flechettes","floor":4},{"not_picked":["Terror","Flechettes"],"picked":"Outmaneuver","floor":5},{"not_picked":["Heel Hook","Dagger Throw"],"picked":"Masterful Stab","floor":7},{"not_picked":["Malaise","Dagger Spray"],"picked":"Sucker Punch","floor":11},{"not_picked":["Acrobatics","Prepared"],"picked":"Endless Agony","floor":13},{"not_picked":["Doppelganger","Night Terror"],"picked":"Burst","floor":16},{"not_picked":["Escape Plan","Underhanded Strike+1"],"picked":"Dodge and Roll+1","floor":18},{"not_picked":["Dagger Spray","Backflip"],"picked":"Blade Dance","floor":19},{"not_picked":["Blade Dance","Escape Plan"],"picked":"Prepared+1","floor":21}],"player_experience":12427,"relics_obtained":[{"floor":9,"key":"PreservedInsect"},{"floor":11,"key":"Odd Mushroom"}],"event_choices":[{"damage_healed":0,"gold_gain":0,"player_choice":"Grow","damage_taken":0,"max_hp_gain":0,"max_hp_loss":0,"event_name":"Living Wall","floor":3,"gold_loss":0,"cards_upgraded":["Dagger Spray"]},{"damage_healed":0,"gold_gain":0,"player_choice":"Lose Max HP","damage_taken":0,"relics_obtained":["Golden Idol"],"max_hp_gain":0,"max_hp_loss":6,"event_name":"Golden Idol","floor":10,"gold_loss":0},{"damage_healed":0,"gold_gain":0,"player_choice":"Fought Mushrooms","damage_taken":0,"max_hp_gain":0,"max_hp_loss":0,"event_name":"Mushrooms","floor":11,"gold_loss":0},{"damage_healed":0,"gold_gain":99,"player_choice":"Stole From Cult","damage_taken":0,"max_hp_gain":0,"max_hp_loss":0,"event_name":"Nest","floor":20,"gold_loss":0}],"is_beta":false,"boss_relics":[{"not_picked":["Fusion Hammer","Busted Crown"],"picked":"Lizard Tail"}],"items_purged_floors":[],"is_endless":false,"potions_floor_spawned":[4,5,11],"killed_by":"Cultist and Chosen","ascension_level":0}