{"gold_per_floor":[112,112,187,187,205,236,236,256,256,256,274,274,286,237,237,340,340,351,301,321,8,8,40,40,40,40,60,60,80,180,194,194,194],"floor_reached":33,"playtime":1059,"items_purged":[],"score":265,"play_id":"ab09b2be-3ab9-40ac-be00-76cb653f4193","local_time":"20180723011159","is_ascension_mode":false,"campfire_choices":[{"floor":7,"key":"REST"},{"floor":10,"key":"REST"},{"data":"Static Discharge","floor":12,"key":"SMITH"},{"data":"Defragment","floor":15,"key":"SMITH"},{"floor":25,"key":"REST"},{"data":"Electrodynamics","floor":28,"key":"SMITH"},{"data":"Zap","floor":32,"key":"SMITH"}],"neow_cost":"","seed_source_timestamp":133162863986185,"circlet_count":0,"master_deck":["Strike_B","Strike_B","Strike_B","Strike_B","Defend_B","Defend_B","Defend_B","Defend_B","Zap+1","Dualcast","Conserve Battery","Normality","Static Discharge+1","Defragment+1","Electrodynamics+1","Sunder+1"],"relics":["Cracked Core","Dead Branch","Anchor","Bag of Preparation","Du-Vu Doll","Velvet Choker","Ice Cream","Blood Vial","Matryoshka"],"potions_floor_usage":[16,18,29,33],"damage_taken":[{"damage":10,"enemies":"Jaw Worm","floor":1,"turns":4},{"damage":5,"enemies":"Cultist","floor":5,"turns":4},{"damage":13,"enemies":"3 Sentries","floor":6,"turns":8},{"damage":0,"enemies":"2 Louse","floor":8,"turns":3},{"damage":0,"enemies":"Blue Slaver","floor":11,"turns":3},{"damage":2,"enemies":"2 Fungi Beasts","floor":13,"turns":3},{"damage":24,"enemies":"Hexaghost","floor":16,"turns":7},{"damage":13,"enemies":"2 Thieves","floor":18,"turns":2},{"damage":0,"enemies":"Chosen","floor":20,"turns":3},{"damage":1,"enemies":"Gremlin Leader","floor":23,"turns":6},{"damage":3,"enemies":"Sentry and Sphere","floor":27,"turns":3},{"damage":2,"enemies":"Chosen and Byrds","floor":29,"turns":5},{"damage":18,"enemies":"Snecko","floor":31,"turns":3},{"damage":66,"enemies":"Collector","floor":33,"turns":7}],"seed_played":"-8981031755823536671","potions_obtained":[{"floor":1,"key":"SmokeBomb"},{"floor":6,"key":"Swift Potion"},{"floor":16,"key":"Swift Potion"},{"floor":18,"key":"Block Potion"}],"is_trial":false,"path_per_floor":["M","?","?","?","M","E","R","M","T","R","M","R","M","$","R","B",null,"M","?","M","$","?","E","?","R","T","M","R","M","?","M","R"],"character_chosen":"DEFECT","items_purchased":["Block Potion","Ice Cream"],"campfire_rested":3,"item_purchase_floors":[14,21],"current_hp_per_floor":[65,65,54,42,37,24,46,46,46,68,68,68,66,66,66,42,75,62,62,62,62,62,61,54,75,75,72,72,72,72,56,56,0],"gold":194,"neow_bonus":"","is_prod":false,"is_daily":false,"chose_seed":false,"campfire_upgraded":4,"win_rate":0.0,"timestamp":1532333519,"path_taken":["M","?","?","?","M","E","R","M","T","R","M","R","M","$","R","BOSS","M","?","M","$","?","E","?","R","T","M","R","M","?","M","R","BOSS"],"build_version":"2018-07-19v2","purchased_purges":0,"victory":false,"max_hp_per_floor":[75,75,75,75,75,75,75,75,75,75,75,75,75,75,75,75,75,75,75,75,75,75,75,75,75,75,75,75,75,75,75,75,75],"card_choices":[{"not_picked":["Turbo","Compile Driver"],"picked":"Conserve Battery","floor":1},{"not_picked":["Stack","Steam","Sweeping Beam"],"picked":"SKIP","floor":5},{"not_picked":["Consume","Auto Shields","Rebound"],"picked":"SKIP","floor":6},{"not_picked":["Melter","Reboot","Rebound"],"picked":"SKIP","floor":8},{"not_picked":["Barrage","Conserve Battery"],"picked":"Static Discharge","floor":11},{"not_picked":["Force Field","Conserve Battery"],"picked":"Defragment","floor":13},{"not_picked":["Echo Form","Reboot"],"picked":"Electrodynamics","floor":16},{"not_picked":["Auto Shields","Rebound"],"picked":"Sunder+1","floor":18},{"not_picked":["Redo","Hologram","Genetic Algorithm"],"picked":"SKIP","floor":20},{"not_picked":["Leap","Conserve Battery","BootSequence"],"picked":"SKIP","floor":23},{"not_picked":["Stack","Streamline","FTL+1"],"picked":"SKIP","floor":27},{"not_picked":["Glacier+1","Chill","Sweeping Beam"],"picked":"SKIP","floor":29},{"not_picked":["Darkness+1","Redo+1","Leap"],"picked":"SKIP","floor":31}],"player_experience":83438,"relics_obtained":[{"floor":6,"key":"Bag of Preparation"},{"floor":9,"key":"Du-Vu Doll"},{"floor":23,"key":"Blood Vial"},{"floor":26,"key":"Matryoshka"}],"event_choices":[{"event_name":"Accursed Blacksmith","player_choice":"Rummage","floor":2,"damage_taken":0},{"event_name":"World of Goop","player_choice":"Gather Gold","floor":3,"damage_taken":0},{"event_name":"Scrap Ooze","player_choice":"success","floor":4,"damage_taken":12},{"event_name":"The Joust","player_choice":"Bet on Owner","floor":19,"damage_taken":0},{"event_name":"Beggar","player_choice":"Ignored","floor":22,"damage_taken":0},{"event_name":"Knowing Skull","player_choice":"","floor":24,"damage_taken":0},{"event_name":"Golden Shrine","player_choice":"Pray","floor":30,"damage_taken":0}],"is_beta":false,"boss_relics":[{"not_picked":["Philosopher\u0027s Stone","Runic Pyramid"],"picked":"Velvet Choker"}],"items_purged_floors":[],"is_endless":false,"potions_floor_spawned":[1,6,16,18,23,27],"killed_by":"Collector","ascension_level":0}