{"gold_per_floor":[111,111,111,125,138,173,173,203,226,238,7,24,42,117,117,219,219,236,251,263,362,362],"floor_reached":22,"playtime":876,"items_purged":["Strike_B"],"score":304,"play_id":"a8db4789-f57e-4606-b842-655ed6ab9f85","local_time":"20190325005642","is_ascension_mode":true,"campfire_choices":[{"floor":7,"key":"REST"},{"floor":10,"key":"REST"},{"floor":15,"key":"REST"}],"neow_cost":"NONE","seed_source_timestamp":2869635652391717,"circlet_count":0,"master_deck":["AscendersBane","Strike_B","Strike_B","Strike_B","Defend_B","Defend_B","Defend_B","Defend_B","Zap+1","Dualcast","Ball Lightning","Go for the Eyes","Genetic Algorithm","Electrodynamics","Cold Snap","Chrysalis","Self Repair","Conserve Battery","Rainbow","Capacitor","Sunder+1","Doom and Gloom"],"relics":["Cracked Core","Bronze Scales","Orichalcum","Omamori","MawBank","White Beast Statue"],"potions_floor_usage":[6,6,19],"damage_taken":[{"damage":4,"enemies":"Jaw Worm","floor":1,"turns":3},{"damage":0,"enemies":"Small Slimes","floor":4,"turns":2},{"damage":1,"enemies":"Cultist","floor":5,"turns":3},{"damage":38,"enemies":"Lagavulin","floor":6,"turns":6},{"damage":8,"enemies":"3 Sentries","floor":8,"turns":4},{"damage":3,"enemies":"Blue Slaver","floor":12,"turns":2},{"damage":12,"enemies":"Exordium Wildlife","floor":13,"turns":3},{"damage":24,"enemies":"The Guardian","floor":16,"turns":12},{"damage":39,"enemies":"Shell Parasite","floor":18,"turns":8},{"damage":27,"enemies":"2 Thieves","floor":19,"turns":4},{"damage":21,"enemies":"Snecko","floor":20,"turns":5},{"damage":14,"enemies":"Centurion and Healer","floor":22,"turns":4}],"seed_played":"3224885916129436738","potions_obtained":[{"floor":1,"key":"AttackPotion"},{"floor":4,"key":"SkillPotion"},{"floor":12,"key":"Swift Potion"},{"floor":18,"key":"Regen Potion"},{"floor":19,"key":"SmokeBomb"},{"floor":20,"key":"Dexterity Potion"}],"is_trial":false,"path_per_floor":["M","?","?","M","M","E","R","E","T","R","$","M","M","?","R","B",null,"M","M","M","?","M"],"character_chosen":"DEFECT","items_purchased":["Chrysalis"],"campfire_rested":3,"item_purchase_floors":[11],"current_hp_per_floor":[71,68,68,68,67,29,53,45,45,69,69,66,54,43,67,50,74,42,27,13,13,0],"gold":362,"neow_bonus":"TEN_PERCENT_HP_BONUS","is_prod":false,"is_daily":false,"chose_seed":false,"campfire_upgraded":0,"win_rate":0,"timestamp":1553471802,"path_taken":["M","?","?","?","M","E","R","E","T","R","$","M","M","?","R","BOSS","M","M","M","?","M"],"build_version":"2019-01-23","purchased_purges":1,"victory":false,"max_hp_per_floor":[82,82,82,82,82,82,82,82,82,82,82,82,82,82,82,82,82,82,82,82,82,82],"card_choices":[{"not_picked":["Undo","Compile Driver"],"picked":"Ball Lightning","floor":1},{"not_picked":["Beam Cell","Redo"],"picked":"Go for the Eyes","floor":4},{"not_picked":["Turbo","Consume"],"picked":"Genetic Algorithm","floor":5},{"not_picked":["Chaos","FTL"],"picked":"Electrodynamics","floor":6},{"not_picked":["Aggregate","Coolheaded"],"picked":"Cold Snap","floor":8},{"not_picked":["Coolheaded","Stack"],"picked":"Self Repair","floor":12},{"not_picked":["Sweeping Beam","Recycle"],"picked":"Conserve Battery","floor":13},{"not_picked":["Multi-Cast","Meteor Strike"],"picked":"Rainbow","floor":16},{"not_picked":["Sweeping Beam","Conserve Battery+1"],"picked":"Capacitor","floor":18},{"not_picked":["Streamline","Leap"],"picked":"Sunder+1","floor":19},{"not_picked":["Conserve Battery","Double Energy"],"picked":"Doom and Gloom","floor":20}],"player_experience":315650,"relics_obtained":[{"floor":6,"key":"Orichalcum"},{"floor":8,"key":"Omamori"},{"floor":9,"key":"MawBank"}],"event_choices":[{"damage_healed":0,"gold_gain":0,"player_choice":"Success","damage_taken":3,"relics_obtained":["Bronze Scales"],"max_hp_gain":0,"max_hp_loss":0,"event_name":"Scrap Ooze","floor":2,"gold_loss":0},{"damage_healed":0,"gold_gain":0,"player_choice":"Upgraded","damage_taken":0,"max_hp_gain":0,"max_hp_loss":0,"event_name":"Upgrade Shrine","floor":3,"gold_loss":0,"cards_upgraded":["Zap"]},{"damage_healed":0,"gold_gain":75,"player_choice":"Gather Gold","damage_taken":11,"max_hp_gain":0,"max_hp_loss":0,"event_name":"World of Goop","floor":14,"gold_loss":0},{"damage_healed":0,"gold_gain":99,"player_choice":"Stole From Cult","damage_taken":0,"max_hp_gain":0,"max_hp_loss":0,"event_name":"Nest","floor":21,"gold_loss":0}],"is_beta":false,"boss_relics":[{"not_picked":["Busted Crown","Fusion Hammer"],"picked":"White Beast Statue"}],"items_purged_floors":[11],"is_endless":false,"potions_floor_spawned":[1,4,5,12,18,19,20],"killed_by":"Centurion and Healer","ascension_level":11}