{"gold_per_floor":[116,134,145,165,165,165,200,220,220,200,226,69,69,83,83,158,158,177,187,37,37,55,55,55,55,126,141,158,158,158,186,186,186],"floor_reached":33,"playtime":2662,"items_purged":[],"score":450,"play_id":"a72a6e21-9a58-4e79-870b-6b1c6f45b1b6","local_time":"20190410003243","is_ascension_mode":true,"campfire_choices":[{"data":"Echo Form","floor":6,"key":"SMITH"},{"floor":15,"key":"REST"},{"floor":23,"key":"REST"},{"floor":25,"key":"REST"},{"floor":30,"key":"REST"},{"floor":32,"key":"REST"}],"neow_cost":"TEN_PERCENT_HP_LOSS","seed_source_timestamp":32800849442193,"circlet_count":0,"master_deck":["AscendersBane","Strike_B","Strike_B","Strike_B","Defend_B","Defend_B","Defend_B+1","Zap+1","Dualcast","Recycle","Echo Form+1","Glacier","Ball Lightning","Undo","Gash","FTL","Gash","Buffer","Force Field+1","Normality","Glacier"],"relics":["Cracked Core","Shuriken","Letter Opener","Anchor","War Paint","Cursed Key","DataDisk","Symbiotic Virus","Red Mask"],"potions_floor_usage":[8,16],"damage_taken":[{"damage":6,"enemies":"Cultist","floor":1,"turns":4},{"damage":6,"enemies":"Small Slimes","floor":2,"turns":4},{"damage":14,"enemies":"2 Louse","floor":3,"turns":2},{"damage":6,"enemies":"Exordium Thugs","floor":4,"turns":5},{"damage":22,"enemies":"3 Sentries","floor":7,"turns":8},{"damage":15,"enemies":"3 Louse","floor":8,"turns":5},{"damage":5,"enemies":"Lagavulin","floor":11,"turns":7},{"damage":12,"enemies":"Large Slime","floor":14,"turns":5},{"damage":25,"enemies":"Slime Boss","floor":16,"turns":6},{"damage":10,"enemies":"Chosen","floor":18,"turns":5},{"damage":18,"enemies":"3 Byrds","floor":19,"turns":5},{"damage":6,"enemies":"Centurion and Healer","floor":22,"turns":8},{"damage":6,"enemies":"Chosen and Byrds","floor":27,"turns":6},{"damage":12,"enemies":"3 Cultists","floor":28,"turns":6},{"damage":44,"enemies":"Masked Bandits","floor":31,"turns":5},{"damage":54,"enemies":"Champ","floor":33,"turns":10}],"seed_played":"3363973143709933506","potions_obtained":[{"floor":1,"key":"PowerPotion"},{"floor":7,"key":"Strength Potion"},{"floor":8,"key":"Energy Potion"},{"floor":10,"key":"AttackPotion"},{"floor":19,"key":"FocusPotion"}],"is_trial":false,"path_per_floor":["M","M","M","M","?","R","E","M","T","?","E","$","?","M","R","B",null,"M","M","$","?","M","R","?","R","T","M","M","?","R","?","R","B"],"character_chosen":"DEFECT","items_purchased":["War Paint","DataDisk"],"campfire_rested":5,"item_purchase_floors":[12,20],"current_hp_per_floor":[58,52,38,32,64,64,42,27,27,27,22,22,43,31,50,25,54,44,26,26,26,20,39,39,58,58,52,40,40,59,15,34,0],"gold":186,"neow_bonus":"TRANSFORM_TWO_CARDS","is_prod":false,"is_daily":false,"chose_seed":false,"campfire_upgraded":1,"win_rate":0,"timestamp":1554874363,"path_taken":["M","M","M","?","?","R","E","?","T","?","E","?","?","M","R","BOSS","M","M","$","?","M","R","?","R","T","M","M","?","R","?","R","BOSS"],"build_version":"2019-01-23","purchased_purges":0,"victory":false,"max_hp_per_floor":[64,64,64,64,64,64,64,64,64,64,64,64,64,64,64,64,64,64,64,64,64,64,64,64,64,64,64,64,64,64,64,64,64],"card_choices":[{"not_picked":["Skim","Streamline"],"picked":"Glacier","floor":1},{"not_picked":["Rebound","FTL"],"picked":"Ball Lightning","floor":2},{"not_picked":["Sweeping Beam","Gash","Streamline"],"picked":"SKIP","floor":3},{"not_picked":["Sunder","Compile Driver"],"picked":"Undo","floor":4},{"not_picked":["Redo","Auto Shields","Turbo"],"picked":"SKIP","floor":7},{"not_picked":["Barrage","Hyperbeam"],"picked":"Gash","floor":8},{"not_picked":["Storm","Aggregate"],"picked":"FTL","floor":11},{"not_picked":["Force Field","Compile Driver"],"picked":"Gash","floor":14},{"not_picked":["Biased Cognition","Rainbow"],"picked":"Buffer","floor":16},{"not_picked":["Beam Cell+1","Skim","Hello World"],"picked":"SKIP","floor":18},{"not_picked":["Compile Driver","Beam Cell"],"picked":"Force Field+1","floor":19},{"not_picked":["Loop","Barrage","Consume"],"picked":"SKIP","floor":22},{"not_picked":["Turbo","Self Repair","Steam Power"],"picked":"SKIP","floor":27},{"not_picked":["Steam","Doom and Gloom"],"picked":"Glacier","floor":28}],"player_experience":360379,"relics_obtained":[{"floor":7,"key":"Shuriken"},{"floor":9,"key":"Letter Opener"},{"floor":11,"key":"Anchor"},{"floor":26,"key":"Symbiotic Virus"},{"floor":31,"key":"Red Mask"}],"event_choices":[{"damage_healed":32,"gold_gain":0,"player_choice":"Full Heal","damage_taken":0,"max_hp_gain":0,"max_hp_loss":0,"event_name":"Wheel of Change","floor":5,"gold_loss":0},{"damage_healed":0,"gold_gain":0,"player_choice":"Bought 1 Potion","damage_taken":0,"max_hp_gain":0,"max_hp_loss":0,"event_name":"The Woman in Blue","floor":10,"gold_loss":0},{"damage_healed":21,"gold_gain":0,"player_choice":"Banana","damage_taken":0,"max_hp_gain":0,"max_hp_loss":0,"event_name":"Big Fish","floor":13,"gold_loss":0},{"damage_healed":0,"gold_gain":0,"player_choice":"Ignored","damage_taken":0,"max_hp_gain":0,"max_hp_loss":0,"event_name":"Cursed Tome","floor":21,"gold_loss":0},{"damage_healed":0,"gold_gain":0,"player_choice":"Ignored","damage_taken":0,"max_hp_gain":0,"max_hp_loss":0,"event_name":"Beggar","floor":24,"gold_loss":0},{"damage_healed":0,"gold_gain":0,"player_choice":"Ignored","damage_taken":0,"max_hp_gain":0,"max_hp_loss":0,"event_name":"The Mausoleum","floor":29,"gold_loss":0},{"damage_healed":0,"gold_gain":0,"player_choice":"Fought Bandits","damage_taken":0,"max_hp_gain":0,"max_hp_loss":0,"event_name":"Masked Bandits","floor":31,"gold_loss":0}],"is_beta":false,"boss_relics":[{"not_picked":["Runic Dome","Lizard Tail"],"picked":"Cursed Key"}],"items_purged_floors":[],"is_endless":false,"potions_floor_spawned":[1,7,8,14,19,22],"killed_by":"Champ","ascension_level":15}