{"gold_per_floor":[218,393,343,67,85,116,128,156,225,237,21,21,46,59,59,59],"floor_reached":16,"playtime":624,"items_purged":["Strike_B","Defend_B"],"score":146,"play_id":"210d1032-c410-4cfd-b8ba-55b7ccb8a4ed","local_time":"20190219225242","is_ascension_mode":true,"campfire_choices":[{"data":"Undo","floor":7,"key":"SMITH"},{"floor":10,"key":"REST"},{"data":"Zap","floor":12,"key":"SMITH"},{"floor":15,"key":"REST"}],"neow_cost":"NONE","seed_source_timestamp":11228233901234,"circlet_count":0,"master_deck":["Strike_B","Strike_B","Strike_B","Defend_B","Defend_B","Defend_B","Zap+1","Dualcast","BootSequence","Dualcast","Undo+1","Thunder Strike","Self Repair","Blind","Conserve Battery","Chill","Chill"],"relics":["Cracked Core","DollysMirror","MawBank","Tiny Chest","Juzu Bracelet"],"potions_floor_usage":[6,16,16],"damage_taken":[{"damage":3,"enemies":"2 Louse","floor":1,"turns":2},{"damage":0,"enemies":"Small Slimes","floor":5,"turns":3},{"damage":19,"enemies":"Lagavulin","floor":6,"turns":8},{"damage":3,"enemies":"Jaw Worm","floor":8,"turns":5},{"damage":31,"enemies":"3 Sentries","floor":13,"turns":11},{"damage":2,"enemies":"Looter","floor":14,"turns":3},{"damage":85,"enemies":"Slime Boss","floor":16,"turns":9}],"seed_played":"-6889405337205407615","potions_obtained":[{"floor":1,"key":"AttackPotion"},{"floor":5,"key":"PowerPotion"},{"floor":13,"key":"Regen Potion"},{"floor":14,"key":"Strength Potion"}],"is_trial":false,"path_per_floor":["M","?","?","$","M","E","R","M","T","R","$","R","E","M","R","B"],"character_chosen":"DEFECT","items_purchased":["DollysMirror","Blind","Conserve Battery"],"campfire_rested":2,"item_purchase_floors":[4,11,11],"current_hp_per_floor":[65,65,65,65,65,46,46,43,43,65,65,65,41,46,68,0],"gold":59,"neow_bonus":"HUNDRED_GOLD","is_prod":false,"is_daily":false,"chose_seed":false,"campfire_upgraded":2,"win_rate":0,"timestamp":1550613162,"path_taken":["M","?","?","$","M","E","R","M","T","R","$","R","E","M","R","BOSS"],"build_version":"2019-01-23","purchased_purges":2,"victory":false,"max_hp_per_floor":[75,75,75,75,75,75,75,75,75,75,75,75,75,75,75,75],"card_choices":[{"not_picked":["Genetic Algorithm","Consume"],"picked":"BootSequence","floor":1},{"not_picked":["Genetic Algorithm","Gash"],"picked":"Undo","floor":5},{"not_picked":["Leap","Turbo"],"picked":"Thunder Strike","floor":6},{"not_picked":["Stack","Chill"],"picked":"Self Repair","floor":8},{"not_picked":["Chaos","Auto Shields"],"picked":"Chill","floor":13},{"not_picked":["Hologram","Turbo"],"picked":"Chill","floor":14}],"player_experience":242877,"relics_obtained":[{"floor":6,"key":"MawBank"},{"floor":9,"key":"Tiny Chest"},{"floor":13,"key":"Juzu Bracelet"}],"event_choices":[{"damage_healed":0,"gold_gain":175,"player_choice":"AGREE","damage_taken":0,"max_hp_gain":0,"max_hp_loss":0,"event_name":"Liars Game","floor":2,"gold_loss":0,"cards_obtained":["Doubt"]},{"cards_removed":["Doubt"],"damage_healed":0,"gold_gain":0,"player_choice":"Card Removal","damage_taken":0,"max_hp_gain":0,"max_hp_loss":0,"event_name":"The Cleric","floor":3,"gold_loss":50}],"is_beta":false,"boss_relics":[],"items_purged_floors":[4,11],"is_endless":false,"potions_floor_spawned":[1,5,13,14],"killed_by":"Slime Boss","ascension_level":7}