{"gold_per_floor":[165,182,58,68,14,14,25,55,55,89,54,67,67],"floor_reached":13,"playtime":688,"items_purged":[],"score":128,"play_id":"01a8be39-d7ce-47d7-a80a-a2b087f39d77","local_time":"20190224195842","is_ascension_mode":true,"campfire_choices":[{"data":"Chaos","floor":6,"key":"SMITH"}],"neow_cost":"NONE","seed_source_timestamp":587463021498587,"circlet_count":0,"master_deck":["Strike_B","Strike_B+1","Strike_B","Strike_B","Defend_B","Defend_B","Defend_B","Defend_B","Zap","Dualcast","Coolheaded","Redo","Melter","Chaos+1","Rebound","Cold Snap","Leap","Skim","BootSequence+1","Gash","Creative AI"],"relics":["Tiny House","Toxic Egg 2","Bottled Lightning","Ornamental Fan"],"potions_floor_usage":[8,13,13],"damage_taken":[{"damage":3,"enemies":"Cultist","floor":1,"turns":4},{"damage":8,"enemies":"Jaw Worm","floor":2,"turns":7},{"damage":0,"enemies":"Small Slimes","floor":4,"turns":3},{"damage":2,"enemies":"Looter","floor":7,"turns":3},{"damage":13,"enemies":"Lagavulin","floor":8,"turns":5},{"damage":34,"enemies":"Gremlin Nob","floor":10,"turns":5},{"damage":29,"enemies":"Gremlin Gang","floor":12,"turns":4},{"damage":12,"enemies":"Lagavulin","floor":13,"turns":4}],"seed_played":"-127580130825991819","potions_obtained":[{"floor":0,"key":"Ancient Potion"},{"floor":4,"key":"Swift Potion"},{"floor":7,"key":"Regen Potion"},{"floor":8,"key":"Dexterity Potion"},{"floor":12,"key":"Energy Potion"}],"is_trial":false,"path_per_floor":["M","M","$","M","$","R","M","E","T","E","?","M","E"],"character_chosen":"DEFECT","items_purchased":["Chaos","Rebound","Leap"],"campfire_rested":0,"item_purchase_floors":[3,3,5],"current_hp_per_floor":[70,62,62,62,62,62,60,47,47,13,33,4,0],"gold":67,"neow_bonus":"BOSS_RELIC","is_prod":false,"is_daily":false,"chose_seed":false,"campfire_upgraded":1,"win_rate":0,"timestamp":1551059922,"path_taken":["M","M","$","?","$","R","M","E","T","E","?","M","E"],"build_version":"2019-01-23","purchased_purges":0,"victory":false,"max_hp_per_floor":[80,80,80,80,80,80,80,80,80,80,80,80,80],"card_choices":[{"not_picked":["Rebound","Aggregate"],"picked":"Coolheaded","floor":0},{"not_picked":["Recycle","Consume"],"picked":"Redo","floor":1},{"not_picked":["Stack","Ball Lightning"],"picked":"Melter","floor":2},{"not_picked":["Storm","Leap"],"picked":"Cold Snap","floor":4},{"not_picked":["Steam","Sunder"],"picked":"Skim","floor":7},{"not_picked":["Storm","Gash"],"picked":"BootSequence","floor":8},{"not_picked":["Scrape","Beam Cell"],"picked":"Gash","floor":10},{"not_picked":["Rip and Tear","Steam+1"],"picked":"Creative AI","floor":12}],"player_experience":558864,"relics_obtained":[{"floor":8,"key":"Toxic Egg 2"},{"floor":9,"key":"Bottled Lightning"},{"floor":10,"key":"Ornamental Fan"}],"event_choices":[{"damage_healed":20,"gold_gain":0,"player_choice":"Healed","damage_taken":0,"max_hp_gain":0,"max_hp_loss":0,"event_name":"The Cleric","floor":11,"gold_loss":35}],"is_beta":false,"boss_relics":[],"items_purged_floors":[],"is_endless":false,"potions_floor_spawned":[4,7,8,12],"killed_by":"Lagavulin","ascension_level":7}