{"path_per_floor":["M","M","?","M","M","R","E","R","T","M","E","?","E","$","R","B",null,"M","?","M","?","$","R","M"],"character_chosen":"THE_SILENT","items_purchased":["Catalyst","Bane","Noxious Fumes"],"gold_per_floor":[110,128,128,146,156,156,186,186,186,205,235,255,290,134,134,233,233,253,253,272,272,73,73,89],"floor_reached":25,"campfire_rested":1,"playtime":1193,"current_hp_per_floor":[63,63,56,49,49,49,29,29,29,29,25,10,7,7,30,27,77,55,55,35,35,35,35,17],"items_purged":["Strike_G","Writhe"],"gold":89,"score":221,"play_id":"4b9176af-fd85-4414-a707-a376b64c55b6","is_prod":false,"is_daily":false,"is_ascension_mode":false,"campfire_upgraded":3,"path_taken":["M","M","?","M","M","R","E","R","T","M","E","?","E","$","R","BOSS","M","?","M","?","$","R","?","E"],"build_version":"2018-02-08-BETA1","purchased_purges":2,"victory":false,"master_deck":["Defend_G","Defend_G","Defend_G","Defend_G","Defend_G","Strike_G","Strike_G","Survivor","Neutralize","Glass Knife","Quick Slash","Bouncing Flask+1","Flying Knee","A Thousand Cuts+1","Poisoned Stab+1","Bouncing Flask","Slice+1","Prepared","Cloak And Dagger","Catalyst","Envenom","Poisoned Stab+1","Outmaneuver+1","Deflect","Bane+1","Noxious Fumes","Deadly Poison+1"],"max_hp_per_floor":[63,63,63,63,63,63,63,63,63,63,77,77,77,77,77,77,77,77,77,77,77,77,77,77],"relics":["Ring of the Snake","Molten Egg 2","Sundial","Mango","Odd Mushroom","Gremlin Horn","Cursed Key","Lantern"],"card_choices":[{"not_picked":["Corpse Explosion","Venomology"],"picked":"Glass Knife"},{"not_picked":["Bane","Malaise"],"picked":"Quick Slash"},{"not_picked":["Deadly Poison","PiercingWail"],"picked":"Bouncing Flask"},{"not_picked":["Acrobatics","Prepared"],"picked":"Flying Knee"},{"not_picked":["Outmaneuver","Slice"],"picked":"A Thousand Cuts"},{"not_picked":["Acrobatics","Outmaneuver"],"picked":"Poisoned Stab"},{"not_picked":["After Image","Deflect"],"picked":"Bouncing Flask"},{"not_picked":["Masterful Stab","Blur"],"picked":"Slice"},{"not_picked":["Accuracy","Riddle With Holes"],"picked":"Prepared"},{"not_picked":["Sucker Punch","All Out Attack"],"picked":"Cloak And Dagger"},{"not_picked":["Night Terror","Adrenaline"],"picked":"Envenom"},{"not_picked":["Dagger Throw","Flechettes"],"picked":"Poisoned Stab"},{"not_picked":["Acrobatics","Backstab"],"picked":"Deflect"},{"not_picked":["Terror","Dodge and Roll"],"picked":"Deadly Poison"}],"player_experience":80106,"potions_floor_usage":[11,13,16,20,25,25],"damage_taken":[{"damage":0,"enemies":"Small Slimes","floor":1,"turns":3},{"damage":0,"enemies":"Jaw Worm","floor":2,"turns":5},{"damage":7,"enemies":"Blue Slaver","floor":4,"turns":5},{"damage":0,"enemies":"2 Fungi Beasts","floor":5,"turns":2},{"damage":20,"enemies":"3 Sentries","floor":7,"turns":6},{"damage":0,"enemies":"3 Louse","floor":10,"turns":4},{"damage":18,"enemies":"Lagavulin","floor":11,"turns":5},{"damage":15,"enemies":"The Mushroom Lair","floor":12,"turns":4},{"damage":3,"enemies":"3 Sentries","floor":13,"turns":6},{"damage":3,"enemies":"Slime Boss","floor":16,"turns":6},{"damage":22,"enemies":"2 Thieves","floor":18,"turns":5},{"damage":20,"enemies":"Spheric Guardian","floor":20,"turns":4},{"damage":18,"enemies":"Snake Plant","floor":24,"turns":4},{"damage":25,"enemies":"Slavers","floor":25,"turns":1}],"event_choices":[{"event_name":"Golden Wing","player_choice":"Card Removal","floor":3,"damage_taken":0},{"event_name":"Mushrooms","player_choice":"Fought Mushrooms","floor":12,"damage_taken":0},{"event_name":"Transmorgrifier","player_choice":"Transform","floor":19,"damage_taken":0},{"event_name":"The Mausoleum","player_choice":"Yes","floor":21,"damage_taken":0}],"boss_relics":[{"not_picked":["Tiny House","Philosopher\u0027s Stone"],"picked":"Cursed Key"}],"potions_floor_spawned":[5,11,13,16,18,24],"seed_played":"-1174006304705969236","killed_by":"Slavers","ascension_level":0,"is_trial":false}