{"gold_per_floor":[109,34,34,209,209,239,255,255,279,303,328,338,364,3,3,101,101,120,138,151,151,167,200,212,244,304,316,338,365,411,439,451,564,576,598,626,429,445,228,228],"floor_reached":40,"playtime":1563,"items_purged":["Doubt","Accuracy"],"score":438,"play_id":"d1e1922a-4723-461c-8283-74cd3fd4d2b6","local_time":"20190304115643","is_ascension_mode":false,"campfire_choices":[{"floor":8.0,"key":"REST"},{"floor":15.0,"key":"REST"},{"floor":24.0,"key":"REST"},{"floor":27.0,"key":"REST"},{"floor":32.0,"key":"REST"}],"neow_cost":"NONE","seed_source_timestamp":172052963549451,"circlet_count":0,"master_deck":["Defend_G","Defend_G+1","Defend_G","Defend_G","Defend_G","Strike_G","Strike_G","Strike_G+1","Strike_G","Strike_G","Survivor+1","Neutralize","Dagger Spray+1","Deadly Poison","Poisoned Stab","Bane+1","Dodge and Roll","Bouncing Flask","Envenom","Envenom","Deadly Poison","Poisoned Stab+1","Noxious Fumes+1","Dagger Spray+1","Dodge and Roll","Deadly Poison","Glass Knife+1","Outmaneuver+1","Escape Plan","Terror","Escape Plan","All Out Attack+1","Finisher+1","Acrobatics"],"special_seed":0,"relics":["Black Star","Molten Egg 2","Oddly Smooth Stone","War Paint","Omamori","Strawberry","Ornamental Fan","Blood Vial","Anchor","Bronze Scales","Cursed Key","WarpedTongs","Pen Nib","MawBank","Happy Flower","Ancient Tea Set","Blue Candle","Orrery","Membership Card","TheAbacus"],"potions_floor_usage":[33,33,33,40,40],"damage_taken":[{"damage":1.0,"enemies":"Cultist","floor":1.0,"turns":4.0},{"damage":35.0,"enemies":"Gremlin Nob","floor":6.0,"turns":5.0},{"damage":0.0,"enemies":"2 Louse","floor":7.0,"turns":2.0},{"damage":21.0,"enemies":"3 Sentries","floor":11.0,"turns":7.0},{"damage":0.0,"enemies":"Small Slimes","floor":12.0,"turns":3.0},{"damage":22.0,"enemies":"Hexaghost","floor":16.0,"turns":7.0},{"damage":10.0,"enemies":"Spheric Guardian","floor":18.0,"turns":5.0},{"damage":18.0,"enemies":"3 Byrds","floor":19.0,"turns":4.0},{"damage":11.0,"enemies":"Snake Plant","floor":20.0,"turns":3.0},{"damage":6.0,"enemies":"3 Cultists","floor":22.0,"turns":4.0},{"damage":15.0,"enemies":"Book of Stabbing","floor":23.0,"turns":5.0},{"damage":1.0,"enemies":"Snecko","floor":25.0,"turns":4.0},{"damage":14.0,"enemies":"Shelled Parasite and Fungi","floor":28.0,"turns":3.0},{"damage":0.0,"enemies":"Snake Plant","floor":29.0,"turns":2.0},{"damage":11.0,"enemies":"Gremlin Leader","floor":30.0,"turns":5.0},{"damage":22.0,"enemies":"Centurion and Healer","floor":31.0,"turns":4.0},{"damage":32,"enemies":"Collector","floor":33,"turns":6},{"damage":4,"enemies":"Orb Walker","floor":35,"turns":4},{"damage":15,"enemies":"3 Shapes","floor":36,"turns":5},{"damage":9,"enemies":"3 Darklings","floor":38,"turns":2},{"damage":63,"enemies":"Reptomancer","floor":40,"turns":2}],"seed_played":"-5407561257583897017","potions_obtained":[{"floor":6.0,"key":"Swift Potion"},{"floor":12.0,"key":"Dexterity Potion"},{"floor":20.0,"key":"SkillPotion"},{"floor":25.0,"key":"Ancient Potion"},{"floor":28.0,"key":"Dexterity Potion"},{"floor":31.0,"key":"Swift Potion"},{"floor":35,"key":"Block Potion"}],"is_trial":false,"path_per_floor":["M","$","?","?","?","E","M","R","T","T","E","M","T","$","R","B",null,"M","M","M","?","M","E","R","M","T","R","M","M","E","M","R","B",null,"M","M","$","M","$","E"],"character_chosen":"THE_SILENT","items_purchased":["Deadly Poison","Poisoned Stab","Envenom","Bronze Scales","Membership Card","TheAbacus","Finisher+1","Acrobatics","AttackPotion"],"campfire_rested":5,"item_purchase_floors":[2,2,14,14,37,39,39,39,39],"current_hp_per_floor":[69,69,55,55,52,17,17,38,38,45,24,26,26,26,49,29,77,67,51,42,42,38,25,48,49,49,72,60,62,53,33,56,26,77,73,60,60,53,53,0],"gold":228,"neow_bonus":"BOSS_RELIC","is_prod":false,"is_daily":false,"chose_seed":false,"campfire_upgraded":0,"win_rate":0,"timestamp":1551722203,"path_taken":["M","$","?","?","?","E","M","R","T","?","E","?","?","$","R","BOSS","M","M","?","?","M","E","R","M","T","R","M","M","E","M","R","BOSS","M","M","$","M","$","E"],"build_version":"2019-01-23","purchased_purges":2,"victory":false,"max_hp_per_floor":[70,70,70,70,70,70,70,70,70,77,77,77,77,77,77,77,77,77,77,77,77,77,77,77,77,77,77,77,77,77,77,77,77,77,77,77,77,77,77,77],"card_choices":[{"not_picked":["Underhanded Strike","Eviscerate"],"picked":"Dagger Spray","floor":1.0},{"not_picked":["Finisher+1","Malaise"],"picked":"Accuracy","floor":6.0},{"not_picked":["Masterful Stab+1","Backflip"],"picked":"Bane+1","floor":7.0},{"not_picked":["Choke+1","Finisher+1"],"picked":"Dodge and Roll","floor":11.0},{"not_picked":["Underhanded Strike+1","Backflip"],"picked":"Bouncing Flask","floor":12.0},{"not_picked":["Glass Knife+1","Storm of Steel"],"picked":"Envenom","floor":16.0},{"not_picked":["Underhanded Strike+1","Calculated Gamble"],"picked":"Deadly Poison","floor":18.0},{"not_picked":["Quick Slash+1","Sucker Punch+1"],"picked":"Poisoned Stab+1","floor":19.0},{"not_picked":["Flying Knee+1","Backflip"],"picked":"Noxious Fumes+1","floor":20.0},{"not_picked":["Well Laid Plans","Quick Slash+1"],"picked":"Dagger Spray+1","floor":22.0},{"not_picked":["Flying Knee+1","Poisoned Stab+1"],"picked":"Dodge and Roll","floor":23.0},{"not_picked":["Reflex+1","Poisoned Stab+1","Distraction"],"picked":"SKIP","floor":25.0},{"not_picked":["Skewer+1","Slice+1","Doppelganger"],"picked":"SKIP","floor":28.0},{"not_picked":["Slice+1","Dagger Throw+1","Quick Slash+1"],"picked":"SKIP","floor":29.0},{"not_picked":["Poisoned Stab+1","Deflect","Concentrate+1"],"picked":"SKIP","floor":30.0},{"not_picked":["Setup","Flying Knee+1"],"picked":"Deadly Poison","floor":31.0},{"not_picked":["Bullet Time","Tools of the Trade"],"picked":"Glass Knife+1","floor":33},{"not_picked":["Deadly Poison","Poisoned Stab+1"],"picked":"Outmaneuver+1","floor":34},{"not_picked":["Finisher+1","Masterful Stab+1"],"picked":"Escape Plan","floor":34},{"not_picked":["Poisoned Stab+1","Setup+1"],"picked":"Terror","floor":34},{"not_picked":["Cloak And Dagger","PiercingWail+1"],"picked":"Escape Plan","floor":35},{"not_picked":["Concentrate+1","Slice+1","Quick Slash+1"],"picked":"SKIP","floor":36},{"not_picked":["PiercingWail","Backstab+1"],"picked":"All Out Attack+1","floor":38}],"player_experience":626702,"relics_obtained":[{"floor":6.0,"key":"Oddly Smooth Stone"},{"floor":6.0,"key":"War Paint"},{"floor":9.0,"key":"Omamori"},{"floor":10.0,"key":"Strawberry"},{"floor":11.0,"key":"Ornamental Fan"},{"floor":11.0,"key":"Blood Vial"},{"floor":13.0,"key":"Anchor"},{"floor":23.0,"key":"Pen Nib"},{"floor":23.0,"key":"MawBank"},{"floor":26.0,"key":"Happy Flower"},{"floor":30.0,"key":"Ancient Tea Set"},{"floor":30.0,"key":"Blue Candle"}],"event_choices":[{"damage_healed":0.0,"max_hp_gain":0.0,"max_hp_loss":0.0,"gold_gain":0.0,"event_name":"Shining Light","player_choice":"Entered Light","floor":3.0,"gold_loss":0.0,"damage_taken":14.0,"cards_upgraded":["Dagger Spray","Strike_G"]},{"damage_healed":0.0,"max_hp_gain":0.0,"max_hp_loss":0.0,"gold_gain":175.0,"event_name":"Liars Game","player_choice":"AGREE","floor":4.0,"gold_loss":0.0,"damage_taken":0.0,"cards_obtained":["Doubt"]},{"damage_healed":0.0,"max_hp_gain":0.0,"max_hp_loss":0.0,"gold_gain":0.0,"event_name":"Scrap Ooze","player_choice":"Success","floor":5.0,"gold_loss":0.0,"damage_taken":3.0,"relics_obtained":["Molten Egg 2"]},{"damage_healed":0.0,"max_hp_gain":0.0,"max_hp_loss":0.0,"gold_gain":0.0,"event_name":"Accursed Blacksmith","player_choice":"Rummage","floor":21.0,"gold_loss":0.0,"damage_taken":0.0,"relics_obtained":["WarpedTongs"],"cards_obtained":["Pain"]}],"is_beta":false,"boss_relics":[{"not_picked":["Coffee Dripper","Philosopher\u0027s Stone"],"picked":"Cursed Key"},{"not_picked":["Snecko Eye","Fusion Hammer"],"picked":"Orrery"}],"items_purged_floors":[14,39],"is_endless":false,"potions_floor_spawned":[6,12,20,25,28,30,31,35],"killed_by":"Reptomancer","ascension_level":0}