{"gold_per_floor":[114,39,139,151,151,182,182,217,217,182,199,218,229,243,243,343,343,355,38,55,71,71,106,120,120,120,120,136,136,136,152,152,255,255,271,271,281,281],"floor_reached":38,"playtime":2302,"items_purged":["Masterful Stab","Tools of the Trade"],"score":449,"play_id":"018d85f8-d234-43cf-be8d-1166b804c20a","local_time":"20180712012120","is_ascension_mode":true,"campfire_choices":[{"data":"Noxious Fumes","floor":7,"key":"SMITH"},{"data":"Dodge and Roll","floor":15,"key":"SMITH"},{"floor":25,"key":"REST"},{"floor":30,"key":"REST"},{"floor":32,"key":"REST"}],"neow_cost":"NONE","seed_source_timestamp":864394388353913,"circlet_count":0,"master_deck":["Survivor","Neutralize","Expertise","Dodge and Roll+1","PiercingWail","Poisoned Stab","Catalyst","Bane","Flying Knee","Sucker Punch","Noxious Fumes+1","Deflect","Prepared","Blur","Prepared","Deadly Poison","Footwork","Acrobatics","Neutralize","After Image","Poisoned Stab","Predator+1","Bouncing Flask","Noxious Fumes"],"relics":["Pandora\u0027s Box","Letter Opener","Incense Burner","Kunai","Snake Skull","Gremlin Horn","Omamori","Pear","Orrery","GremlinMask"],"potions_floor_usage":[6,24,33,33,33],"damage_taken":[{"damage":0,"enemies":"Small Slimes","floor":1,"turns":3},{"damage":0,"enemies":"Cultist","floor":4,"turns":4},{"damage":26,"enemies":"3 Sentries","floor":6,"turns":7},{"damage":7,"enemies":"Gremlin Nob","floor":8,"turns":4},{"damage":1,"enemies":"Jaw Worm","floor":11,"turns":3},{"damage":0,"enemies":"3 Louse","floor":12,"turns":3},{"damage":3,"enemies":"Gremlin Gang","floor":13,"turns":3},{"damage":0,"enemies":"Looter","floor":14,"turns":3},{"damage":1,"enemies":"Hexaghost","floor":16,"turns":7},{"damage":12,"enemies":"3 Byrds","floor":18,"turns":5},{"damage":0,"enemies":"Chosen","floor":20,"turns":4},{"damage":11,"enemies":"Snake Plant","floor":21,"turns":4},{"damage":34,"enemies":"Gremlin Leader","floor":23,"turns":7},{"damage":0,"enemies":"Centurion and Healer","floor":24,"turns":7},{"damage":34,"enemies":"Slaver and Parasite","floor":28,"turns":6},{"damage":12,"enemies":"Cultist and Chosen","floor":31,"turns":7},{"damage":41,"enemies":"Champ","floor":33,"turns":12},{"damage":35,"enemies":"3 Darklings","floor":35,"turns":5},{"damage":9,"enemies":"Orb Walker","floor":37,"turns":3},{"damage":37,"floor":38,"turns":3}],"seed_played":"6712136239708168643","potions_obtained":[{"floor":4,"key":"SkillPotion"},{"floor":8,"key":"Strength Potion"},{"floor":11,"key":"GamblersBrew"},{"floor":12,"key":"SteroidPotion"},{"floor":13,"key":"Dexterity Potion"},{"floor":31,"key":"Fire Potion"},{"floor":35,"key":"SteroidPotion"}],"is_trial":false,"path_per_floor":["M","$","?","M","?","E","R","E","T","?","M","M","M","M","R","B",null,"M","$","M","M","?","E","M","R","T","?","M","?","R","M","R","B",null,"M","?","M"],"character_chosen":"THE_SILENT","items_purchased":["Footwork","Snake Skull"],"campfire_rested":3,"item_purchase_floors":[19,19],"current_hp_per_floor":[70,70,70,70,70,44,44,37,37,54,53,53,50,50,50,49,70,58,58,58,47,47,13,13,34,34,44,10,10,34,22,46,5,80,45,45,36,0],"gold":281,"neow_bonus":"BOSS_RELIC","is_prod":false,"is_daily":false,"chose_seed":false,"campfire_upgraded":2,"win_rate":0,"timestamp":1531380080,"path_taken":["M","$","?","M","?","E","R","E","T","?","M","M","M","M","R","BOSS","M","$","M","M","?","E","M","R","T","?","?","?","R","M","R","BOSS","M","?","?","?"],"build_version":"2018-07-05","purchased_purges":2,"victory":false,"max_hp_per_floor":[70,70,70,70,70,70,70,70,70,70,70,70,70,70,70,70,70,70,70,70,70,70,70,70,70,70,80,80,80,80,80,80,80,80,80,80,80,80],"card_choices":[{"not_picked":["Calculated Gamble","Bane"],"picked":"Noxious Fumes","floor":1},{"not_picked":["Endless Agony","Bane"],"picked":"Deflect","floor":4},{"not_picked":["Riddle With Holes","PiercingWail"],"picked":"Prepared","floor":6},{"not_picked":["Predator","Reflex"],"picked":"Tools of the Trade","floor":8},{"not_picked":["Endless Agony","Outmaneuver"],"picked":"Blur","floor":11},{"not_picked":["All Out Attack","Slice"],"picked":"Prepared","floor":12},{"not_picked":["Dodge and Roll","Slice","Riddle With Holes"],"picked":"SKIP","floor":13},{"not_picked":["Prepared","Backflip"],"picked":"Deadly Poison","floor":14},{"not_picked":["Slice","Skewer","Cloak And Dagger"],"picked":"SKIP","floor":18},{"not_picked":["Dagger Spray","Poisoned Stab"],"picked":"Acrobatics","floor":20},{"not_picked":["Quick Slash+1","Prepared","Deflect"],"picked":"SKIP","floor":21},{"not_picked":["Die Die Die","Finisher","All Out Attack"],"picked":"SKIP","floor":23},{"not_picked":["Dagger Throw","All Out Attack","Flying Knee"],"picked":"SKIP","floor":24},{"not_picked":["Bane","Prepared","Cloak And Dagger"],"picked":"SKIP","floor":28},{"not_picked":["Prepared","Phantasmal Killer","Acrobatics"],"picked":"SKIP","floor":31},{"not_picked":["Adrenaline","Night Terror"],"picked":"After Image","floor":33},{"not_picked":["Bane","Outmaneuver"],"picked":"Poisoned Stab","floor":34},{"not_picked":["Bane","Quick Slash"],"picked":"Predator+1","floor":34},{"not_picked":["Expertise","Infinite Blades"],"picked":"Bouncing Flask","floor":34},{"not_picked":["Crippling Poison","Dagger Throw"],"picked":"Noxious Fumes","floor":34},{"not_picked":["Dagger Throw+1","Underhanded Strike+1","Accuracy+1"],"picked":"SKIP","floor":35},{"not_picked":["Cloak And Dagger","Heel Hook","Poisoned Stab"],"picked":"SKIP","floor":37}],"player_experience":94820,"relics_obtained":[{"floor":6,"key":"Letter Opener"},{"floor":8,"key":"Incense Burner"},{"floor":9,"key":"Kunai"},{"floor":23,"key":"Gremlin Horn"},{"floor":26,"key":"Omamori"}],"event_choices":[{"event_name":"Golden Shrine","player_choice":"Pray","floor":3,"damage_taken":0},{"event_name":"Purifier","player_choice":"One Purge","floor":5,"damage_taken":0},{"event_name":"The Cleric","player_choice":"Healed","floor":10,"damage_taken":0},{"event_name":"Match and Keep!","player_choice":"1 cards matched","floor":22,"damage_taken":0},{"event_name":"The Mausoleum","player_choice":"Yes","floor":27,"damage_taken":0},{"event_name":"Ghosts","player_choice":"Ignored","floor":29,"damage_taken":0},{"event_name":"FaceTrader","player_choice":"Trade","floor":36,"damage_taken":0},{"event_name":"Mysterious Sphere","player_choice":"Fight","floor":38,"damage_taken":0}],"boss_relics":[{"not_picked":["Philosopher\u0027s Stone","Snecko Eye","Runic Dome"]},{"not_picked":["Eternal Feather","Black Star"],"picked":"Orrery"}],"items_purged_floors":[2,19],"is_endless":false,"potions_floor_spawned":[4,8,11,12,13,21,23,31,35],"ascension_level":2}