{"gold_per_floor":[112,126,140,215,215,250,231,256,281,281,293,293,293,306,306,408,408,422,422,422,347,347],"floor_reached":22,"playtime":1137,"items_purged":[],"score":243,"play_id":"f2c1f0e3-b93b-4903-88f2-9db204a584fb","local_time":"20190407143021","is_ascension_mode":true,"campfire_choices":[{"floor":10.0,"key":"REST"},{"data":"Combust","floor":13.0,"key":"SMITH"},{"data":"Pommel Strike","floor":15.0,"key":"SMITH"}],"neow_cost":"NONE","seed_source_timestamp":0,"circlet_count":0,"master_deck":["Strike_R","Strike_R","Strike_R","Strike_R","Defend_R","Defend_R","Defend_R","Defend_R","Bash+1","Combust+1","Shrug It Off","Uppercut+1","Double Tap","True Grit+1","Pommel Strike+1","Metallicize","Shrug It Off","Demon Form"],"special_seed":0,"relics":["Burning Blood","Lantern","Boot","Oddly Smooth Stone","Runic Pyramid","Shuriken"],"potions_floor_usage":[],"damage_taken":[{"damage":0.0,"enemies":"Small Slimes","floor":1.0,"turns":3.0},{"damage":5.0,"enemies":"2 Louse","floor":2.0,"turns":4.0},{"damage":6.0,"enemies":"Cultist","floor":3.0,"turns":4.0},{"damage":38.0,"enemies":"Lagavulin","floor":6.0,"turns":9.0},{"damage":9.0,"enemies":"Exordium Thugs","floor":7.0,"turns":4.0},{"damage":30.0,"enemies":"3 Sentries","floor":8.0,"turns":6.0},{"damage":2.0,"enemies":"2 Fungi Beasts","floor":11.0,"turns":3.0},{"damage":0.0,"enemies":"3 Louse","floor":14.0,"turns":5.0},{"damage":16.0,"enemies":"Slime Boss","floor":16.0,"turns":9.0},{"damage":26.0,"enemies":"Spheric Guardian","floor":18.0,"turns":8.0},{"damage":41,"enemies":"Masked Bandits","floor":22,"turns":3}],"seed_played":"-922919610035094168","potions_obtained":[{"floor":1.0,"key":"SpeedPotion"},{"floor":3.0,"key":"Swift Potion"},{"floor":6.0,"key":"Swift Potion"}],"is_trial":false,"path_per_floor":["M","M","M","?","?","E","M","E","T","R","M","?","R","M","R","B",null,"M","?","T","?","?"],"character_chosen":"IRONCLAD","items_purchased":[],"campfire_rested":1,"item_purchase_floors":[],"current_hp_per_floor":[80,80,80,69,69,37,34,10,10,34,38,38,38,44,44,34,69,49,34,34,34,0],"gold":347,"neow_bonus":"UPGRADE_CARD","is_prod":false,"is_daily":false,"chose_seed":false,"campfire_upgraded":2,"win_rate":0,"timestamp":1554672621,"path_taken":["M","M","M","?","?","E","M","E","T","R","M","?","R","M","R","BOSS","M","?","?","?","?"],"build_version":"2019-01-23","purchased_purges":0,"victory":false,"max_hp_per_floor":[80,80,80,80,80,80,80,80,80,80,80,80,80,80,80,80,80,80,85,85,85,85],"card_choices":[{"not_picked":["Shrug It Off","Carnage"],"picked":"Combust","floor":1.0},{"not_picked":["Anger","Bloodletting"],"picked":"Shrug It Off","floor":2.0},{"not_picked":["Warcry","Perfected Strike"],"picked":"Uppercut","floor":3.0},{"not_picked":["Armaments","Dual Wield"],"picked":"Double Tap","floor":6.0},{"not_picked":["Warcry","Iron Wave"],"picked":"True Grit","floor":7.0},{"not_picked":["Sword Boomerang","Clash"],"picked":"Pommel Strike","floor":8.0},{"not_picked":["Clothesline","Cleave"],"picked":"Metallicize","floor":11.0},{"not_picked":["Carnage","Second Wind"],"picked":"Shrug It Off","floor":14.0},{"not_picked":["Limit Break","Impervious"],"picked":"Demon Form","floor":16.0},{"not_picked":["Clothesline","Twin Strike","Clash"],"picked":"SKIP","floor":18}],"player_experience":272641,"relics_obtained":[{"floor":6.0,"key":"Lantern"},{"floor":8.0,"key":"Boot"},{"floor":9.0,"key":"Oddly Smooth Stone"},{"floor":20,"key":"Shuriken"}],"event_choices":[{"damage_healed":0.0,"max_hp_gain":0.0,"max_hp_loss":0.0,"gold_gain":75.0,"event_name":"World of Goop","player_choice":"Gather Gold","floor":4.0,"gold_loss":0.0,"damage_taken":11.0},{"damage_healed":0.0,"max_hp_gain":0.0,"max_hp_loss":0.0,"gold_gain":0.0,"event_name":"Living Wall","player_choice":"Grow","floor":5.0,"gold_loss":0.0,"damage_taken":0.0,"cards_upgraded":["Uppercut"]},{"damage_healed":0.0,"max_hp_gain":0.0,"max_hp_loss":0.0,"gold_gain":0.0,"event_name":"Upgrade Shrine","player_choice":"Upgraded","floor":12.0,"gold_loss":0.0,"damage_taken":0.0,"cards_upgraded":["True Grit"]},{"damage_healed":0,"gold_gain":0,"player_choice":"Shed Blood","damage_taken":20,"max_hp_gain":5,"max_hp_loss":0,"event_name":"Forgotten Altar","floor":19,"gold_loss":0},{"cards_removed":["Strike_R"],"damage_healed":0,"gold_gain":0,"player_choice":"Gave Gold","damage_taken":0,"max_hp_gain":0,"max_hp_loss":0,"event_name":"Beggar","floor":21,"gold_loss":75},{"damage_healed":0,"gold_gain":0,"player_choice":"Fought Bandits","damage_taken":0,"max_hp_gain":0,"max_hp_loss":0,"event_name":"Masked Bandits","floor":22,"gold_loss":0}],"is_beta":false,"boss_relics":[{"not_picked":["Astrolabe","Fusion Hammer"],"picked":"Runic Pyramid"}],"items_purged_floors":[],"is_endless":false,"potions_floor_spawned":[1,3,6],"killed_by":"Masked Bandits","ascension_level":5}