{"path_per_floor":["M","M","?","?","?","R","M","R","T","M","M","E","M","M","R","B",null,"M","?","M","$","?","R","?","R","T","R","M","E","M","M","R"],"character_chosen":"DEFECT","items_purchased":["Thread and Needle","Scrape"],"gold_per_floor":[112,124,124,124,124,124,134,134,157,169,184,215,228,247,247,347,347,357,357,370,3,93,93,18,18,18,18,32,59,70,90,90,90],"floor_reached":33,"campfire_rested":2,"playtime":1257,"current_hp_per_floor":[69,63,48,45,45,45,45,45,45,38,33,33,33,32,54,54,75,75,75,75,75,59,59,59,59,59,59,51,37,37,37,59,0],"items_purged":[],"gold":90,"score":344,"play_id":"e3660e43-f63c-4957-a01a-cf539dbbc6e6","local_time":"20180510021647","is_prod":false,"is_daily":false,"chose_seed":false,"is_ascension_mode":false,"campfire_upgraded":0,"timestamp":1525911407,"path_taken":["M","M","?","?","?","R","M","R","T","M","M","E","?","M","R","BOSS","M","?","M","$","?","R","?","R","T","R","?","E","M","?","R","BOSS"],"build_version":"2018-05-08","seed_source_timestamp":402017568584678,"purchased_purges":0,"victory":false,"master_deck":["Strike_B","Strike_B+1","Strike_B","Defend_B","Defend_B","Defend_B","Defend_B","Zap","Chill","Gash","Darkness+1","Cold Snap","Auto Shields","Beam Cell","BootSequence","Rebound","Reboot","Static Discharge","Scrape","Writhe","Darkness","Cold Snap+1","Coolheaded+1"],"max_hp_per_floor":[75,75,75,75,75,75,75,75,75,75,75,75,75,75,75,75,75,75,75,75,75,75,75,75,75,75,75,75,75,75,75,75,75],"relics":["Cracked Core","Shovel","Dream Catcher","Bottled Lightning","Bronze Scales","Gambling Chip","Cursed Key","Thread and Needle","Happy Flower","Pen Nib","Dodecahedron","Omamori","Ginger"],"card_choices":[{"not_picked":["Barrage","Capacitor"],"picked":"Gash","floor":1},{"not_picked":["Conserve Battery","Double Energy"],"picked":"Darkness","floor":2},{"not_picked":["Beam Cell","Lockon"],"picked":"Cold Snap","floor":10},{"not_picked":["Axe Kick","Aggregate"],"picked":"Auto Shields","floor":11},{"not_picked":["Storm","Capacitor"],"picked":"Beam Cell","floor":12},{"not_picked":["Thunder Strike","Axe Kick"],"picked":"BootSequence","floor":13},{"not_picked":["Melter","Barrage"],"picked":"Rebound","floor":15},{"not_picked":["Hyperbeam","Machine Learning"],"picked":"Reboot","floor":16},{"not_picked":["Barrage","Steam Power"],"picked":"Static Discharge","floor":18},{"not_picked":["Tempest","Cold Snap"],"picked":"Darkness","floor":28},{"not_picked":["Ball Lightning","BootSequence"],"picked":"Cold Snap","floor":31},{"not_picked":["Stack","Conserve Battery"],"picked":"Coolheaded","floor":32}],"player_experience":45817,"potions_floor_usage":[12,12,28,29,30,33],"damage_taken":[{"damage":6,"enemies":"2 Louse","floor":1,"turns":2},{"damage":6,"enemies":"Small Slimes","floor":2,"turns":3},{"damage":0,"enemies":"Cultist","floor":7,"turns":3},{"damage":7,"enemies":"3 Louse","floor":10,"turns":4},{"damage":5,"enemies":"2 Fungi Beasts","floor":11,"turns":3},{"damage":0,"enemies":"3 Sentries","floor":12,"turns":4},{"damage":0,"enemies":"Gremlin Gang","floor":13,"turns":4},{"damage":1,"enemies":"Red Slaver","floor":14,"turns":3},{"damage":0,"enemies":"Slime Boss","floor":16,"turns":8},{"damage":0,"enemies":"3 Byrds","floor":18,"turns":3},{"damage":0,"enemies":"Shell Parasite","floor":20,"turns":5},{"damage":8,"enemies":"Cultist and Chosen","floor":28,"turns":6},{"damage":14,"enemies":"Slavers","floor":29,"turns":5},{"damage":0,"enemies":"Centurion and Healer","floor":30,"turns":6},{"damage":0,"enemies":"Snake Plant","floor":31,"turns":3},{"damage":80,"enemies":"Champ","floor":33,"turns":12}],"event_choices":[{"event_name":"Shining Light","player_choice":"Entered Light","floor":3,"damage_taken":0},{"event_name":"Scrap Ooze","player_choice":"success","floor":4,"damage_taken":3},{"event_name":"Liars Game","player_choice":"disagreed","floor":5,"damage_taken":0},{"event_name":"Drug Dealer","player_choice":"Ignored","floor":19,"damage_taken":0},{"event_name":"Knowing Skull","player_choice":"GOLD ","floor":22,"damage_taken":0},{"event_name":"Beggar","player_choice":"Gave Gold","floor":24,"damage_taken":0}],"boss_relics":[{"not_picked":["Ectoplasm","Philosopher\u0027s Stone"],"picked":"Cursed Key"}],"potions_floor_spawned":[2,7,10,11,14,18,29],"seed_played":"-4699276928237509788","killed_by":"Champ","ascension_level":0,"is_trial":false}