{"gold_per_floor":[110,129,141,152,117,117,117,117,117,130,148,180,180,207,207,309,359,379,379,479,41,41,75,91,16,16,31,31,49,80,112,124,238,250,274,286,28,44,54,54,67,67,92,106,134,158,188,188,188,188],"floor_reached":51,"playtime":2749,"items_purged":["Strike_B"],"score":1106,"play_id":"c720a7f4-5354-4577-ab76-8df4e24ff99e","local_time":"20190305223957","is_ascension_mode":true,"campfire_choices":[{"data":"Dualcast","floor":6,"key":"SMITH"},{"floor":8,"key":"REST"},{"floor":15,"key":"REST"},{"floor":28,"key":"REST"},{"floor":32,"key":"REST"},{"floor":40,"key":"REST"},{"data":"Defragment","floor":42,"key":"SMITH"},{"floor":49,"key":"REST"}],"neow_cost":"NONE","seed_source_timestamp":1217936625537091,"circlet_count":0,"master_deck":["Strike_B","Strike_B","Defend_B","Defend_B","Defend_B","Zap","Dualcast+1","Darkness+1","Defragment+1","Cold Snap","Buffer","Conserve Battery","Seek","Echo Form","Leap","Go for the Eyes+1","Auto Shields","RitualDagger","Chill","Reinforced Body","Cold Snap","Capacitor","Beam Cell","Electrodynamics","Coolheaded+1","Capacitor","Cold Snap+1","BootSequence","Hologram+1","Capacitor"],"relics":["Cracked Core","Oddly Smooth Stone","Pantograph","Mercury Hourglass","DataDisk","Tiny House","Mango","Cables","Vajra","Lee\u0027s Waffle","Darkstone Periapt","Bottled Flame","MawBank","Nuclear Battery","ClockworkSouvenir","Lantern","Anchor","Art of War","Turnip"],"potions_floor_usage":[14,16,18,20,20,29,33,45,50,50],"damage_taken":[{"damage":0,"enemies":"Cultist","floor":1,"turns":3},{"damage":2,"enemies":"Small Slimes","floor":2,"turns":4},{"damage":13,"enemies":"Jaw Worm","floor":3,"turns":3},{"damage":26,"enemies":"Lots of Slimes","floor":4,"turns":6},{"damage":4,"enemies":"Exordium Thugs","floor":10,"turns":4},{"damage":0,"enemies":"Large Slime","floor":11,"turns":5},{"damage":20,"enemies":"3 Sentries","floor":12,"turns":8},{"damage":6,"enemies":"Gremlin Nob","floor":14,"turns":5},{"damage":31,"enemies":"The Guardian","floor":16,"turns":11},{"damage":0,"enemies":"Chosen","floor":18,"turns":4},{"damage":39,"enemies":"Colosseum Slavers","floor":20,"turns":6},{"damage":29,"enemies":"Colosseum Nobs","floor":20,"turns":6},{"damage":35,"enemies":"Gremlin Leader","floor":23,"turns":7},{"damage":24,"enemies":"3 Byrds","floor":24,"turns":3},{"damage":1,"enemies":"Cultist and Chosen","floor":27,"turns":7},{"damage":12,"enemies":"Snake Plant","floor":29,"turns":4},{"damage":7,"enemies":"Book of Stabbing","floor":30,"turns":5},{"damage":0,"enemies":"Centurion and Healer","floor":31,"turns":6},{"damage":0,"enemies":"Collector","floor":33,"turns":13},{"damage":9,"enemies":"3 Shapes","floor":35,"turns":3},{"damage":0,"enemies":"Orb Walker","floor":38,"turns":3},{"damage":1,"enemies":"Sphere and 2 Shapes","floor":39,"turns":4},{"damage":20,"enemies":"Jaw Worm Horde","floor":41,"turns":3},{"damage":1,"enemies":"Spire Growth","floor":44,"turns":7},{"damage":19,"enemies":"Nemesis","floor":45,"turns":7},{"damage":36,"enemies":"Reptomancer","floor":47,"turns":7},{"damage":33,"enemies":"Awakened One","floor":50,"turns":14}],"seed_played":"-2144031843101562324","potions_obtained":[{"floor":2,"key":"Weak Potion"},{"floor":3,"key":"AttackPotion"},{"floor":10,"key":"Weak Potion"},{"floor":11,"key":"FearPotion"},{"floor":17,"key":"AttackPotion"},{"floor":18,"key":"Strength Potion"},{"floor":24,"key":"FearPotion"},{"floor":30,"key":"FocusPotion"},{"floor":33,"key":"AttackPotion"},{"floor":41,"key":"FocusPotion"},{"floor":44,"key":"PowerPotion"}],"is_trial":false,"path_per_floor":["M","M","M","M","?","R","?","R","T","M","M","E","T","E","R","B",null,"M","?","?","$","?","E","M","?","T","M","R","M","E","M","R","B",null,"M","?","$","M","M","R","M","R","T","M","E","T","E","?","R","B",null],"character_chosen":"DEFECT","items_purchased":["Vajra","Lee\u0027s Waffle","ClockworkSouvenir","Capacitor"],"campfire_rested":6,"item_purchase_floors":[21,21,37,37],"current_hp_per_floor":[68,66,53,27,45,45,45,67,67,63,63,43,43,37,59,44,72,72,72,18,101,95,60,36,36,36,35,65,53,46,46,76,101,101,92,92,92,92,91,101,81,81,81,80,61,61,25,25,53,45],"gold":188,"neow_bonus":"RANDOM_COMMON_RELIC","is_prod":false,"is_daily":false,"chose_seed":false,"campfire_upgraded":2,"win_rate":0,"timestamp":1551821997,"path_taken":["M","M","?","M","?","R","?","R","T","?","M","E","?","E","R","BOSS","M","?","?","$","?","E","M","?","T","M","R","M","E","M","R","BOSS","M","?","$","M","M","R","M","R","T","?","E","?","E","?","R","BOSS"],"build_version":"2019-01-23","purchased_purges":1,"victory":true,"max_hp_per_floor":[75,75,75,75,75,75,75,75,75,75,75,75,75,75,75,75,80,80,80,94,101,101,101,101,101,101,101,101,101,101,101,101,101,101,101,101,101,101,101,101,101,101,101,101,101,101,101,96,96,96],"card_choices":[{"not_picked":["Leap","Turbo","Steam"],"picked":"SKIP","floor":1},{"not_picked":["Streamline","Fusion","Stack"],"picked":"SKIP","floor":2},{"not_picked":["Redo","Storm"],"picked":"Darkness","floor":3},{"not_picked":["Leap","Turbo"],"picked":"Defragment","floor":4},{"not_picked":["Gash","Leap"],"picked":"Cold Snap","floor":10},{"not_picked":["Undo","Go for the Eyes"],"picked":"Buffer","floor":11},{"not_picked":["Go for the Eyes","Ball Lightning"],"picked":"Conserve Battery","floor":12},{"not_picked":["Rebound","Steam Power"],"picked":"Seek","floor":14},{"not_picked":["Creative AI","Core Surge"],"picked":"Echo Form","floor":16},{"not_picked":["Streamline","Sweeping Beam"],"picked":"Leap","floor":17},{"not_picked":["Chaos","Rebound"],"picked":"Go for the Eyes+1","floor":18},{"not_picked":["Blizzard","Lockon"],"picked":"Auto Shields","floor":20},{"not_picked":["Hologram+1","Tempest+1"],"picked":"Chill","floor":23},{"not_picked":["Gash","FTL","Rip and Tear+1"],"picked":"SKIP","floor":24},{"not_picked":["Double Energy","Turbo+1"],"picked":"Reinforced Body","floor":27},{"not_picked":["Chaos","Heatsinks"],"picked":"Cold Snap","floor":29},{"not_picked":["Consume","Beam Cell"],"picked":"Capacitor","floor":30},{"not_picked":["Skim","Stack+1"],"picked":"Beam Cell","floor":31},{"not_picked":["Thunder Strike","Seek"],"picked":"Electrodynamics","floor":33},{"not_picked":["Recycle","Leap"],"picked":"Coolheaded+1","floor":35},{"not_picked":["Coolheaded","Compile Driver"],"picked":"Cold Snap+1","floor":38},{"not_picked":["Storm+1","Skim","Leap"],"picked":"SKIP","floor":39},{"not_picked":["Compile Driver","Turbo+1"],"picked":"BootSequence","floor":41},{"not_picked":["Storm","Coolheaded"],"picked":"Hologram+1","floor":44},{"not_picked":["Rainbow","Thunder Strike","Beam Cell+1"],"picked":"SKIP","floor":45},{"not_picked":["Leap","Coolheaded"],"picked":"Capacitor","floor":47}],"player_experience":286429,"relics_obtained":[{"floor":9,"key":"Pantograph"},{"floor":12,"key":"Mercury Hourglass"},{"floor":14,"key":"DataDisk"},{"floor":20,"key":"Mango"},{"floor":20,"key":"Cables"},{"floor":23,"key":"Darkstone Periapt"},{"floor":26,"key":"Bottled Flame"},{"floor":30,"key":"MawBank"},{"floor":43,"key":"Lantern"},{"floor":45,"key":"Anchor"},{"floor":46,"key":"Art of War"},{"floor":47,"key":"Turnip"}],"event_choices":[{"damage_healed":18,"gold_gain":0,"player_choice":"Healed","damage_taken":0,"max_hp_gain":0,"max_hp_loss":0,"event_name":"The Cleric","floor":5,"gold_loss":35},{"cards_removed":["Strike_B"],"damage_healed":0,"gold_gain":0,"player_choice":"Purged","damage_taken":0,"max_hp_gain":0,"max_hp_loss":0,"event_name":"Purifier","floor":7,"gold_loss":0},{"damage_healed":0,"gold_gain":0,"player_choice":"Ignored","damage_taken":0,"max_hp_gain":0,"max_hp_loss":0,"event_name":"Vampires","floor":19,"gold_loss":0},{"damage_healed":0,"gold_gain":0,"player_choice":"Fight","damage_taken":0,"max_hp_gain":0,"max_hp_loss":0,"event_name":"Colosseum","floor":20,"gold_loss":0},{"damage_healed":0,"gold_gain":0,"player_choice":"Fought Nobs","damage_taken":0,"max_hp_gain":0,"max_hp_loss":0,"event_name":"Colosseum","floor":20,"gold_loss":0},{"damage_healed":0,"gold_gain":0,"player_choice":"Joined the Cult","damage_taken":6,"max_hp_gain":0,"max_hp_loss":0,"event_name":"Nest","floor":22,"gold_loss":0,"cards_obtained":["RitualDagger"]},{"cards_removed":["Defend_B"],"damage_healed":0,"gold_gain":0,"player_choice":"Gave Gold","damage_taken":0,"max_hp_gain":0,"max_hp_loss":0,"event_name":"Beggar","floor":25,"gold_loss":75},{"damage_healed":0,"gold_gain":0,"player_choice":"Ignored","damage_taken":0,"max_hp_gain":0,"max_hp_loss":0,"event_name":"SecretPortal","floor":36,"gold_loss":0},{"damage_healed":0,"gold_gain":0,"player_choice":"Max HP","damage_taken":0,"max_hp_gain":0,"max_hp_loss":5,"event_name":"Winding Halls","floor":48,"gold_loss":0}],"is_beta":false,"boss_relics":[{"not_picked":["Snecko Eye","Philosopher\u0027s Stone"],"picked":"Tiny House"},{"not_picked":["Coffee Dripper","Busted Crown"],"picked":"Nuclear Battery"}],"items_purged_floors":[21],"is_endless":false,"potions_floor_spawned":[2,3,10,11,18,20,24,30,33,41,44],"ascension_level":7}