{"gold_per_floor":[113,128,2,19,0,25,25,53,79,79,90,90,102,102,102,205,205,219,219,231,231],"floor_reached":21,"playtime":1185,"items_purged":["Mind Blast"],"score":302,"play_id":"32d78a14-c20e-4afb-9340-3a003858561a","local_time":"20190406203438","is_ascension_mode":true,"campfire_choices":[{"floor":7.0,"key":"REST"},{"floor":10.0,"key":"REST"},{"data":"Neutralize","floor":12.0,"key":"SMITH"},{"data":"Noxious Fumes","floor":15.0,"key":"SMITH"}],"neow_cost":"TEN_PERCENT_HP_LOSS","seed_source_timestamp":0,"circlet_count":0,"master_deck":["AscendersBane","Defend_G","Defend_G","Defend_G","Defend_G","Defend_G","Strike_G","Strike_G","Strike_G","Strike_G","Survivor","Neutralize+1","Panacea","Well Laid Plans","Dagger Throw","Quick Slash","Noxious Fumes+1","Underhanded Strike","Flying Knee","All Out Attack","Tools of the Trade","Dash","Footwork"],"special_seed":0,"relics":["Ring of the Snake","Orichalcum","PreservedInsect","Juzu Bracelet","HoveringKite"],"potions_floor_usage":[],"damage_taken":[{"damage":21.0,"enemies":"Small Slimes","floor":1.0,"turns":8.0},{"damage":11.0,"enemies":"2 Louse","floor":2.0,"turns":4.0},{"damage":0.0,"enemies":"Jaw Worm","floor":4.0,"turns":3.0},{"damage":25.0,"enemies":"Lagavulin","floor":6.0,"turns":11.0},{"damage":19.0,"enemies":"3 Sentries","floor":8.0,"turns":9.0},{"damage":5.0,"enemies":"Red Slaver","floor":11.0,"turns":4.0},{"damage":2.0,"enemies":"Looter","floor":13.0,"turns":3.0},{"damage":14.0,"enemies":"Hexaghost","floor":16.0,"turns":11.0},{"damage":20,"enemies":"Chosen","floor":18,"turns":5},{"damage":14,"enemies":"Shell Parasite","floor":20,"turns":9},{"damage":19,"enemies":"Snake Plant","floor":21,"turns":1}],"seed_played":"3342283719142422872","potions_obtained":[{"floor":4.0,"key":"Block Potion"},{"floor":11.0,"key":"SkillPotion"},{"floor":16.0,"key":"GamblersBrew"}],"is_trial":false,"path_per_floor":["M","M","$","M","?","E","R","E","T","R","M","R","M","?","R","B",null,"M","?","M","M"],"character_chosen":"THE_SILENT","items_purchased":["Quick Slash"],"campfire_rested":2,"item_purchase_floors":[3],"current_hp_per_floor":[42,31,31,31,31,6,24,5,5,23,18,18,16,16,16,2,48,28,28,14,0],"gold":231,"neow_bonus":"RANDOM_COLORLESS_2","is_prod":false,"is_daily":false,"chose_seed":false,"campfire_upgraded":2,"win_rate":0,"timestamp":1554608078,"path_taken":["M","M","$","M","?","E","R","E","T","R","M","R","M","?","R","BOSS","M","?","M","M"],"build_version":"2019-01-23","purchased_purges":1,"victory":false,"max_hp_per_floor":[63,63,63,63,63,63,63,63,63,63,63,63,63,63,63,63,63,63,63,63,63],"card_choices":[{"not_picked":["Flying Knee","Outmaneuver"],"picked":"Well Laid Plans","floor":1.0},{"not_picked":["Riddle With Holes","Sucker Punch"],"picked":"Dagger Throw","floor":2.0},{"not_picked":["Skewer","Blade Dance"],"picked":"Noxious Fumes","floor":4.0},{"not_picked":["Expertise","Finisher","Riddle With Holes"],"picked":"SKIP","floor":6.0},{"not_picked":["Well Laid Plans","Acrobatics"],"picked":"Underhanded Strike","floor":8.0},{"not_picked":["Deadly Poison","Catalyst"],"picked":"Flying Knee","floor":11.0},{"not_picked":["Deadly Poison","Expertise"],"picked":"All Out Attack","floor":13.0},{"not_picked":["Envenom","Venomology"],"picked":"Tools of the Trade","floor":16.0},{"not_picked":["Flying Knee","Skewer"],"picked":"Dash","floor":18},{"not_picked":["Deadly Poison","Poisoned Stab+1"],"picked":"Footwork","floor":20}],"player_experience":311013,"relics_obtained":[{"floor":6.0,"key":"Orichalcum"},{"floor":8.0,"key":"PreservedInsect"},{"floor":9.0,"key":"Juzu Bracelet"}],"event_choices":[{"damage_healed":0.0,"max_hp_gain":0.0,"max_hp_loss":0.0,"gold_gain":0.0,"event_name":"World of Goop","player_choice":"Left Gold","floor":5.0,"gold_loss":19.0,"damage_taken":0.0},{"damage_healed":0.0,"max_hp_gain":0.0,"max_hp_loss":0.0,"gold_gain":0.0,"event_name":"Liars Game","player_choice":"Ignored","floor":14.0,"gold_loss":0.0,"damage_taken":0.0},{"cards_removed":["Strike_G"],"damage_healed":0,"gold_gain":0,"player_choice":"Purged","damage_taken":0,"max_hp_gain":0,"max_hp_loss":0,"event_name":"Purifier","floor":19,"gold_loss":0}],"is_beta":false,"boss_relics":[{"not_picked":["Fusion Hammer","Runic Pyramid"],"picked":"HoveringKite"}],"items_purged_floors":[3],"is_endless":false,"potions_floor_spawned":[4,11,16],"killed_by":"Snake Plant","ascension_level":12}