{"gold_per_floor":[110,120,120,139,17,17,41,41,117,130,146,165,36,67,67,144,144,155,155,169,94,94,94,111,438,438,451,478,478,497,497],"floor_reached":31,"playtime":1339,"items_purged":["Strike_R"],"score":504,"play_id":"80ba6eb9-0080-427b-a8b1-dea5f6a165b7","local_time":"20190410114039","is_ascension_mode":true,"campfire_choices":[{"data":"Entrench","floor":6,"key":"SMITH"},{"data":"Bash","floor":8,"key":"SMITH"},{"data":"Armaments","floor":15,"key":"SMITH"},{"floor":23,"key":"REST"},{"data":"Entrench","floor":29,"key":"SMITH"}],"neow_cost":"NONE","seed_source_timestamp":70878318597286,"circlet_count":0,"master_deck":["AscendersBane","Strike_R","Strike_R","Strike_R","Defend_R","Defend_R","Defend_R","Bash+1","Shrug It Off","Shrug It Off","Entrench+1","Immolate","Shrug It Off","Iron Wave+1","Sentinel","Headbutt","Anger+1","Armaments+1","Flame Barrier","Impervious","Iron Wave","Spot Weakness","Rampage","Entrench+1","Pain","Shrug It Off+1","Pain"],"relics":["Burning Blood","Odd Mushroom","Kunai","Whetstone","Cursed Key","Nilry\u0027s Codex","Old Coin","Turnip","Anchor"],"potions_floor_usage":[14,16,25,27,31],"damage_taken":[{"damage":1,"enemies":"Cultist","floor":1,"turns":3},{"damage":0,"enemies":"Jaw Worm","floor":2,"turns":5},{"damage":9,"enemies":"2 Louse","floor":4,"turns":3},{"damage":16,"enemies":"The Mushroom Lair","floor":7,"turns":3},{"damage":8,"enemies":"Exordium Wildlife","floor":10,"turns":5},{"damage":0,"enemies":"Lots of Slimes","floor":11,"turns":1},{"damage":6,"enemies":"Looter","floor":12,"turns":3},{"damage":4,"enemies":"Lagavulin","floor":14,"turns":8},{"damage":44,"enemies":"Hexaghost","floor":16,"turns":11},{"damage":21,"enemies":"Shell Parasite","floor":18,"turns":9},{"damage":6,"enemies":"2 Thieves","floor":20,"turns":4},{"damage":3,"enemies":"Snake Plant","floor":24,"turns":5},{"damage":0,"enemies":"Gremlin Leader","floor":25,"turns":7},{"damage":14,"enemies":"Chosen and Byrds","floor":27,"turns":5},{"damage":39,"enemies":"Cultist and Chosen","floor":30,"turns":8},{"damage":30,"enemies":"Book of Stabbing","floor":31,"turns":4}],"seed_played":"-2982038762170518476","potions_obtained":[{"floor":2,"key":"EssenceOfSteel"},{"floor":4,"key":"LiquidBronze"},{"floor":18,"key":"Energy Potion"},{"floor":20,"key":"AttackPotion"},{"floor":30,"key":"Ancient Potion"}],"is_trial":false,"path_per_floor":["M","M","?","M","$","R","?","R","T","M","M","M","$","E","R","B",null,"M","?","M","?","$","R","M","E","T","M","T","R","M","E"],"character_chosen":"IRONCLAD","items_purchased":["Immolate","Shrug It Off","Armaments"],"campfire_rested":1,"item_purchase_floors":[5,5,13],"current_hp_per_floor":[80,82,75,72,72,72,62,62,62,60,66,66,66,68,68,30,69,54,38,38,38,38,62,65,71,71,63,63,63,30,0],"gold":497,"neow_bonus":"TEN_PERCENT_HP_BONUS","is_prod":false,"is_daily":false,"chose_seed":false,"campfire_upgraded":4,"win_rate":0,"timestamp":1554885639,"path_taken":["M","M","?","M","?","R","?","R","T","?","?","M","$","E","R","BOSS","M","?","M","?","?","R","?","E","T","M","?","R","M","E"],"build_version":"2019-01-23","purchased_purges":1,"victory":false,"max_hp_per_floor":[82,82,82,82,82,82,82,82,82,82,82,82,82,82,82,82,82,82,82,82,82,82,82,82,82,82,82,82,82,82,82],"card_choices":[{"not_picked":["Clash","Anger"],"picked":"Shrug It Off","floor":1},{"not_picked":["Twin Strike","Pommel Strike"],"picked":"Shrug It Off","floor":2},{"not_picked":["Rage","Flex"],"picked":"Entrench","floor":4},{"not_picked":["Anger","Thunderclap"],"picked":"Iron Wave","floor":7},{"not_picked":["Dark Embrace","Bloodletting"],"picked":"Sentinel","floor":10},{"not_picked":["Flex","Second Wind"],"picked":"Headbutt","floor":11},{"not_picked":["Inflame","Clothesline"],"picked":"Anger","floor":12},{"not_picked":["Twin Strike","Evolve"],"picked":"Flame Barrier","floor":14},{"not_picked":["Offering","Exhume"],"picked":"Impervious","floor":16},{"not_picked":["Wild Strike","Flame Barrier"],"picked":"Iron Wave","floor":18},{"not_picked":["Reckless Charge","Thunderclap"],"picked":"Spot Weakness","floor":20},{"not_picked":["Carnage","Ghostly Armor"],"picked":"Rampage","floor":24},{"not_picked":["Shrug It Off+1","Metallicize"],"picked":"Entrench","floor":25},{"not_picked":["Iron Wave","Sentinel"],"picked":"Shrug It Off+1","floor":27},{"not_picked":["Thunderclap+1","Clothesline","Pommel Strike"],"picked":"SKIP","floor":30}],"player_experience":856408,"relics_obtained":[{"floor":7,"key":"Odd Mushroom"},{"floor":9,"key":"Kunai"},{"floor":14,"key":"Whetstone"},{"floor":19,"key":"Nilry\u0027s Codex"},{"floor":25,"key":"Old Coin"},{"floor":26,"key":"Turnip"},{"floor":28,"key":"Anchor"}],"event_choices":[{"cards_removed":["Defend_R"],"damage_healed":0,"gold_gain":0,"player_choice":"Card Removal","damage_taken":7,"max_hp_gain":0,"max_hp_loss":0,"event_name":"Golden Wing","floor":3,"gold_loss":0},{"damage_healed":0,"gold_gain":0,"player_choice":"Fought Mushrooms","damage_taken":0,"max_hp_gain":0,"max_hp_loss":0,"event_name":"Mushrooms","floor":7,"gold_loss":0},{"damage_healed":0,"gold_gain":0,"player_choice":"Obtained Book","damage_taken":16,"max_hp_gain":0,"max_hp_loss":0,"event_name":"Cursed Tome","floor":19,"gold_loss":0},{"cards_removed":["Strike_R"],"damage_healed":0,"gold_gain":0,"player_choice":"Gave Gold","damage_taken":0,"max_hp_gain":0,"max_hp_loss":0,"event_name":"Beggar","floor":21,"gold_loss":75}],"is_beta":false,"boss_relics":[{"not_picked":["Empty Cage","Philosopher\u0027s Stone"],"picked":"Cursed Key"}],"items_purged_floors":[13],"is_endless":false,"potions_floor_spawned":[2,4,11,12,18,20,30],"killed_by":"Book of Stabbing","ascension_level":14}