{"gold_per_floor":[20,40,40,40,59,94,94,94,144,158,201,221,254,254],"floor_reached":14,"playtime":627,"items_purged":[],"score":176,"play_id":"ff086f4d-9245-4877-85df-9ab3077d4b03","local_time":"20190410121326","is_ascension_mode":true,"campfire_choices":[{"data":"Defend_B","floor":8,"key":"SMITH"}],"neow_cost":"NO_GOLD","seed_source_timestamp":1037406809529,"circlet_count":0,"master_deck":["AscendersBane","Strike_B","Strike_B","Defend_B+1","Defend_B","Defend_B","Defend_B","Zap+1","Dualcast+1","Hello World","Ball Lightning","Cold Snap","Loop+1","Hologram","Steam","Biased Cognition"],"relics":["Cracked Core","Golden Idol","War Paint","StoneCalendar","Lantern","Strawberry","Oddly Smooth Stone"],"potions_floor_usage":[10,11,13,13],"damage_taken":[{"damage":2,"enemies":"Small Slimes","floor":1,"turns":3},{"damage":0,"enemies":"2 Louse","floor":2,"turns":3},{"damage":0,"enemies":"Jaw Worm","floor":5,"turns":3},{"damage":5,"enemies":"Lagavulin","floor":6,"turns":6},{"damage":5,"enemies":"Exordium Wildlife","floor":10,"turns":5},{"damage":12,"enemies":"3 Sentries","floor":11,"turns":5},{"damage":2,"enemies":"Red Slaver","floor":12,"turns":3},{"damage":11,"enemies":"Gremlin Nob","floor":13,"turns":4},{"damage":8,"enemies":"3 Louse","floor":14,"turns":1}],"seed_played":"-6928349658398401939","potions_obtained":[{"floor":1,"key":"Block Potion"},{"floor":2,"key":"Strength Potion"},{"floor":10,"key":"PowerPotion"},{"floor":11,"key":"SkillPotion"}],"is_trial":false,"path_per_floor":["M","M","?","?","M","E","?","R","T","M","E","M","E","M"],"character_chosen":"DEFECT","items_purchased":[],"campfire_rested":0,"item_purchase_floors":[],"current_hp_per_floor":[66,66,48,36,36,31,31,31,31,26,21,19,8,0],"gold":254,"neow_bonus":"TRANSFORM_TWO_CARDS","is_prod":false,"is_daily":false,"chose_seed":false,"campfire_upgraded":1,"win_rate":0,"timestamp":1554923606,"path_taken":["M","M","?","?","?","E","?","R","T","?","E","M","E","M"],"build_version":"2019-01-23","purchased_purges":0,"victory":false,"max_hp_per_floor":[75,75,75,75,75,75,75,75,75,75,82,82,82,82],"card_choices":[{"not_picked":["Lockon","Chaos"],"picked":"Cold Snap","floor":1},{"not_picked":["Chaos","Leap"],"picked":"Loop","floor":2},{"not_picked":["Rip and Tear","Steam Power","Sweeping Beam"],"picked":"SKIP","floor":5},{"not_picked":["Beam Cell","Aggregate","Scrape"],"picked":"SKIP","floor":6},{"not_picked":["Sweeping Beam","Skim","Doom and Gloom"],"picked":"SKIP","floor":10},{"not_picked":["Steam Power","Barrage"],"picked":"Hologram","floor":11},{"not_picked":["Gash","Rip and Tear"],"picked":"Steam","floor":12},{"not_picked":["Multi-Cast","Cold Snap"],"picked":"Biased Cognition","floor":13}],"player_experience":346996,"relics_obtained":[{"floor":6,"key":"StoneCalendar"},{"floor":9,"key":"Lantern"},{"floor":11,"key":"Strawberry"},{"floor":13,"key":"Oddly Smooth Stone"}],"event_choices":[{"damage_healed":0,"gold_gain":0,"player_choice":"Take Damage","damage_taken":18,"relics_obtained":["Golden Idol"],"max_hp_gain":0,"max_hp_loss":0,"event_name":"Golden Idol","floor":3,"gold_loss":0},{"damage_healed":0,"gold_gain":0,"player_choice":"Success","damage_taken":12,"relics_obtained":["War Paint"],"max_hp_gain":0,"max_hp_loss":0,"event_name":"Scrap Ooze","floor":4,"gold_loss":0},{"damage_healed":0,"gold_gain":0,"player_choice":"Upgraded","damage_taken":0,"max_hp_gain":0,"max_hp_loss":0,"event_name":"Upgrade Shrine","floor":7,"gold_loss":0,"cards_upgraded":["Loop"]}],"is_beta":false,"boss_relics":[],"items_purged_floors":[],"is_endless":false,"potions_floor_spawned":[1,2,10,11,12],"killed_by":"3 Louse","ascension_level":12}