{"gold_per_floor":[109,16,32,57,76,87,103,103,103,103,118,137,62,62,62,164,164,178,178,178,196,21,47,47,65,65,79,79,114,134,163,163,163],"floor_reached":33,"playtime":1851,"items_purged":["Strike_R","Strike_R"],"score":299,"play_id":"fdb79a6d-9d77-4db4-8cba-4b0408e6a6d3","local_time":"20180709035111","is_ascension_mode":false,"campfire_choices":[{"data":"Inflame","floor":8.0,"key":"SMITH"},{"data":"Armaments","floor":10.0,"key":"SMITH"},{"data":"Iron Wave","floor":15.0,"key":"SMITH"},{"floor":24,"key":"REST"},{"floor":32,"key":"REST"}],"neow_cost":"TEN_PERCENT_HP_LOSS","seed_source_timestamp":0,"circlet_count":0,"master_deck":["Strike_R","Strike_R","Strike_R","Defend_R","Defend_R","Defend_R","Defend_R","Bash","Armaments+1","Shrug It Off","Cleave","Second Wind","Inflame+1","Blood for Blood","Infernal Blade","Iron Wave+1","Anger","Limit Break","Shrug It Off+1","Headbutt","Inflame","Rage","Cleave","Shrug It Off","Thunderclap","Heavy Blade","Havoc+1","Flex"],"special_seed":0,"relics":["Black Blood","Ginger","Bag of Marbles","Blood Vial","Magic Flower","Question Card","Self Forming Clay","Mummified Hand","Juzu Bracelet","Bag of Preparation"],"potions_floor_usage":[21,23,23,29,33,33],"damage_taken":[{"damage":1.0,"enemies":"Cultist","floor":1.0,"turns":4.0},{"damage":11.0,"enemies":"Jaw Worm","floor":3.0,"turns":4.0},{"damage":2.0,"enemies":"2 Louse","floor":5.0,"turns":3.0},{"damage":2.0,"enemies":"Looter","floor":6.0,"turns":4.0},{"damage":14.0,"enemies":"3 Louse","floor":7.0,"turns":2.0},{"damage":0.0,"enemies":"Lots of Slimes","floor":11.0,"turns":1.0},{"damage":13.0,"enemies":"2 Fungi Beasts","floor":12.0,"turns":3.0},{"damage":26.0,"enemies":"Hexaghost","floor":16.0,"turns":9.0},{"damage":19.0,"enemies":"Shell Parasite","floor":18.0,"turns":5.0},{"damage":16,"enemies":"2 Thieves","floor":21,"turns":4},{"damage":60,"enemies":"Slavers","floor":23,"turns":7},{"damage":20,"enemies":"Snake Plant","floor":25,"turns":4},{"damage":12,"enemies":"Centurion and Healer","floor":27,"turns":7},{"damage":35,"enemies":"Gremlin Leader","floor":29,"turns":7},{"damage":9,"enemies":"Snecko","floor":30,"turns":4},{"damage":33,"enemies":"Book of Stabbing","floor":31,"turns":6},{"damage":49,"enemies":"Champ","floor":33,"turns":7}],"seed_played":"7034419269237961393","potions_obtained":[{"floor":3.0,"key":"Swift Potion"},{"floor":6.0,"key":"Poison Potion"},{"floor":12.0,"key":"Weak Potion"},{"floor":16.0,"key":"SkillPotion"},{"floor":21,"key":"SpeedPotion"},{"floor":23,"key":"SteroidPotion"},{"floor":27,"key":"EssenceOfSteel"},{"floor":31,"key":"Fire Potion"}],"is_trial":false,"path_per_floor":["M","$","M","T","M","M","M","R","T","R","M","M","$","$","R","B",null,"M","?","?","M","$","E","R","M","T","M","T","E","M","E","R"],"character_chosen":"IRONCLAD","items_purchased":["Shrug It Off","Cleave","Rage"],"campfire_rested":2,"item_purchase_floors":[2,2,22],"current_hp_per_floor":[72,72,67,67,71,72,64,64,64,64,72,65,65,65,65,47,72,63,63,63,65,65,23,44,42,42,48,48,31,40,25,46,0],"gold":163,"neow_bonus":"ONE_RARE_RELIC","is_prod":false,"is_daily":false,"chose_seed":false,"campfire_upgraded":3,"win_rate":0,"timestamp":1531129871,"path_taken":["M","$","M","?","M","M","M","R","T","R","M","M","?","$","R","BOSS","M","?","?","M","$","E","R","?","T","?","?","E","M","E","R","BOSS"],"build_version":"2018-07-05","purchased_purges":2,"victory":false,"max_hp_per_floor":[72,72,72,72,72,72,72,72,72,72,72,72,72,72,72,72,72,72,72,72,72,72,72,72,72,72,72,72,72,72,72,72,72],"card_choices":[{"not_picked":["Uppercut","Entrench"],"picked":"Armaments","floor":1.0},{"not_picked":["Entrench","Feel No Pain"],"picked":"Second Wind","floor":3.0},{"not_picked":["Body Slam","Havoc"],"picked":"Inflame","floor":5.0},{"not_picked":["Thunderclap","Cleave"],"picked":"Blood for Blood","floor":6.0},{"not_picked":["Clothesline","Body Slam"],"picked":"Infernal Blade","floor":7.0},{"not_picked":["Anger","Carnage"],"picked":"Iron Wave","floor":11.0},{"not_picked":["Uppercut","Cleave"],"picked":"Anger","floor":12.0},{"not_picked":["Reaper","Juggernaut"],"picked":"Limit Break","floor":16.0},{"not_picked":["True Grit","Body Slam"],"picked":"Shrug It Off+1","floor":18.0},{"not_picked":["Heavy Blade","Pommel Strike"],"picked":"Inflame","floor":21},{"not_picked":["Body Slam","Rupture+1"],"picked":"Cleave","floor":23},{"not_picked":["True Grit","Warcry","Clash"],"picked":"Shrug It Off","floor":25},{"not_picked":["Disarm","Exhume","Clothesline"],"picked":"Thunderclap","floor":27},{"not_picked":["Flex","Disarm+1","Shrug It Off"],"picked":"Heavy Blade","floor":29},{"not_picked":["Shockwave","Heavy Blade","Wild Strike"],"picked":"Havoc+1","floor":30},{"not_picked":["Metallicize","Uppercut","Iron Wave"],"picked":"Flex","floor":31}],"player_experience":77775,"relics_obtained":[{"floor":4.0,"key":"Bag of Marbles"},{"floor":9.0,"key":"Blood Vial"},{"floor":23,"key":"Question Card"},{"floor":26,"key":"Self Forming Clay"},{"floor":28,"key":"Mummified Hand"},{"floor":29,"key":"Juzu Bracelet"},{"floor":31,"key":"Bag of Preparation"}],"event_choices":[{"event_name":"The Mausoleum","player_choice":"Yes","floor":19.0,"damage_taken":0.0},{"event_name":"Match and Keep!","player_choice":"1 cards matched","floor":20.0,"damage_taken":0.0},{"event_name":"Match and Keep!","player_choice":"1 cards matched","floor":20.0,"damage_taken":0.0}],"boss_relics":[{"not_picked":["Fusion Hammer","Tiny House"],"picked":"Black Blood"}],"items_purged_floors":[13,22],"is_endless":false,"potions_floor_spawned":[3,6,12,16,21,23,27,31],"killed_by":"Champ","ascension_level":0}