{"path_per_floor":["M","M","M","?","?","E","M","M","T","M","M","R","?","?","R","B",null,"M","$","M","?","M"],"character_chosen":"IRONCLAD","items_purchased":["Whetstone","Kunai","Fire Potion"],"gold_per_floor":[112,131,142,196,296,330,350,361,361,378,395,395,395,395,395,496,496,477,18,30,30,49],"floor_reached":23,"campfire_rested":1,"playtime":1010,"current_hp_per_floor":[80,79,80,80,80,80,69,53,53,50,49,73,78,78,78,32,85,82,82,55,39,32],"items_purged":[],"gold":49,"score":195,"play_id":"cf8a705f-3e93-4404-b202-49c97ee2f32c","is_prod":false,"is_daily":false,"is_ascension_mode":false,"campfire_upgraded":1,"path_taken":["M","M","M","?","?","E","M","M","T","M","M","R","?","?","R","BOSS","M","$","M","?","M","E"],"build_version":"2018-02-15-PROD1","purchased_purges":0,"victory":false,"master_deck":["Strike_R","Strike_R","Strike_R","Strike_R","Strike_R","Defend_R","Defend_R","Defend_R","Defend_R","Bash+1","Shockwave","Clash","Twin Strike","Sword Boomerang","Twin Strike","Cleave","Clash","Searing Blow+2","Offering","Parasite","Clumsy","Injury","Perfected Strike","Shrug It Off","Rage"],"max_hp_per_floor":[80,80,80,80,80,80,80,80,80,80,80,80,85,85,85,85,85,85,85,85,90,90],"relics":["Burning Blood","Bronze Scales","Calipers","Juzu Bracelet","Calling Bell","Shuriken","Anchor","Matryoshka","Whetstone","Kunai"],"card_choices":[{"not_picked":["Whirlwind","Bloodletting"],"picked":"Shockwave"},{"not_picked":["Searing Blow","Body Slam"],"picked":"Clash"},{"not_picked":["Body Slam","True Grit"],"picked":"Twin Strike"},{"not_picked":["Bludgeon","Cleave"],"picked":"Sword Boomerang"},{"not_picked":["Uppercut","Thunderclap"],"picked":"Twin Strike"},{"not_picked":["Pommel Strike","Thunderclap"],"picked":"Cleave"},{"not_picked":["True Grit","Body Slam"],"picked":"Clash"},{"not_picked":["Perfected Strike","Burning Pact"],"picked":"Searing Blow"},{"not_picked":["Fiend Fire","Double Tap"],"picked":"Offering"},{"not_picked":["Shockwave","Dual Wield"],"picked":"Perfected Strike"},{"not_picked":["Dual Wield","Armaments"],"picked":"Shrug It Off"},{"not_picked":["Spot Weakness","Twin Strike"],"picked":"Rage"}],"player_experience":13036,"potions_floor_usage":[6,16,16,16,22,23],"damage_taken":[{"damage":6,"enemies":"Cultist","floor":1,"turns":3},{"damage":7,"enemies":"2 Louse","floor":2,"turns":3},{"damage":0,"enemies":"Small Slimes","floor":3,"turns":3},{"damage":6,"enemies":"Gremlin Nob","floor":6,"turns":3},{"damage":17,"enemies":"Blue Slaver","floor":7,"turns":3},{"damage":22,"enemies":"3 Louse","floor":8,"turns":2},{"damage":9,"enemies":"2 Fungi Beasts","floor":10,"turns":2},{"damage":7,"enemies":"Exordium Wildlife","floor":11,"turns":3},{"damage":52,"enemies":"Slime Boss","floor":16,"turns":10},{"damage":9,"enemies":"2 Thieves","floor":18,"turns":4},{"damage":33,"enemies":"Shell Parasite","floor":20,"turns":5},{"damage":13,"enemies":"Sentry and Sphere","floor":22,"turns":4},{"damage":43,"enemies":"Slavers","floor":23,"turns":4}],"event_choices":[{"event_name":"Golden Wing","player_choice":"Gained Gold","floor":4,"damage_taken":0},{"event_name":"Golden Shrine","player_choice":"Pray","floor":5,"damage_taken":0},{"event_name":"Big Fish","player_choice":"Donut","floor":13,"damage_taken":0},{"event_name":"Liars Game","player_choice":"disagreed","floor":14,"damage_taken":0},{"event_name":"Forgotten Altar","player_choice":"Shed Blood","floor":21,"damage_taken":0}],"boss_relics":[{"not_picked":["Sozu","Philosopher\u0027s Stone"],"picked":"Calling Bell"}],"potions_floor_spawned":[1,6,8,10,22],"seed_played":"509709192141098015","killed_by":"Slavers","ascension_level":0,"is_trial":false}