{"gold_per_floor":[112,123,133,148,148,148,30,30,30,59,75,40,40,54,54,155,155,155,155,155,155,6,6],"floor_reached":23,"playtime":898,"items_purged":[],"score":234,"play_id":"a1c47b6d-e007-4c59-8af7-79dc9bcc5de1","local_time":"20181031131433","is_ascension_mode":true,"campfire_choices":[{"data":"Zap","floor":6,"key":"SMITH"},{"data":"Redo","floor":8,"key":"SMITH"},{"data":"FTL","floor":13,"key":"SMITH"},{"data":"Stack","floor":15,"key":"SMITH"}],"neow_cost":"NONE","seed_source_timestamp":212544492544167,"circlet_count":0,"master_deck":["Strike_B","Strike_B","Strike_B","Strike_B","Defend_B","Defend_B","Defend_B","Zap+1","Dualcast","Conserve Battery","Stack+1","FTL+1","Redo+1","All For One","Go for the Eyes","Lockon+1","Hyperbeam+1","Rip and Tear+1","All For One+1","BootSequence","Ball Lightning+1","Sweeping Beam+1","Doom and Gloom+1"],"relics":["Cracked Core","NeowsBlessing","Pantograph","Molten Egg 2","Ectoplasm","Omamori"],"potions_floor_usage":[11,11,16,20,23,23],"damage_taken":[{"damage":0,"enemies":"Cultist","floor":1,"turns":1},{"damage":0,"enemies":"Jaw Worm","floor":2,"turns":1},{"damage":0,"enemies":"2 Louse","floor":3,"turns":1},{"damage":0,"enemies":"Blue Slaver","floor":4,"turns":4},{"damage":21,"enemies":"Lagavulin","floor":10,"turns":6},{"damage":12,"enemies":"Lots of Slimes","floor":11,"turns":2},{"damage":0,"enemies":"2 Fungi Beasts","floor":14,"turns":2},{"damage":28,"enemies":"The Guardian","floor":16,"turns":10},{"damage":0,"enemies":"Chosen","floor":18,"turns":3},{"damage":0,"enemies":"Spheric Guardian","floor":19,"turns":3},{"damage":31,"enemies":"Shelled Parasite and Fungi","floor":20,"turns":4},{"damage":15,"enemies":"Chosen and Byrds","floor":21,"turns":4},{"damage":30,"enemies":"Slavers","floor":23,"turns":2}],"seed_played":"-3086331809224047955","potions_obtained":[{"floor":2,"key":"LiquidBronze"},{"floor":10,"key":"LiquidBronze"},{"floor":11,"key":"SkillPotion"},{"floor":14,"key":"Dexterity Potion"},{"floor":16,"key":"Energy Potion"},{"floor":18,"key":"FocusPotion"},{"floor":20,"key":"FearPotion"}],"is_trial":false,"path_per_floor":["M","M","M","M","?","R","$","R","T","E","M","?","R","M","R","B",null,"M","M","M","M","$"],"character_chosen":"DEFECT","items_purchased":["All For One","Go for the Eyes","Omamori"],"campfire_rested":0,"item_purchase_floors":[7,7,22],"current_hp_per_floor":[75,75,75,75,68,68,68,68,68,47,35,53,53,53,53,47,75,75,75,44,29,29,0],"gold":6,"neow_bonus":"THREE_ENEMY_KILL","is_prod":false,"is_daily":false,"chose_seed":false,"campfire_upgraded":4,"win_rate":0,"timestamp":1541009673,"path_taken":["M","M","?","M","?","R","$","R","T","E","M","?","R","?","R","BOSS","M","M","M","M","$","E"],"build_version":"2018-10-25v2","purchased_purges":0,"victory":false,"max_hp_per_floor":[75,75,75,75,75,75,75,75,75,75,75,75,75,75,75,75,75,75,75,75,75,75,75],"card_choices":[{"not_picked":["Streamline","Stack"],"picked":"Conserve Battery","floor":1},{"not_picked":["Sunder","Go for the Eyes"],"picked":"Stack","floor":2},{"not_picked":["Aggregate","Sweeping Beam"],"picked":"FTL","floor":3},{"not_picked":["Steam","Barrage"],"picked":"Redo","floor":4},{"not_picked":["Blizzard","Ball Lightning"],"picked":"Lockon","floor":10},{"not_picked":["Go for the Eyes+1","Reprogram"],"picked":"Hyperbeam+1","floor":11},{"not_picked":["Turbo","Barrage+1"],"picked":"Rip and Tear+1","floor":14},{"not_picked":["Buffer","Multi-Cast"],"picked":"All For One+1","floor":16},{"not_picked":["Cold Snap+1","Heatsinks"],"picked":"BootSequence","floor":18},{"not_picked":["Consume","Lockon+1"],"picked":"Ball Lightning+1","floor":19},{"not_picked":["Steam","Redo"],"picked":"Sweeping Beam+1","floor":20},{"not_picked":["Barrage+1","Consume"],"picked":"Doom and Gloom+1","floor":21}],"player_experience":231620,"relics_obtained":[{"floor":9,"key":"Pantograph"},{"floor":10,"key":"Molten Egg 2"}],"event_choices":[{"cards_removed":["Defend_B"],"damage_healed":0,"gold_gain":0,"player_choice":"Card Removal","damage_taken":7,"max_hp_gain":0,"max_hp_loss":0,"event_name":"Golden Wing","floor":5,"gold_loss":0},{"damage_healed":18,"gold_gain":0,"player_choice":"Healed","damage_taken":0,"max_hp_gain":0,"max_hp_loss":0,"event_name":"The Cleric","floor":12,"gold_loss":35}],"is_beta":false,"boss_relics":[{"not_picked":["Lizard Tail","Runic Dome"],"picked":"Ectoplasm"}],"items_purged_floors":[],"is_endless":false,"potions_floor_spawned":[2,10,11,14,16,18,20,21],"killed_by":"Slavers","ascension_level":4}