{"gold_per_floor":[111,81,99,99,116,116,130,161,161,126,51,51,51,26,26,130,130,142,171,171,48,48,48,48],"floor_reached":24,"playtime":1093,"items_purged":["Strike_B","Pain"],"score":257,"play_id":"4340c465-dc3a-44fc-87e0-6a251f1a9abc","local_time":"20190226235405","is_ascension_mode":true,"campfire_choices":[{"floor":6,"key":"REST"},{"data":"Zap","floor":12,"key":"SMITH"},{"data":"Dualcast","floor":15,"key":"SMITH"},{"floor":23,"key":"REST"}],"neow_cost":"NONE","seed_source_timestamp":619235692683895,"circlet_count":0,"master_deck":["Strike_B","Strike_B","Strike_B","Defend_B","Defend_B","Defend_B","Defend_B","Zap+1","Dualcast+1","Loop","Coolheaded","Gash","Machine Learning","Melter+1","Cold Snap","Conserve Battery"],"relics":["Cracked Core","WarpedTongs","Mummified Hand","Philosopher\u0027s Stone","Red Mask","Unceasing Top"],"potions_floor_usage":[8,18,19],"damage_taken":[{"damage":4,"enemies":"Jaw Worm","floor":1,"turns":4},{"damage":1,"enemies":"Cultist","floor":3,"turns":4},{"damage":11,"enemies":"Small Slimes","floor":5,"turns":3},{"damage":21,"enemies":"Exordium Wildlife","floor":7,"turns":7},{"damage":32,"enemies":"Lagavulin","floor":8,"turns":6},{"damage":52,"enemies":"The Guardian","floor":16,"turns":13},{"damage":12,"enemies":"Chosen","floor":18,"turns":6},{"damage":71,"enemies":"Masked Bandits","floor":19,"turns":4},{"damage":39,"enemies":"Book of Stabbing","floor":24,"turns":5}],"seed_played":"-2022457269704125720","potions_obtained":[{"floor":1,"key":"Weak Potion"},{"floor":2,"key":"Energy Potion"},{"floor":2,"key":"FairyPotion"},{"floor":16,"key":"Swift Potion"},{"floor":18,"key":"Poison Potion"}],"is_trial":false,"path_per_floor":["M","?","M","?","M","R","M","E","T","?","$","R","?","$","R","B",null,"M","?","T","$","?","R","E"],"character_chosen":"DEFECT","items_purchased":["Gash","Conserve Battery"],"campfire_rested":2,"item_purchase_floors":[14,21],"current_hp_per_floor":[71,71,70,70,59,82,61,29,29,49,49,49,76,76,76,24,68,56,8,8,8,8,32,0],"gold":48,"neow_bonus":"TEN_PERCENT_HP_BONUS","is_prod":false,"is_daily":false,"chose_seed":false,"campfire_upgraded":2,"win_rate":0,"timestamp":1551221645,"path_taken":["M","?","?","?","?","R","M","E","T","?","$","R","?","?","R","BOSS","M","?","?","?","?","R","E"],"build_version":"2019-01-23","purchased_purges":2,"victory":false,"max_hp_per_floor":[82,82,82,82,82,82,82,82,82,82,82,82,82,82,82,82,82,82,82,82,82,82,82,82],"card_choices":[{"not_picked":["Recycle","Redo"],"picked":"Loop","floor":1},{"not_picked":["Barrage","Ball Lightning"],"picked":"Coolheaded","floor":3},{"not_picked":["Consume","Recycle","Stack"],"picked":"SKIP","floor":5},{"not_picked":["Genetic Algorithm","Steam Power","Rebound"],"picked":"SKIP","floor":7},{"not_picked":["Turbo","Sweeping Beam","Steam"],"picked":"SKIP","floor":8},{"not_picked":["Biased Cognition","Hyperbeam"],"picked":"Machine Learning","floor":16},{"not_picked":["Compile Driver+1","Fusion"],"picked":"Melter+1","floor":18},{"not_picked":["Capacitor","Ball Lightning"],"picked":"Cold Snap","floor":19}],"player_experience":243703,"relics_obtained":[{"floor":8,"key":"Mummified Hand"},{"floor":19,"key":"Red Mask"},{"floor":20,"key":"Unceasing Top"}],"event_choices":[{"damage_healed":0,"gold_gain":0,"player_choice":"Bought 2 Potions","damage_taken":0,"max_hp_gain":0,"max_hp_loss":0,"event_name":"The Woman in Blue","floor":2,"gold_loss":0},{"damage_healed":0,"gold_gain":0,"player_choice":"Rummage","damage_taken":0,"relics_obtained":["WarpedTongs"],"max_hp_gain":0,"max_hp_loss":0,"event_name":"Accursed Blacksmith","floor":4,"gold_loss":0,"cards_obtained":["Pain"]},{"damage_healed":20,"gold_gain":0,"player_choice":"Healed","damage_taken":0,"max_hp_gain":0,"max_hp_loss":0,"event_name":"The Cleric","floor":10,"gold_loss":35},{"damage_healed":27,"gold_gain":0,"player_choice":"Banana","damage_taken":0,"max_hp_gain":0,"max_hp_loss":0,"event_name":"Big Fish","floor":13,"gold_loss":0},{"damage_healed":0,"gold_gain":0,"player_choice":"Fought Bandits","damage_taken":0,"max_hp_gain":0,"max_hp_loss":0,"event_name":"Masked Bandits","floor":19,"gold_loss":0},{"damage_healed":0,"gold_gain":0,"player_choice":"Ignored","damage_taken":0,"max_hp_gain":0,"max_hp_loss":0,"event_name":"Ghosts","floor":22,"gold_loss":0}],"is_beta":false,"boss_relics":[{"not_picked":["Ectoplasm","Coffee Dripper"],"picked":"Philosopher\u0027s Stone"}],"items_purged_floors":[11,21],"is_endless":false,"potions_floor_spawned":[1,16,18],"killed_by":"Book of Stabbing","ascension_level":7}