{"gold_per_floor":[99,99,99,99,99,99,99,99,99,99,24,24,24,24,24,24,24,24,24,24,24,24],"floor_reached":22,"playtime":4638,"items_purged":["Defend_G"],"score":174,"play_id":"e910476c-910e-46d9-9cd8-82dce41435b0","local_time":"20190330134544","is_ascension_mode":false,"campfire_choices":[{"data":"Footwork","floor":6,"key":"SMITH"},{"data":"Deadly Poison","floor":8,"key":"SMITH"},{"data":"Noxious Fumes","floor":15,"key":"SMITH"}],"neow_cost":"NONE","seed_source_timestamp":150682542620639,"circlet_count":0,"master_deck":["Survivor","Neutralize","Footwork+1","Deadly Poison+1","Cloak And Dagger","Flying Knee","Noxious Fumes+1","Night Terror","A Thousand Cuts","Venomology","PiercingWail","Prepared","Accuracy","Tools of the Trade","Bane","Blade Dance","PiercingWail"],"relics":["Ectoplasm","Ancient Tea Set","Art of War","Pandora\u0027s Box"],"potions_floor_usage":[7,18,18,20,22,22],"damage_taken":[{"damage":3,"enemies":"Jaw Worm","floor":1,"turns":4},{"damage":0,"enemies":"Cultist","floor":3,"turns":5},{"damage":0,"enemies":"Small Slimes","floor":4,"turns":4},{"damage":7,"enemies":"Exordium Wildlife","floor":5,"turns":4},{"damage":16,"enemies":"Large Slime","floor":7,"turns":8},{"damage":0,"enemies":"Exordium Thugs","floor":14,"turns":4},{"damage":30,"enemies":"Hexaghost","floor":16,"turns":9},{"damage":12,"enemies":"Spheric Guardian","floor":18,"turns":4},{"damage":49,"enemies":"Colosseum Slavers","floor":20,"turns":6},{"damage":8,"enemies":"Shell Parasite","floor":22,"turns":3}],"seed_played":"-3939555257529354291","potions_obtained":[{"floor":3,"key":"Dexterity Potion"},{"floor":5,"key":"PowerPotion"},{"floor":16,"key":"PowerPotion"}],"is_trial":false,"path_per_floor":["M","?","M","M","M","R","M","R","T","?","$","?","?","M","R","B",null,"M","?","?","$","M"],"character_chosen":"THE_SILENT","items_purchased":[],"campfire_rested":0,"item_purchase_floors":[],"current_hp_per_floor":[67,67,67,67,60,60,44,44,44,67,67,60,60,60,60,30,70,58,58,9,9,1],"gold":24,"neow_bonus":"BOSS_RELIC","is_prod":false,"is_daily":false,"chose_seed":false,"campfire_upgraded":3,"win_rate":0,"timestamp":1553978744,"path_taken":["M","?","M","M","?","R","M","R","T","?","$","?","?","?","R","BOSS","M","?","?","?","M"],"build_version":"2019-01-23","purchased_purges":1,"victory":false,"max_hp_per_floor":[70,70,70,70,70,70,70,70,70,70,70,70,70,70,70,70,70,70,70,70,70,70],"card_choices":[{"not_picked":["Dagger Spray","Setup"],"picked":"Sucker Punch","floor":1},{"not_picked":["Expertise","Quick Slash"],"picked":"Footwork","floor":3},{"not_picked":["Prepared","Finisher"],"picked":"Deadly Poison","floor":4},{"not_picked":["Bane","Prepared"],"picked":"Cloak And Dagger","floor":5},{"not_picked":["Storm of Steel","Predator"],"picked":"Flying Knee","floor":7},{"not_picked":["Bane","Slice"],"picked":"Noxious Fumes","floor":14},{"not_picked":["Die Die Die","Wraith Form v2"],"picked":"Night Terror","floor":16},{"not_picked":["Quick Slash","Deflect"],"picked":"PiercingWail","floor":18}],"player_experience":263752,"relics_obtained":[{"floor":9,"key":"Art of War"}],"event_choices":[{"cards_removed":["Sucker Punch"],"damage_healed":0,"gold_gain":0,"player_choice":"Gave Card","damage_taken":0,"relics_obtained":["Ancient Tea Set"],"max_hp_gain":0,"max_hp_loss":0,"event_name":"WeMeetAgain","floor":2,"gold_loss":0},{"damage_healed":23,"gold_gain":0,"player_choice":"Banana","damage_taken":0,"max_hp_gain":0,"max_hp_loss":0,"event_name":"Big Fish","floor":10,"gold_loss":0},{"cards_removed":["Strike_G"],"damage_healed":0,"gold_gain":0,"player_choice":"Card Removal","damage_taken":7,"max_hp_gain":0,"max_hp_loss":0,"event_name":"Golden Wing","floor":12,"gold_loss":0},{"damage_healed":0,"gold_gain":30,"player_choice":"Searched \u00272\u0027 times","damage_taken":0,"max_hp_gain":0,"max_hp_loss":0,"event_name":"Dead Adventurer","floor":13,"gold_loss":0},{"damage_healed":0,"gold_gain":0,"player_choice":"Ignored","damage_taken":0,"max_hp_gain":0,"max_hp_loss":0,"event_name":"Vampires","floor":19,"gold_loss":0},{"damage_healed":0,"gold_gain":0,"player_choice":"Fight","damage_taken":0,"max_hp_gain":0,"max_hp_loss":0,"event_name":"Colosseum","floor":20,"gold_loss":0},{"damage_healed":0,"gold_gain":0,"player_choice":"Fled From Nobs","damage_taken":0,"max_hp_gain":0,"max_hp_loss":0,"event_name":"Colosseum","floor":20,"gold_loss":0}],"is_beta":false,"boss_relics":[{"not_picked":["Coffee Dripper","Eternal Feather"],"picked":"Pandora\u0027s Box"}],"items_purged_floors":[11],"is_endless":false,"potions_floor_spawned":[3,5,16,20],"killed_by":"Shell Parasite","ascension_level":0}