{"gold_per_floor":[118,138,152,162,18,44,44,76,125,155,169,189,63,83,83,187,187,199,215,47,60,75,110,110,110],"floor_reached":25,"playtime":1651,"items_purged":[],"score":383,"play_id":"d503c7e0-3d3e-43ce-b25d-7113b867c5ba","local_time":"20180712052437","is_ascension_mode":true,"campfire_choices":[{"floor":7,"key":"REST"},{"data":"Defragment","floor":15,"key":"SMITH"},{"data":"White Noise","floor":24,"key":"SMITH"}],"neow_cost":"NONE","seed_source_timestamp":294531382180280,"circlet_count":0,"master_deck":["Strike_B","Strike_B","Defend_B","Defend_B","Defend_B","Defend_B","Zap+1","Dualcast","AscendersBane","Loop","Conserve Battery+1","Conserve Battery","Auto Shields","Loop","White Noise+1","FTL","Go for the Eyes","Gash","BootSequence","Hologram","Defragment+1","Coolheaded","Seek","Cold Snap","Conserve Battery","Loop","Chill","Compile Driver","Storm","Gash"],"relics":["Empty Cage","Strawberry","Letter Opener","Boot","Dream Catcher","Black Star","Pen Nib","War Paint"],"potions_floor_usage":[6,10,21,21,23],"damage_taken":[{"damage":7,"enemies":"Small Slimes","floor":1,"turns":4},{"damage":1,"enemies":"Cultist","floor":2,"turns":5},{"damage":0,"enemies":"Jaw Worm","floor":3,"turns":7},{"damage":8,"enemies":"2 Fungi Beasts","floor":4,"turns":6},{"damage":40,"enemies":"Gremlin Nob","floor":6,"turns":6},{"damage":5,"enemies":"Lagavulin","floor":8,"turns":9},{"damage":6,"enemies":"3 Sentries","floor":10,"turns":5},{"damage":11,"enemies":"Exordium Thugs","floor":11,"turns":6},{"damage":3,"enemies":"Large Slime","floor":12,"turns":4},{"damage":1,"enemies":"Looter","floor":14,"turns":4},{"damage":2,"enemies":"Hexaghost","floor":16,"turns":12},{"damage":4,"enemies":"Chosen","floor":18,"turns":10},{"damage":9,"enemies":"3 Byrds","floor":19,"turns":6},{"damage":12,"enemies":"Cultist and Chosen","floor":21,"turns":11},{"damage":2,"enemies":"Chosen and Byrds","floor":22,"turns":8},{"damage":24,"enemies":"Book of Stabbing","floor":23,"turns":7},{"damage":31,"enemies":"Gremlin Leader","floor":25,"turns":2}],"seed_played":"3963697405816285532","potions_obtained":[{"floor":1,"key":"Poison Potion"},{"floor":8,"key":"Block Potion"},{"floor":10,"key":"GamblersBrew"},{"floor":11,"key":"Fire Potion"},{"floor":16,"key":"SpeedPotion"},{"floor":18,"key":"Regen Potion"},{"floor":19,"key":"EssenceOfSteel"},{"floor":22,"key":"LiquidBronze"}],"is_trial":false,"path_per_floor":["M","M","M","M","$","E","R","E","T","E","M","M","$","M","R","B",null,"M","M","$","M","M","E","R"],"character_chosen":"DEFECT","items_purchased":["Loop","White Noise","Defragment","Coolheaded","Loop","Chill","Compile Driver"],"campfire_rested":1,"item_purchase_floors":[5,5,13,13,20,20,20],"current_hp_per_floor":[61,60,60,52,52,19,43,38,38,32,21,18,18,17,17,15,65,61,52,52,55,53,29,29,0],"gold":110,"neow_bonus":"BOSS_RELIC","is_prod":false,"is_daily":false,"chose_seed":false,"campfire_upgraded":2,"win_rate":0,"timestamp":1531398277,"path_taken":["M","M","M","M","$","E","R","E","T","E","M","M","$","M","R","BOSS","M","M","$","M","M","E","R","E"],"build_version":"2018-07-11","purchased_purges":0,"victory":false,"max_hp_per_floor":[75,75,75,75,75,82,82,82,82,82,82,82,82,82,82,82,82,82,82,82,82,82,82,82,82],"card_choices":[{"not_picked":["Compile Driver","Rebound"],"picked":"Loop","floor":1},{"not_picked":["Melter","White Noise"],"picked":"Conserve Battery","floor":2},{"not_picked":["Barrage","Genetic Algorithm"],"picked":"Conserve Battery","floor":3},{"not_picked":["Darkness","Tempest"],"picked":"Auto Shields","floor":4},{"not_picked":["Sweeping Beam","Skim"],"picked":"FTL","floor":6},{"not_picked":["Conserve Battery","Sweeping Beam"],"picked":"Go for the Eyes","floor":8},{"not_picked":["Beam Cell","Meteor Strike"],"picked":"Gash","floor":10},{"not_picked":["Streamline","Recycle"],"picked":"BootSequence","floor":11},{"not_picked":["Static Discharge","Tempest"],"picked":"Hologram","floor":12},{"not_picked":["Streamline","Redo","Rip and Tear"],"picked":"SKIP","floor":14},{"not_picked":["Meteor Strike","Rainbow"],"picked":"Seek","floor":16},{"not_picked":["Streamline+1","Go for the Eyes"],"picked":"Cold Snap","floor":18},{"not_picked":["Skim","Hello World"],"picked":"Conserve Battery","floor":19},{"not_picked":["Steam+1","Double Energy"],"picked":"Storm","floor":21},{"not_picked":["Reinforced Body","Sweeping Beam","Compile Driver"],"picked":"SKIP","floor":22},{"not_picked":["Streamline","Sunder"],"picked":"Gash","floor":23}],"player_experience":295437,"relics_obtained":[{"floor":6,"key":"Strawberry"},{"floor":8,"key":"Letter Opener"},{"floor":9,"key":"Boot"},{"floor":10,"key":"Dream Catcher"},{"floor":23,"key":"Pen Nib"},{"floor":23,"key":"War Paint"}],"event_choices":[],"boss_relics":[{"not_picked":["White Beast Statue","Snecko Eye"],"picked":"Black Star"}],"items_purged_floors":[],"is_endless":false,"potions_floor_spawned":[1,8,10,11,14,16,18,19,22],"killed_by":"Gremlin Leader","ascension_level":11}