{"gold_per_floor":[112,122,122,139,89,118,128,128,128,128,143,143,172,191,191,295,295,220,220,238,238,256,256,286,302,347,347,374,374,374,387,387,491,541,551,567,567,581,594,594,605,605,605,605,634,23,23,23,23,23],"floor_reached":51,"playtime":8347,"items_purged":["Strike_B"],"score":759,"play_id":"cc50153c-97d6-4b52-aff5-54c5b1b9e15e","local_time":"20190406153719","is_ascension_mode":true,"campfire_choices":[{"floor":8.0,"key":"REST"},{"floor":10.0,"key":"REST"},{"data":"Zap","floor":12.0,"key":"SMITH"},{"data":"Loop","floor":15.0,"key":"SMITH"},{"floor":23.0,"key":"REST"},{"floor":27.0,"key":"REST"},{"floor":30,"key":"REST"},{"floor":32,"key":"REST"},{"floor":40,"key":"REST"},{"floor":42,"key":"REST"},{"data":"Capacitor","floor":44,"key":"SMITH"},{"data":"Mayhem","floor":47,"key":"SMITH"},{"data":"Capacitor","floor":49,"key":"SMITH"}],"neow_cost":"NONE","seed_source_timestamp":0,"circlet_count":0,"master_deck":["Strike_B","Defend_B","Defend_B+1","Defend_B","Defend_B","Zap+1","Dualcast","Go for the Eyes","Loop+1","Coolheaded","Cold Snap","Ball Lightning","Go for the Eyes","Leap+1","Hologram+1","Electrodynamics","Redo+1","Genetic Algorithm+1","Capacitor+1","Steam+1","Double Energy+1","BootSequence+1","Conserve Battery+1","Sweeping Beam+1","Ball Lightning+1","Chaos+1","Steam+1","Coolheaded+1","White Noise+1","All For One","Sunder+1","Leap+1","Reinforced Body+1","Steam+1","Go for the Eyes","Coolheaded+1","Seek+1","Redo+1","Capacitor+1","Mayhem+1"],"special_seed":0,"relics":["Cracked Core","Happy Flower","Toxic Egg 2","Orrery","MutagenicStrength","Meat on the Bone","Blood Vial","Question Card","Tiny House","Art of War","Dodecahedron","Bronze Scales"],"potions_floor_usage":[38,45,50,50,50],"damage_taken":[{"damage":1.0,"enemies":"Cultist","floor":1.0,"turns":3.0},{"damage":1.0,"enemies":"2 Louse","floor":2.0,"turns":3.0},{"damage":0.0,"enemies":"Small Slimes","floor":4.0,"turns":3.0},{"damage":39.0,"enemies":"3 Sentries","floor":6.0,"turns":12.0},{"damage":14.0,"enemies":"Exordium Wildlife","floor":7.0,"turns":5.0},{"damage":2.0,"enemies":"Blue Slaver","floor":11.0,"turns":3.0},{"damage":3.0,"enemies":"Gremlin Nob","floor":13.0,"turns":4.0},{"damage":0.0,"enemies":"Looter","floor":14.0,"turns":3.0},{"damage":5.0,"enemies":"Slime Boss","floor":16.0,"turns":13.0},{"damage":24.0,"enemies":"2 Thieves","floor":18.0,"turns":5.0},{"damage":0.0,"enemies":"3 Byrds","floor":20.0,"turns":2.0},{"damage":0.0,"enemies":"3 Cultists","floor":22.0,"turns":3.0},{"damage":27.0,"enemies":"Book of Stabbing","floor":24.0,"turns":6.0},{"damage":8.0,"enemies":"Centurion and Healer","floor":25.0,"turns":8.0},{"damage":52.0,"enemies":"Slavers","floor":28.0,"turns":7.0},{"damage":11,"enemies":"Snake Plant","floor":31,"turns":5},{"damage":34,"enemies":"Collector","floor":33,"turns":12},{"damage":26,"enemies":"3 Darklings","floor":35,"turns":7},{"damage":35,"enemies":"3 Shapes","floor":36,"turns":4},{"damage":36,"enemies":"Transient","floor":38,"turns":5},{"damage":13,"enemies":"4 Shapes","floor":39,"turns":3},{"damage":7,"enemies":"Maw","floor":41,"turns":11},{"damage":2,"enemies":"Nemesis","floor":45,"turns":10},{"damage":55,"enemies":"Awakened One","floor":50,"turns":14}],"seed_played":"6148377469975065119","potions_obtained":[{"floor":7.0,"key":"SkillPotion"},{"floor":11.0,"key":"EssenceOfSteel"},{"floor":22.0,"key":"Weak Potion"},{"floor":25.0,"key":"PowerPotion"},{"floor":34,"key":"Fruit Juice"},{"floor":38,"key":"Strength Potion"}],"is_trial":false,"path_per_floor":["M","M","?","M","?","E","M","R","T","R","M","R","E","M","R","B",null,"M","?","M","?","M","R","E","M","T","R","E","?","R","M","R","B",null,"M","M","?","M","M","R","M","R","T","R","E","$","R","?","R","B",null],"character_chosen":"DEFECT","items_purchased":["Redo+1","Capacitor","Bronze Scales","EssenceOfSteel","Mayhem"],"campfire_rested":8,"item_purchase_floors":[46,46,46,46,46],"current_hp_per_floor":[74,73,78,78,78,39,25,49,49,73,71,71,68,68,68,63,80,56,56,56,56,56,80,53,45,45,69,31,16,41,44,69,49,90,64,43,43,26,27,55,50,78,78,78,78,78,78,78,78,37],"gold":23,"neow_bonus":"REMOVE_CARD","is_prod":false,"is_daily":false,"chose_seed":false,"campfire_upgraded":5,"win_rate":0,"timestamp":1554579439,"path_taken":["M","?","?","M","?","E","M","R","T","R","M","R","E","M","R","BOSS","M","?","M","?","M","R","E","M","T","R","E","?","R","M","R","BOSS","M","M","?","M","M","R","M","R","T","R","E","$","R","?","R","BOSS"],"build_version":"2019-01-23","purchased_purges":1,"victory":true,"max_hp_per_floor":[75,75,80,80,80,80,80,80,80,80,80,80,80,80,80,80,80,80,80,80,80,80,80,80,80,80,80,80,85,85,85,85,85,90,90,90,90,95,95,95,95,95,95,95,95,95,95,90,90,90],"card_choices":[{"not_picked":["Stack","Leap"],"picked":"Go for the Eyes","floor":1.0},{"not_picked":["Gash","Beam Cell"],"picked":"Loop","floor":2.0},{"not_picked":["Stack","Redo"],"picked":"Coolheaded","floor":4.0},{"not_picked":["Reprogram","Darkness"],"picked":"Cold Snap","floor":6.0},{"not_picked":["Streamline","Reinforced Body"],"picked":"Ball Lightning","floor":7.0},{"not_picked":["Reprogram","All For One"],"picked":"Go for the Eyes","floor":11.0},{"not_picked":["Beam Cell","Sunder"],"picked":"Leap","floor":13.0},{"not_picked":["Storm","Barrage"],"picked":"Hologram+1","floor":14.0},{"not_picked":["Meteor Strike","Hyperbeam"],"picked":"Electrodynamics","floor":16.0},{"not_picked":["Cold Snap","Streamline"],"picked":"Redo+1","floor":17.0},{"not_picked":["Leap+1","Auto Shields+1"],"picked":"Genetic Algorithm+1","floor":17.0},{"not_picked":["Creative AI","Melter"],"picked":"Capacitor","floor":17.0},{"not_picked":["Barrage","Cold Snap"],"picked":"Steam+1","floor":17.0},{"not_picked":["Gash","Steam Power+1"],"picked":"Double Energy+1","floor":17.0},{"not_picked":["Fusion+1","Aggregate+1"],"picked":"BootSequence+1","floor":18.0},{"not_picked":["Aggregate+1","BootSequence+1"],"picked":"Sweeping Beam+1","floor":20.0},{"not_picked":["Rip and Tear","Go for the Eyes+1"],"picked":"Ball Lightning+1","floor":22.0},{"not_picked":["Compile Driver","Ball Lightning"],"picked":"Chaos+1","floor":24.0},{"not_picked":["Redo+1","Streamline"],"picked":"Steam+1","floor":25.0},{"not_picked":["Compile Driver","Ball Lightning+1"],"picked":"Coolheaded+1","floor":28.0},{"not_picked":["Hologram+1","Streamline","Electrodynamics"],"picked":"White Noise+1","floor":31},{"not_picked":["Creative AI","Rainbow+1","Biased Cognition"],"picked":"All For One","floor":33},{"not_picked":["Steam Power+1","Fusion+1","Turbo+1"],"picked":"Sunder+1","floor":34},{"not_picked":["Gash+1","Storm","Auto Shields+1"],"picked":"Leap+1","floor":35},{"not_picked":["Coolheaded+1","Steam+1","Steam Power+1"],"picked":"Reinforced Body+1","floor":36},{"not_picked":["Scrape","Turbo+1","Double Energy+1"],"picked":"Steam+1","floor":38},{"not_picked":["Fusion+1","Hologram+1","Recycle+1"],"picked":"Go for the Eyes","floor":39},{"not_picked":["Compile Driver","Turbo+1","Storm"],"picked":"Coolheaded+1","floor":41},{"not_picked":["Double Energy+1","Genetic Algorithm+1","Self Repair"],"picked":"Seek+1","floor":45}],"player_experience":68900,"relics_obtained":[{"floor":6.0,"key":"Happy Flower"},{"floor":13.0,"key":"Toxic Egg 2"},{"floor":24.0,"key":"Meat on the Bone"},{"floor":26.0,"key":"Blood Vial"},{"floor":28.0,"key":"Question Card"},{"floor":43,"key":"Art of War"},{"floor":45,"key":"Dodecahedron"}],"event_choices":[{"damage_healed":0.0,"max_hp_gain":5.0,"max_hp_loss":0.0,"gold_gain":0.0,"event_name":"Big Fish","player_choice":"Donut","floor":3.0,"gold_loss":0.0,"damage_taken":0.0},{"cards_removed":["Strike_B"],"damage_healed":0.0,"max_hp_gain":0.0,"max_hp_loss":0.0,"gold_gain":0.0,"event_name":"The Cleric","player_choice":"Card Removal","floor":5.0,"gold_loss":50.0,"damage_taken":0.0},{"damage_healed":0.0,"max_hp_gain":0.0,"max_hp_loss":0.0,"gold_gain":0.0,"event_name":"The Library","player_choice":"Read","floor":19.0,"gold_loss":0.0,"damage_taken":0.0,"cards_obtained":["Conserve Battery"]},{"damage_healed":0.0,"max_hp_gain":0.0,"max_hp_loss":0.0,"gold_gain":0.0,"event_name":"Drug Dealer","player_choice":"Inject Mutagens","floor":21.0,"gold_loss":0.0,"damage_taken":0.0,"relics_obtained":["MutagenicStrength"]},{"damage_healed":0.0,"max_hp_gain":5.0,"max_hp_loss":0.0,"gold_gain":0.0,"event_name":"Forgotten Altar","player_choice":"Shed Blood","floor":29.0,"gold_loss":0.0,"damage_taken":20.0},{"damage_healed":0,"gold_gain":0,"player_choice":"Ignored","damage_taken":0,"max_hp_gain":0,"max_hp_loss":0,"event_name":"The Moai Head","floor":37,"gold_loss":0},{"damage_healed":0,"gold_gain":0,"player_choice":"Max HP","damage_taken":0,"max_hp_gain":0,"max_hp_loss":5,"event_name":"Winding Halls","floor":48,"gold_loss":0}],"is_beta":false,"boss_relics":[{"not_picked":["Lizard Tail","Calling Bell"],"picked":"Orrery"},{"not_picked":["Cursed Key","Eternal Feather"],"picked":"Tiny House"}],"items_purged_floors":[46],"is_endless":false,"potions_floor_spawned":[7,11,22,25,28,36,38,39],"ascension_level":1}