{"gold_per_floor":[210,227,302,328,328,328,360,378,378,398,398,408,408,37,37,138,138,138],"floor_reached":18,"playtime":692,"items_purged":[],"score":176,"play_id":"06748d7b-1c71-40a1-88ba-1542bd007013","local_time":"20181027125727","is_ascension_mode":true,"campfire_choices":[{"data":"Searing Blow","floor":6,"key":"SMITH"},{"data":"Searing Blow+1","floor":13,"key":"SMITH"},{"data":"Searing Blow+2","floor":15,"key":"SMITH"}],"neow_cost":"NONE","seed_source_timestamp":70754270468566,"circlet_count":0,"master_deck":["Strike_R","Strike_R","Strike_R","Strike_R","Defend_R+1","Defend_R","Defend_R","Defend_R","Bash","Armaments+1","Searing Blow+3","Clash","Cleave","Rampage","Perfected Strike","Secret Weapon","Inflame","Immolate","Demon Form"],"relics":["Burning Blood","Blood Vial","Vajra","Blue Candle","Black Star"],"potions_floor_usage":[7],"damage_taken":[{"damage":8,"enemies":"2 Louse","floor":1,"turns":3},{"damage":15,"enemies":"Small Slimes","floor":2,"turns":3},{"damage":22,"enemies":"Gremlin Nob","floor":7,"turns":5},{"damage":14,"enemies":"Jaw Worm","floor":8,"turns":3},{"damage":0,"enemies":"Large Slime","floor":10,"turns":6},{"damage":0,"enemies":"2 Fungi Beasts","floor":12,"turns":2},{"damage":28,"enemies":"Slime Boss","floor":16,"turns":10},{"damage":7,"enemies":"Shell Parasite","floor":18,"turns":2}],"seed_played":"-8144412293785108131","potions_obtained":[{"floor":2,"key":"Block Potion"},{"floor":8,"key":"Regen Potion"},{"floor":10,"key":"SkillPotion"}],"is_trial":false,"path_per_floor":["M","M","?","T","?","R","E","M","T","M","?","M","R","$","R","B",null],"character_chosen":"IRONCLAD","items_purchased":["Secret Weapon","Inflame","Immolate"],"campfire_rested":0,"item_purchase_floors":[14,14,14],"current_hp_per_floor":[78,69,58,58,58,58,44,38,38,46,30,38,38,38,38,18,80,73],"gold":138,"neow_bonus":"HUNDRED_GOLD","is_prod":false,"is_daily":false,"chose_seed":false,"campfire_upgraded":3,"win_rate":0,"timestamp":1540663047,"path_taken":["M","M","?","?","?","R","E","?","T","M","?","M","R","?","R","BOSS","M"],"build_version":"2018-10-25v2","purchased_purges":0,"victory":false,"max_hp_per_floor":[80,80,80,80,80,80,80,80,80,80,80,80,80,80,80,80,80,80],"card_choices":[{"not_picked":["Sword Boomerang","Thunderclap"],"picked":"Armaments","floor":1},{"not_picked":["Flex","Clothesline"],"picked":"Searing Blow","floor":2},{"not_picked":["Exhume","True Grit"],"picked":"Clash","floor":7},{"not_picked":["Bloodletting","Havoc"],"picked":"Cleave","floor":8},{"not_picked":["Heavy Blade","Clothesline"],"picked":"Rampage","floor":10},{"not_picked":["Armaments","Carnage"],"picked":"Perfected Strike","floor":12},{"not_picked":["Feed","Bludgeon"],"picked":"Demon Form","floor":16}],"player_experience":211614,"relics_obtained":[{"floor":4,"key":"Blood Vial"},{"floor":7,"key":"Vajra"},{"floor":9,"key":"Blue Candle"}],"event_choices":[{"damage_healed":0,"gold_gain":75,"player_choice":"Gather Gold","damage_taken":11,"max_hp_gain":0,"max_hp_loss":0,"event_name":"World of Goop","floor":3,"gold_loss":0},{"cards_removed":["Strike_R"],"damage_healed":0,"gold_gain":0,"player_choice":"Forget","damage_taken":0,"max_hp_gain":0,"max_hp_loss":0,"event_name":"Living Wall","floor":5,"gold_loss":0},{"damage_healed":0,"gold_gain":0,"player_choice":"Entered Light","damage_taken":16,"max_hp_gain":0,"max_hp_loss":0,"event_name":"Shining Light","floor":11,"gold_loss":0,"cards_upgraded":["Armaments","Defend_R"]}],"is_beta":false,"boss_relics":[{"not_picked":["Coffee Dripper","Runic Pyramid"],"picked":"Black Star"}],"items_purged_floors":[],"is_endless":false,"potions_floor_spawned":[2,8,10],"killed_by":"Shell Parasite","ascension_level":2}