{"path_per_floor":["M","$","?","M","?","R","E","$","T","M","M","?","M","M","R","B",null,"M","?","?","M","M","R","M","R","T","M","M","E","M","?","R","B",null,"M","?","?","M","?"],"character_chosen":"THE_SILENT","items_purchased":["Infinite Blades","Noxious Fumes"],"gold_per_floor":[116,41,41,58,58,58,93,25,49,59,76,76,89,103,103,208,208,224,224,174,190,210,210,221,221,221,231,247,282,298,298,298,401,431,441,441,494,511,611,611],"floor_reached":40,"campfire_rested":3,"playtime":1535,"current_hp_per_floor":[68,68,54,54,54,54,37,37,37,37,29,29,27,15,36,27,70,68,55,55,36,28,50,34,56,56,55,32,13,21,75,75,35,80,67,67,48,50,50,0],"items_purged":[],"gold":611,"score":410,"play_id":"942a2064-b618-4e27-a0ae-46f1acbaf0bb","local_time":"20180428043819","is_prod":false,"is_daily":false,"chose_seed":false,"is_ascension_mode":false,"campfire_upgraded":2,"timestamp":1524883099,"path_taken":["M","$","?","?","?","R","E","$","T","M","M","?","M","M","R","BOSS","M","?","?","M","M","R","M","R","T","M","M","E","M","?","R","BOSS","M","?","?","M","?","E"],"build_version":"2018-04-26v2","seed_source_timestamp":247121537600295,"purchased_purges":0,"victory":false,"master_deck":["Defend_G","Defend_G+1","Defend_G+1","Defend_G","Strike_G","Strike_G","Strike_G+1","Survivor+1","Neutralize+1","Infinite Blades","Dash+1","Deadly Poison","Noxious Fumes","Backflip+1","Backstab","Adrenaline","Poisoned Stab+1","Caltrops+1","Caltrops+1","Crippling Poison","Backflip+1","Prepared","Escape Plan+1","Adrenaline","Heel Hook+1"],"max_hp_per_floor":[70,70,70,70,70,70,70,70,70,70,70,70,70,70,70,70,70,70,75,75,75,75,75,75,75,75,75,75,75,75,75,75,75,80,80,80,80,80,80,80],"relics":["Ring of the Snake","Juzu Bracelet","Prayer Wheel","Mummified Hand","Astrolabe","Bronze Scales","Meat on the Bone","Tiny House","Unceasing Top"],"card_choices":[{"not_picked":["Choke","Flechettes"],"picked":"Dash","floor":4},{"not_picked":["Endless Agony","Blade Dance"],"picked":"Deadly Poison","floor":7},{"not_picked":["Slice","Sucker Punch"],"picked":"Backflip","floor":11},{"not_picked":["Poisoned Stab","Dagger Spray"],"picked":"Backstab","floor":13},{"not_picked":["Envenom","Doppelganger"],"picked":"Adrenaline","floor":16},{"not_picked":["Backflip","Dodge and Roll"],"picked":"Crippling Poison","floor":18},{"not_picked":["PiercingWail","Deflect"],"picked":"Backflip","floor":21},{"not_picked":["Dagger Throw","Endless Agony"],"picked":"Prepared","floor":26},{"not_picked":["Malaise","Underhanded Strike"],"picked":"Escape Plan","floor":27},{"not_picked":["Deadly Poison","PiercingWail"],"picked":"Escape Plan","floor":30},{"not_picked":["Phantasmal Killer","After Image"],"picked":"Adrenaline","floor":33},{"not_picked":["Poisoned Stab","Acrobatics"],"picked":"Heel Hook","floor":38}],"player_experience":3719,"potions_floor_usage":[7,14,16,28,29,29,30,33,37,38],"damage_taken":[{"damage":2,"enemies":"Jaw Worm","floor":1,"turns":5},{"damage":0,"enemies":"2 Louse","floor":4,"turns":2},{"damage":17,"enemies":"Lagavulin","floor":7,"turns":8},{"damage":0,"enemies":"Cultist","floor":10,"turns":3},{"damage":8,"enemies":"Red Slaver","floor":11,"turns":4},{"damage":2,"enemies":"Looter","floor":13,"turns":3},{"damage":12,"enemies":"Exordium Thugs","floor":14,"turns":5},{"damage":9,"enemies":"Slime Boss","floor":16,"turns":10},{"damage":2,"enemies":"Spheric Guardian","floor":18,"turns":4},{"damage":19,"enemies":"Shell Parasite","floor":21,"turns":4},{"damage":8,"enemies":"Snake Plant","floor":22,"turns":2},{"damage":16,"enemies":"Slaver and Parasite","floor":24,"turns":4},{"damage":1,"enemies":"Centurion and Healer","floor":27,"turns":7},{"damage":23,"enemies":"Cultist and Chosen","floor":28,"turns":5},{"damage":19,"enemies":"Slavers","floor":29,"turns":3},{"damage":13,"enemies":"Snake Plant","floor":30,"turns":3},{"damage":52,"enemies":"Collector","floor":33,"turns":10},{"damage":13,"enemies":"3 Shapes","floor":35,"turns":4},{"damage":19,"enemies":"Mysterious Sphere","floor":37,"turns":5},{"damage":10,"enemies":"Flame Bruiser 1 Orb","floor":38,"turns":5},{"damage":59,"enemies":"2 Orb Walkers","floor":40,"turns":4}],"event_choices":[{"event_name":"Shining Light","player_choice":"Entered Light","floor":3,"damage_taken":0},{"event_name":"Upgrade Shrine","player_choice":"Upgraded","floor":5,"damage_taken":0},{"event_name":"Accursed Blacksmith","player_choice":"Rummage","floor":12,"damage_taken":0},{"event_name":"Forgotten Altar","player_choice":"Shed Blood","floor":19,"damage_taken":0},{"event_name":"The Joust","player_choice":"Bet on Owner","floor":20,"damage_taken":0},{"event_name":"Bonfire Elementals","player_choice":"UNCOMMON","floor":31,"damage_taken":0},{"event_name":"Upgrade Shrine","player_choice":"Upgraded","floor":36,"damage_taken":0},{"event_name":"Mysterious Sphere","player_choice":"Fight","floor":37,"damage_taken":0},{"event_name":"Golden Shrine","player_choice":"Pray","floor":39,"damage_taken":0}],"boss_relics":[{"not_picked":["Calling Bell","Ectoplasm"],"picked":"Astrolabe"},{"not_picked":["White Beast Statue","Sozu"],"picked":"Tiny House"}],"potions_floor_spawned":[4,10,13,21,27,28,29,30,37],"seed_played":"-7343898970246397913","killed_by":"2 Orb Walkers","ascension_level":0,"is_trial":false}