{"gold_per_floor":[11,22,22,42,7,40,55,84,84,384,384,384,395,415,415,488,488,503,521,35,54,68,68],"floor_reached":23,"playtime":2669,"items_purged":[],"score":374,"play_id":"caa6a97b-67d3-4284-8753-f123ead468c0","local_time":"20190409215110","is_ascension_mode":true,"campfire_choices":[{"floor":11,"key":"REST"},{"data":"1","floor":12,"key":"LIFT"},{"floor":15,"key":"REST"}],"neow_cost":"NO_GOLD","seed_source_timestamp":23101317583375,"circlet_count":0,"master_deck":["AscendersBane","Strike_B","Strike_B","Strike_B","Defend_B","Defend_B","Defend_B","Dualcast","Ball Lightning","Conserve Battery","Ball Lightning+1","Conserve Battery","Conserve Battery","BootSequence","Cold Snap+1","Buffer","Thunder Strike+1","Darkness+1","Rip and Tear+1","Conserve Battery+1","Consume+1","Glacier","Capacitor"],"relics":["Cracked Core","WingedGreaves","Girya","Ancient Tea Set","Old Coin","Astrolabe","Lee\u0027s Waffle","Whetstone"],"potions_floor_usage":[6,19,23,23],"damage_taken":[{"damage":0,"enemies":"Cultist","floor":1,"turns":3},{"damage":9,"enemies":"2 Louse","floor":2,"turns":2},{"damage":11,"enemies":"Jaw Worm","floor":4,"turns":4},{"damage":23,"enemies":"Lagavulin","floor":6,"turns":6},{"damage":0,"enemies":"Large Slime","floor":7,"turns":4},{"damage":26,"enemies":"3 Sentries","floor":8,"turns":7},{"damage":8,"enemies":"2 Fungi Beasts","floor":13,"turns":3},{"damage":5,"enemies":"Exordium Wildlife","floor":14,"turns":4},{"damage":32,"enemies":"Hexaghost","floor":16,"turns":11},{"damage":7,"enemies":"3 Byrds","floor":18,"turns":5},{"damage":4,"enemies":"2 Thieves","floor":19,"turns":4},{"damage":17,"enemies":"Shelled Parasite and Fungi","floor":21,"turns":7},{"damage":18,"enemies":"3 Cultists","floor":22,"turns":6},{"damage":45,"enemies":"Slavers","floor":23,"turns":5}],"seed_played":"7000708532888783646","potions_obtained":[{"floor":2,"key":"PowerPotion"},{"floor":6,"key":"FearPotion"},{"floor":13,"key":"Ancient Potion"},{"floor":18,"key":"Weak Potion"},{"floor":21,"key":"Weak Potion"}],"is_trial":false,"path_per_floor":["M","M","$","M","?","E","M","E","T","T","R","R","M","M","R","B",null,"M","M","$","M","M","E"],"character_chosen":"DEFECT","items_purchased":["Lee\u0027s Waffle","Whetstone","Glacier","Capacitor"],"campfire_rested":2,"item_purchase_floors":[20,20,20,20],"current_hp_per_floor":[64,55,55,44,61,38,38,12,12,12,33,33,25,20,41,9,56,49,45,78,61,43,0],"gold":68,"neow_bonus":"ONE_RARE_RELIC","is_prod":false,"is_daily":false,"chose_seed":false,"campfire_upgraded":0,"win_rate":0,"timestamp":1554864670,"path_taken":["M","M","$","?","?","E","M","E","T","?","R","R","M","M","R","BOSS","M","M","$","M","M","E"],"build_version":"2019-01-23","purchased_purges":0,"victory":false,"max_hp_per_floor":[71,71,71,71,71,71,71,71,71,71,71,71,71,71,71,71,71,71,71,78,78,78,78],"card_choices":[{"not_picked":["Leap","Loop"],"picked":"Ball Lightning","floor":1},{"not_picked":["Recycle","Go for the Eyes"],"picked":"Conserve Battery","floor":2},{"not_picked":["Redo","Scrape"],"picked":"Ball Lightning","floor":4},{"not_picked":["Amplify","Cold Snap"],"picked":"Conserve Battery","floor":6},{"not_picked":["Redo","Gash"],"picked":"Conserve Battery","floor":7},{"not_picked":["Genetic Algorithm","Beam Cell","Reinforced Body"],"picked":"SKIP","floor":8},{"not_picked":["Go for the Eyes","Compile Driver"],"picked":"BootSequence","floor":13},{"not_picked":["Sweeping Beam","Compile Driver"],"picked":"Cold Snap","floor":14},{"not_picked":["Hyperbeam","Reboot"],"picked":"Buffer","floor":16},{"not_picked":["Cold Snap","Go for the Eyes+1"],"picked":"Conserve Battery+1","floor":18},{"not_picked":["Fusion","Turbo"],"picked":"Consume+1","floor":19},{"not_picked":["Scrape","Go for the Eyes","Ball Lightning"],"picked":"SKIP","floor":21},{"not_picked":["Melter","White Noise","Self Repair"],"picked":"SKIP","floor":22}],"player_experience":352328,"relics_obtained":[{"floor":6,"key":"Girya"},{"floor":8,"key":"Ancient Tea Set"},{"floor":10,"key":"Old Coin"}],"event_choices":[{"damage_healed":17,"gold_gain":0,"player_choice":"Healed","damage_taken":0,"max_hp_gain":0,"max_hp_loss":0,"event_name":"The Cleric","floor":5,"gold_loss":35}],"is_beta":false,"boss_relics":[{"not_picked":["Empty Cage","Velvet Choker"],"picked":"Astrolabe"}],"items_purged_floors":[],"is_endless":false,"potions_floor_spawned":[2,6,13,18,21],"killed_by":"Slavers","ascension_level":14}