{"gold_per_floor":[114,129,140,160,110,110,138,150,150,169,187,187,214,228,228,327,327,339,249,265,93,108,108,108],"floor_reached":24,"playtime":3168,"items_purged":[],"score":223,"play_id":"d9ec741f-e324-4d58-8a88-e8ecc036b0bd","local_time":"20190407194412","is_ascension_mode":true,"campfire_choices":[{"data":"Survivor","floor":6.0,"key":"SMITH"},{"floor":12.0,"key":"REST"},{"floor":15.0,"key":"REST"},{"floor":23,"key":"REST"}],"neow_cost":"NONE","seed_source_timestamp":0,"circlet_count":0,"master_deck":["Defend_G","Defend_G","Defend_G","Defend_G","Defend_G","Strike_G","Strike_G","Strike_G","Survivor+1","Neutralize+1","PiercingWail","Dagger Throw+1","Slice","Backstab","Malaise","Acrobatics","Deflect","Outmaneuver","Finisher","Poisoned Stab","Envenom","Flying Knee+1","Backflip+1","Chrysalis","Backstab+1"],"special_seed":0,"relics":["Ring of the Snake","Incense Burner","Ancient Tea Set","Happy Flower","Busted Crown"],"potions_floor_usage":[24,24],"damage_taken":[{"damage":1.0,"enemies":"2 Louse","floor":1.0,"turns":3.0},{"damage":3.0,"enemies":"Small Slimes","floor":2.0,"turns":4.0},{"damage":1.0,"enemies":"Cultist","floor":3.0,"turns":4.0},{"damage":3.0,"enemies":"Lots of Slimes","floor":4.0,"turns":7.0},{"damage":32.0,"enemies":"Gremlin Nob","floor":7.0,"turns":6.0},{"damage":4.0,"enemies":"Exordium Thugs","floor":8.0,"turns":5.0},{"damage":0.0,"enemies":"3 Louse","floor":10.0,"turns":3.0},{"damage":0.0,"enemies":"Exordium Wildlife","floor":11.0,"turns":2.0},{"damage":16.0,"enemies":"Lagavulin","floor":13.0,"turns":12.0},{"damage":3.0,"enemies":"Lots of Slimes","floor":14.0,"turns":5.0},{"damage":8.0,"enemies":"The Guardian","floor":16.0,"turns":18.0},{"damage":1,"enemies":"Shell Parasite","floor":18,"turns":6},{"damage":14,"enemies":"Chosen","floor":20,"turns":8},{"damage":19,"enemies":"Sentry and Sphere","floor":22,"turns":8},{"damage":66,"enemies":"Gremlin Leader","floor":24,"turns":10}],"seed_played":"623732532302313839","potions_obtained":[{"floor":2.0,"key":"AttackPotion"},{"floor":7.0,"key":"Poison Potion"},{"floor":8.0,"key":"SpeedPotion"},{"floor":11.0,"key":"Ancient Potion"},{"floor":18,"key":"LiquidBronze"}],"is_trial":false,"path_per_floor":["M","M","M","M","?","R","E","M","T","M","M","R","E","M","R","B",null,"M","?","M","$","M","R","E"],"character_chosen":"THE_SILENT","items_purchased":["Chrysalis"],"campfire_rested":3,"item_purchase_floors":[21],"current_hp_per_floor":[69,66,65,62,62,62,30,26,26,26,26,47,31,28,49,41,70,69,69,55,55,36,57,0],"gold":108,"neow_bonus":"UPGRADE_CARD","is_prod":false,"is_daily":false,"chose_seed":false,"campfire_upgraded":1,"win_rate":0,"timestamp":1554680652,"path_taken":["M","M","M","M","?","R","E","M","T","M","M","R","E","M","R","BOSS","M","?","M","$","M","R","E"],"build_version":"2019-01-23","purchased_purges":0,"victory":false,"max_hp_per_floor":[70,70,70,70,70,70,70,70,70,70,70,70,70,70,70,70,70,70,70,70,70,70,70,70],"card_choices":[{"not_picked":["Underhanded Strike","Dagger Throw"],"picked":"PiercingWail","floor":1.0},{"not_picked":["Dodge and Roll","Tactician"],"picked":"Dagger Throw","floor":2.0},{"not_picked":["Quick Slash","Bane"],"picked":"Slice","floor":3.0},{"not_picked":["Catalyst","Well Laid Plans"],"picked":"Backstab","floor":4.0},{"not_picked":["Outmaneuver","Prepared"],"picked":"Malaise","floor":7.0},{"not_picked":["Riddle With Holes","PiercingWail"],"picked":"Acrobatics","floor":8.0},{"not_picked":["Acrobatics","Escape Plan"],"picked":"Deflect","floor":10.0},{"not_picked":["Predator","Riddle With Holes"],"picked":"Outmaneuver","floor":11.0},{"not_picked":["Outmaneuver","Night Terror"],"picked":"Finisher","floor":13.0},{"not_picked":["PiercingWail","Deflect"],"picked":"Poisoned Stab","floor":14.0},{"not_picked":["Wraith Form v2","Venomology"],"picked":"Envenom","floor":16.0},{"not_picked":[],"picked":"Flying Knee+1","floor":18},{"not_picked":[],"picked":"Backflip+1","floor":20},{"not_picked":[],"picked":"Backstab+1","floor":22}],"player_experience":85196,"relics_obtained":[{"floor":7.0,"key":"Incense Burner"},{"floor":9.0,"key":"Ancient Tea Set"},{"floor":13.0,"key":"Happy Flower"}],"event_choices":[{"cards_removed":["Strike_G"],"damage_healed":0.0,"max_hp_gain":0.0,"max_hp_loss":0.0,"gold_gain":0.0,"event_name":"The Cleric","player_choice":"Card Removal","floor":5.0,"gold_loss":50.0,"damage_taken":0.0},{"cards_removed":["Strike_G"],"damage_healed":0,"gold_gain":0,"player_choice":"Upgrade and Remove","damage_taken":0,"max_hp_gain":0,"max_hp_loss":0,"event_name":"Designer","floor":19,"gold_loss":90,"cards_upgraded":["Dagger Throw"]}],"is_beta":false,"boss_relics":[{"not_picked":["Ring of the Serpent","Calling Bell"],"picked":"Busted Crown"}],"items_purged_floors":[],"is_endless":false,"potions_floor_spawned":[2,7,8,11,14,18],"killed_by":"Gremlin Leader","ascension_level":1}