{"gold_per_floor":[109,284,284,304,40,71,91,61,61,75,75,93,93,108,108,207,207,225,79,98,98,108,140,152,152,152,152,152,180,180,190,190,292,292,307,319,338,39,51,51],"floor_reached":40,"playtime":2647,"items_purged":["Doubt","Dodge and Roll"],"score":455,"play_id":"30106c5d-fe1d-4cc2-92b0-b5e26f8b0ac7","local_time":"20190407011501","is_ascension_mode":false,"campfire_choices":[{"data":"Noxious Fumes","floor":11,"key":"SMITH"},{"data":"Footwork","floor":15,"key":"SMITH"},{"floor":25,"key":"REST"},{"floor":30,"key":"REST"},{"floor":32,"key":"REST"}],"neow_cost":"NONE","seed_source_timestamp":990201989896672,"circlet_count":0,"master_deck":["Survivor","Neutralize","PiercingWail","Backflip","Deadly Poison","Footwork+1","Noxious Fumes+1","Well Laid Plans","Poisoned Stab","Crippling Poison","Malaise","Dash","Heel Hook","Finisher","Concentrate","Terror","Dodge and Roll","Dash","Dagger Spray+1","Noxious Fumes+1","Leg Sweep","Night Terror","Backstab+1","Cloak And Dagger+1","Bullet Time+1","Sucker Punch+1","Backflip+1"],"relics":["Ring of the Snake","NeowsBlessing","Bottled Flame","Sundial","Gremlin Horn","Pandora\u0027s Box","Vajra","Letter Opener","Pen Nib","Juzu Bracelet","Astrolabe","Chemical X"],"potions_floor_usage":[16,23,23,37],"damage_taken":[{"damage":0,"enemies":"Small Slimes","floor":1,"turns":1},{"damage":0,"enemies":"2 Louse","floor":4,"turns":1},{"damage":0,"enemies":"Gremlin Nob","floor":6,"turns":1},{"damage":2,"enemies":"Cultist","floor":7,"turns":4},{"damage":2,"enemies":"Looter","floor":8,"turns":4},{"damage":11,"enemies":"Gremlin Gang","floor":10,"turns":5},{"damage":3,"enemies":"Lots of Slimes","floor":12,"turns":4},{"damage":5,"enemies":"Exordium Wildlife","floor":14,"turns":5},{"damage":21,"enemies":"The Guardian","floor":16,"turns":10},{"damage":9,"enemies":"Spheric Guardian","floor":18,"turns":4},{"damage":8,"enemies":"3 Byrds","floor":20,"turns":5},{"damage":16,"enemies":"Centurion and Healer","floor":22,"turns":7},{"damage":20,"enemies":"Slavers","floor":23,"turns":5},{"damage":23,"enemies":"3 Cultists","floor":24,"turns":6},{"damage":27,"enemies":"Book of Stabbing","floor":29,"turns":8},{"damage":19,"enemies":"Chosen and Byrds","floor":31,"turns":7},{"damage":20,"enemies":"Automaton","floor":33,"turns":10},{"damage":14,"enemies":"3 Darklings","floor":35,"turns":4},{"damage":0,"enemies":"3 Shapes","floor":36,"turns":4},{"damage":17,"enemies":"Writhing Mass","floor":37,"turns":7},{"damage":29,"enemies":"Jaw Worm Horde","floor":39,"turns":6},{"damage":23,"enemies":"Nemesis","floor":40,"turns":3}],"seed_played":"-8646778750068659608","potions_obtained":[{"floor":7,"key":"Ancient Potion"},{"floor":14,"key":"Strength Potion"},{"floor":18,"key":"SpeedPotion"},{"floor":22,"key":"LiquidBronze"},{"floor":31,"key":"FearPotion"},{"floor":33,"key":"Block Potion"},{"floor":35,"key":"AttackPotion"},{"floor":36,"key":"FairyPotion"}],"is_trial":false,"path_per_floor":["M","?","?","M","$","E","M","M","T","M","R","M","?","M","R","B",null,"M","$","M","?","M","E","M","R","T","?","?","E","R","M","R","B",null,"M","M","M","$","M","E"],"character_chosen":"THE_SILENT","items_purchased":["Bottled Flame","Backflip","Dash","Chemical X"],"campfire_rested":3,"item_purchase_floors":[5,5,19,38],"current_hp_per_floor":[70,70,70,70,70,70,68,66,66,55,55,52,52,47,47,26,70,61,61,53,70,54,34,11,32,32,32,32,5,26,7,28,8,70,56,56,39,39,10,0],"gold":51,"neow_bonus":"THREE_ENEMY_KILL","is_prod":false,"is_daily":false,"chose_seed":false,"campfire_upgraded":2,"win_rate":0,"timestamp":1554621301,"path_taken":["M","?","?","M","$","E","M","M","T","M","R","?","?","M","R","BOSS","M","$","?","?","M","E","?","R","T","?","?","E","R","M","R","BOSS","M","M","M","$","M","E"],"build_version":"2019-01-23","purchased_purges":2,"victory":false,"max_hp_per_floor":[70,70,70,70,70,70,70,70,70,70,70,70,70,70,70,70,70,70,70,70,70,70,70,70,70,70,70,70,70,70,70,70,70,70,70,70,70,70,70,70],"card_choices":[{"not_picked":["Prepared","Eviscerate"],"picked":"Riddle With Holes","floor":1},{"not_picked":["Bane","Prepared"],"picked":"PiercingWail","floor":4},{"not_picked":["Slice","Dodge and Roll"],"picked":"Deadly Poison","floor":6},{"not_picked":["Distraction","Infinite Blades"],"picked":"Footwork","floor":7},{"not_picked":["Caltrops","Prepared"],"picked":"Noxious Fumes","floor":8},{"not_picked":["Deflect","PiercingWail"],"picked":"Well Laid Plans","floor":10},{"not_picked":["Masterful Stab","Backflip"],"picked":"Poisoned Stab","floor":12},{"not_picked":["Underhanded Strike","Blade Dance"],"picked":"Crippling Poison","floor":14},{"not_picked":["Bullet Time","Tools of the Trade"],"picked":"Malaise","floor":16},{"not_picked":["Prepared","Eviscerate","All Out Attack"],"picked":"SKIP","floor":18},{"not_picked":["PiercingWail","Flying Knee","Expertise"],"picked":"SKIP","floor":20},{"not_picked":["Acrobatics","Terror"],"picked":"Dagger Spray+1","floor":22},{"not_picked":["Bane","Dodge and Roll","Cloak And Dagger"],"picked":"SKIP","floor":23},{"not_picked":["Dagger Spray+1","Well Laid Plans","Underhanded Strike+1"],"picked":"SKIP","floor":24},{"not_picked":["Flechettes+1","Caltrops+1"],"picked":"Noxious Fumes+1","floor":29},{"not_picked":["Phantasmal Killer","Expertise"],"picked":"Leg Sweep","floor":31},{"not_picked":["Venomology","Die Die Die"],"picked":"Night Terror","floor":33},{"not_picked":["Sucker Punch","Leg Sweep","Dagger Spray"],"picked":"SKIP","floor":35},{"not_picked":["Escape Plan","Prepared+1"],"picked":"Sucker Punch+1","floor":36},{"not_picked":["Bane+1","Masterful Stab","Underhanded Strike"],"picked":"SKIP","floor":37},{"not_picked":["Bane+1","Caltrops"],"picked":"Backflip+1","floor":39}],"player_experience":198885,"relics_obtained":[{"floor":6,"key":"Sundial"},{"floor":9,"key":"Gremlin Horn"},{"floor":23,"key":"Vajra"},{"floor":26,"key":"Letter Opener"},{"floor":29,"key":"Juzu Bracelet"}],"event_choices":[{"damage_healed":0,"gold_gain":175,"player_choice":"AGREE","damage_taken":0,"max_hp_gain":0,"max_hp_loss":0,"event_name":"Liars Game","floor":2,"gold_loss":0,"cards_obtained":["Doubt"]},{"damage_healed":0,"gold_gain":0,"player_choice":"0 cards matched","damage_taken":0,"max_hp_gain":0,"max_hp_loss":0,"event_name":"Match and Keep!","floor":3,"gold_loss":0,"cards_obtained":[]},{"damage_healed":0,"gold_gain":0,"player_choice":"Ignored","damage_taken":0,"max_hp_gain":0,"max_hp_loss":0,"event_name":"NoteForYourself","floor":13,"gold_loss":0},{"cards_removed":["Accuracy"],"damage_healed":17,"gold_gain":0,"player_choice":"Offered Uncommon","damage_taken":0,"max_hp_gain":0,"max_hp_loss":0,"event_name":"Bonfire Elementals","floor":21,"gold_loss":0},{"damage_healed":0,"gold_gain":0,"player_choice":"Ignored","damage_taken":0,"max_hp_gain":0,"max_hp_loss":0,"event_name":"Ghosts","floor":27,"gold_loss":0},{"damage_healed":0,"gold_gain":0,"player_choice":"Opened","damage_taken":0,"relics_obtained":["Pen Nib"],"max_hp_gain":0,"max_hp_loss":0,"event_name":"The Mausoleum","floor":28,"gold_loss":0}],"is_beta":false,"boss_relics":[{"not_picked":["White Beast Statue","Lizard Tail"],"picked":"Pandora\u0027s Box"},{"not_picked":["Fusion Hammer","Calling Bell"],"picked":"Astrolabe"}],"items_purged_floors":[19,38],"is_endless":false,"potions_floor_spawned":[7,14,18,22,31,33,35,36],"killed_by":"Nemesis","ascension_level":0}