{"gold_per_floor":[112,112,287,15,33,33,33,33,33,50,0,0,11,21,21,124,124,140,156,106,106,118,118,133,133,157,57,57,57,57,75,75,179,179,190,208,168,11,29,29,0,0,0,30,30,40,40],"floor_reached":47,"playtime":2227,"items_purged":["Doubt","Strike_B"],"score":642,"play_id":"31f655b1-68f6-47cf-90eb-8013fb231325","local_time":"20190228164933","is_ascension_mode":true,"campfire_choices":[{"data":"White Noise","floor":6.0,"key":"SMITH"},{"floor":8.0,"key":"REST"},{"data":"Zap","floor":12.0,"key":"SMITH"},{"data":"Coolheaded","floor":15.0,"key":"SMITH"},{"floor":23.0,"key":"REST"},{"data":"Rainbow","floor":25.0,"key":"SMITH"},{"data":"Seek","floor":32.0,"key":"SMITH"},{"floor":40.0,"key":"REST"}],"neow_cost":"TEN_PERCENT_HP_LOSS","seed_source_timestamp":0,"circlet_count":0,"master_deck":["Strike_B","Defend_B","Defend_B","Defend_B","Defend_B+1","Zap+1","Dualcast","Thunder Strike+1","White Noise+1","Cold Snap","BootSequence","Coolheaded+1","Hello World","Rainbow+1","Doom and Gloom+1","White Noise","Barrage+1","Capacitor","Seek+1","Glacier","Rainbow","Coolheaded","Fusion+1","Coolheaded","Mayhem","Bandage Up","Mayhem","Darkness+1","Parasite","Cold Snap"],"special_seed":0,"relics":["Cracked Core","Runic Capacitor","Bottled Flame","Velvet Choker","Lantern","Strawberry","Nuclear Battery","Juzu Bracelet","Red Mask","Mercury Hourglass","Mummified Hand"],"potions_floor_usage":[46],"damage_taken":[{"damage":16.0,"enemies":"Small Slimes","floor":1.0,"turns":3.0},{"damage":7.0,"enemies":"Jaw Worm","floor":5.0,"turns":4.0},{"damage":3.0,"enemies":"Cultist","floor":10.0,"turns":4.0},{"damage":0.0,"enemies":"Red Slaver","floor":13.0,"turns":4.0},{"damage":8.0,"enemies":"3 Louse","floor":14.0,"turns":5.0},{"damage":27.0,"enemies":"Slime Boss","floor":16.0,"turns":9.0},{"damage":3.0,"enemies":"Shell Parasite","floor":18.0,"turns":6.0},{"damage":0.0,"enemies":"Spheric Guardian","floor":19.0,"turns":3.0},{"damage":9.0,"enemies":"Snake Plant","floor":22.0,"turns":3.0},{"damage":13.0,"enemies":"Centurion and Healer","floor":24.0,"turns":4.0},{"damage":3.0,"enemies":"Sentry and Sphere","floor":31.0,"turns":4.0},{"damage":56.0,"enemies":"Collector","floor":33.0,"turns":12.0},{"damage":10.0,"enemies":"3 Shapes","floor":35.0,"turns":3.0},{"damage":38.0,"enemies":"3 Darklings","floor":36.0,"turns":4.0},{"damage":0.0,"enemies":"Jaw Worm Horde","floor":39.0,"turns":3.0},{"damage":14.0,"enemies":"Giant Head","floor":44.0,"turns":8.0},{"damage":11,"enemies":"Writhing Mass","floor":46,"turns":6},{"damage":0,"enemies":"Reptomancer","floor":47,"turns":2}],"seed_played":"-842231635652256527","potions_obtained":[{"floor":1.0,"key":"Explosive Potion"},{"floor":13.0,"key":"Explosive Potion"},{"floor":16.0,"key":"Dexterity Potion"},{"floor":18.0,"key":"Strength Potion"},{"floor":22.0,"key":"SpeedPotion"},{"floor":33.0,"key":"Explosive Potion"},{"floor":39.0,"key":"Weak Potion"},{"floor":44.0,"key":"SkillPotion"},{"floor":46,"key":"FairyPotion"}],"is_trial":false,"path_per_floor":["M","?","?","$","M","R","$","R","T","M","?","R","M","M","R","B",null,"M","M","?","$","M","R","M","R","T","$","?","T","?","M","R","B",null,"M","M","?","$","M","R","?","?","T","E","$","M","E"],"character_chosen":"DEFECT","items_purchased":["Runic Capacitor","Juzu Bracelet"],"campfire_rested":3,"item_purchase_floors":[4,38],"current_hp_per_floor":[52,52,52,52,45,45,45,65,65,62,62,62,62,54,54,27,58,55,55,55,55,46,66,53,53,53,53,53,60,60,57,57,1,57,47,9,9,9,9,31,31,21,21,11,11,4,4],"gold":40,"neow_bonus":"THREE_RARE_CARDS","is_prod":false,"is_daily":false,"chose_seed":false,"campfire_upgraded":5,"win_rate":0,"timestamp":1551394173,"path_taken":["M","?","?","$","M","R","?","R","T","M","?","R","M","M","R","BOSS","M","M","?","?","?","R","M","R","T","$","?","?","?","M","R","BOSS","M","M","?","$","M","R","?","?","T","E","$","M","E"],"build_version":"2019-01-23","purchased_purges":2,"victory":false,"max_hp_per_floor":[68,68,68,68,68,68,68,68,68,68,68,68,68,68,68,68,68,68,68,68,68,68,68,68,68,68,68,68,75,75,75,75,75,75,75,75,75,75,75,75,75,75,75,75,75,75,75],"card_choices":[{"not_picked":["Reboot","Biased Cognition"],"picked":"Thunder Strike","floor":0.0},{"not_picked":["Stack","Turbo"],"picked":"White Noise","floor":1.0},{"not_picked":["Steam","Amplify"],"picked":"Cold Snap","floor":5.0},{"not_picked":["Reprogram","Conserve Battery"],"picked":"BootSequence","floor":10.0},{"not_picked":["White Noise","Conserve Battery"],"picked":"Coolheaded","floor":13.0},{"not_picked":["Go for the Eyes","Streamline"],"picked":"Hello World","floor":14.0},{"not_picked":["Multi-Cast","Thunder Strike"],"picked":"Rainbow","floor":16.0},{"not_picked":["Reprogram","Steam+1"],"picked":"Doom and Gloom+1","floor":18.0},{"not_picked":["Blizzard+1","Beam Cell"],"picked":"White Noise","floor":19.0},{"not_picked":["Stack","Sweeping Beam+1"],"picked":"Barrage+1","floor":22.0},{"not_picked":["Genetic Algorithm","Barrage"],"picked":"Capacitor","floor":24.0},{"not_picked":["Turbo","Scrape+1"],"picked":"Glacier","floor":31.0},{"not_picked":["All For One","Biased Cognition"],"picked":"Rainbow","floor":33.0},{"not_picked":["Reinforced Body","Skim"],"picked":"Coolheaded","floor":35.0},{"not_picked":["Stack+1","Loop+1"],"picked":"Fusion+1","floor":36.0},{"not_picked":["Static Discharge","Darkness"],"picked":"Coolheaded","floor":39.0},{"not_picked":["Deep Breath","Swift Strike"],"picked":"Mayhem","floor":42.0},{"not_picked":["Mind Blast","Impatience"],"picked":"Bandage Up","floor":42.0},{"not_picked":["Madness","Impatience"],"picked":"Mayhem","floor":42.0},{"not_picked":["Ball Lightning","Stack+1"],"picked":"Darkness+1","floor":44.0},{"not_picked":["Go for the Eyes+1","Conserve Battery"],"picked":"Cold Snap","floor":46}],"player_experience":573841,"relics_obtained":[{"floor":9.0,"key":"Bottled Flame"},{"floor":26.0,"key":"Lantern"},{"floor":29.0,"key":"Strawberry"},{"floor":43.0,"key":"Mercury Hourglass"},{"floor":44.0,"key":"Mummified Hand"}],"event_choices":[{"damage_healed":0.0,"max_hp_gain":0.0,"max_hp_loss":0.0,"gold_gain":0.0,"event_name":"Golden Wing","player_choice":"Ignored","floor":2.0,"gold_loss":0.0,"damage_taken":0.0},{"damage_healed":0.0,"max_hp_gain":0.0,"max_hp_loss":0.0,"gold_gain":175.0,"event_name":"Liars Game","player_choice":"AGREE","floor":3.0,"gold_loss":0.0,"damage_taken":0.0,"cards_obtained":["Doubt"]},{"cards_removed":["Strike_B"],"damage_healed":0.0,"max_hp_gain":0.0,"max_hp_loss":0.0,"gold_gain":0.0,"event_name":"The Cleric","player_choice":"Card Removal","floor":11.0,"gold_loss":50.0,"damage_taken":0.0},{"damage_healed":0.0,"max_hp_gain":0.0,"max_hp_loss":0.0,"gold_gain":0.0,"event_name":"The Joust","player_choice":"Bet on Murderer","floor":20.0,"gold_loss":50.0,"damage_taken":0.0},{"damage_healed":0.0,"max_hp_gain":0.0,"max_hp_loss":0.0,"gold_gain":0.0,"event_name":"Vampires","player_choice":"Ignored","floor":28.0,"gold_loss":0.0,"damage_taken":0.0},{"damage_healed":0.0,"max_hp_gain":0.0,"max_hp_loss":0.0,"gold_gain":0.0,"cards_transformed":["Strike_B"],"event_name":"Transmorgrifier","player_choice":"Transformed","floor":30.0,"gold_loss":0.0,"damage_taken":0.0,"cards_obtained":["Seek"]},{"damage_healed":0.0,"max_hp_gain":0.0,"max_hp_loss":0.0,"gold_gain":0.0,"event_name":"Designer","player_choice":"Upgraded Two","floor":37.0,"gold_loss":40.0,"damage_taken":0.0,"cards_upgraded":["Thunder Strike","Defend_B"]},{"damage_healed":0.0,"max_hp_gain":0.0,"max_hp_loss":0.0,"gold_gain":0.0,"event_name":"Tomb of Lord Red Mask","player_choice":"Paid","floor":41.0,"gold_loss":29.0,"damage_taken":0.0,"relics_obtained":["Red Mask"]},{"damage_healed":0.0,"max_hp_gain":0.0,"max_hp_loss":0.0,"gold_gain":0.0,"event_name":"SensoryStone","player_choice":"Memory 3","floor":42.0,"gold_loss":0.0,"damage_taken":10.0}],"is_beta":false,"boss_relics":[{"not_picked":["White Beast Statue","Cursed Key"],"picked":"Velvet Choker"},{"not_picked":["Snecko Eye","Black Star"],"picked":"Nuclear Battery"}],"items_purged_floors":[4,27],"is_endless":false,"potions_floor_spawned":[1,13,16,18,22,33,39,44,46],"killed_by":"Reptomancer","ascension_level":9}