{"path_per_floor":["M","?","$","M","M","E","M","R","T","E","$","R","E","M","R","B",null,"M","?","M","?","M","R"],"character_chosen":"THE_SILENT","items_purchased":["Deadly Poison"],"gold_per_floor":[112,62,15,33,44,78,89,89,89,116,41,41,68,83,83,178,178,189,189,201,201,214,214,214],"floor_reached":24,"campfire_rested":4,"playtime":1039,"current_hp_per_floor":[70,70,70,70,70,57,56,70,70,48,48,69,53,53,70,64,70,16,39,15,15,6,27,0],"items_purged":["Strike_G"],"gold":214,"score":238,"play_id":"019f08df-9938-41c2-b9bc-02ce2015b2a1","local_time":"20180420061954","is_prod":false,"is_daily":false,"chose_seed":false,"is_ascension_mode":true,"campfire_upgraded":0,"timestamp":1524197994,"path_taken":["M","?","$","M","M","E","M","R","T","E","$","R","E","M","R","BOSS","M","?","?","?","M","R","E"],"build_version":"2018-04-19","seed_source_timestamp":1885671370594486,"purchased_purges":1,"victory":false,"master_deck":["Defend_G+1","Defend_G","Defend_G","Defend_G","Strike_G","Strike_G+1","Strike_G","Strike_G","Survivor+1","Neutralize+1","Deadly Poison","Deadly Poison","Backstab","PiercingWail","Cloak And Dagger","Tools of the Trade","Clumsy","Regret","Decay","Escape Plan"],"max_hp_per_floor":[70,70,70,70,70,70,70,70,70,70,70,70,70,70,70,70,70,70,70,70,70,70,70,70],"relics":["Ring of the Snake","Whetstone","War Paint","Gremlin Horn","Happy Flower","Calling Bell","Orichalcum","Paper Crane","Shovel"],"card_choices":[{"not_picked":["Distraction","Acrobatics"],"picked":"Deadly Poison","floor":0},{"not_picked":["Blur","Cloak And Dagger"],"picked":"Backstab","floor":6},{"not_picked":["Dagger Spray","Endless Agony"],"picked":"PiercingWail","floor":7},{"not_picked":["Distraction","Outmaneuver"],"picked":"Cloak And Dagger","floor":13},{"not_picked":["Storm of Steel","Wraith Form v2"],"picked":"Tools of the Trade","floor":16},{"not_picked":["Infinite Blades","Acrobatics"],"picked":"Escape Plan","floor":18}],"player_experience":105472,"potions_floor_usage":[6,10,16,18,20,24],"damage_taken":[{"damage":0,"enemies":"2 Louse","floor":1,"turns":3},{"damage":0,"enemies":"Small Slimes","floor":4,"turns":4},{"damage":0,"enemies":"Jaw Worm","floor":5,"turns":4},{"damage":26,"enemies":"3 Sentries","floor":6,"turns":11},{"damage":1,"enemies":"Exordium Wildlife","floor":7,"turns":5},{"damage":22,"enemies":"Gremlin Nob","floor":10,"turns":4},{"damage":16,"enemies":"Lagavulin","floor":13,"turns":6},{"damage":0,"enemies":"Gremlin Gang","floor":14,"turns":4},{"damage":6,"enemies":"Hexaghost","floor":16,"turns":10},{"damage":54,"enemies":"3 Byrds","floor":18,"turns":7},{"damage":24,"enemies":"Spheric Guardian","floor":20,"turns":6},{"damage":9,"enemies":"Centurion and Healer","floor":22,"turns":11},{"damage":38,"enemies":"Gremlin Leader","floor":24,"turns":4}],"event_choices":[{"event_name":"The Cleric","player_choice":"Card Removal","floor":2,"damage_taken":0},{"event_name":"The Library","player_choice":"Heal","floor":19,"damage_taken":0},{"event_name":"Vampires","player_choice":"Ignored","floor":21,"damage_taken":0}],"boss_relics":[{"not_picked":["Tiny House","Pandora\u0027s Box"],"picked":"Calling Bell"}],"potions_floor_spawned":[4,6,10,14,18,22],"seed_played":"4670538125254121899","killed_by":"Gremlin Leader","ascension_level":2,"is_trial":false}