{"gold_per_floor":[114,289,301,301,321,321,56,36,87,87,12,12,25,58,58,156,156,176,98,98,197,197,197,212,231,257,257,257,268,268,268],"floor_reached":31,"playtime":828,"items_purged":["Doubt"],"score":495,"play_id":"cfd182a5-bd82-4302-b78c-cf0f8c56f7cd","local_time":"20190305142452","is_ascension_mode":true,"campfire_choices":[{"data":"Darkness","floor":6.0,"key":"SMITH"},{"data":"Zap","floor":10.0,"key":"SMITH"},{"data":"Loop","floor":12.0,"key":"SMITH"},{"floor":15.0,"key":"REST"},{"floor":23,"key":"REST"},{"floor":27,"key":"REST"}],"neow_cost":"NONE","seed_source_timestamp":267998670952425,"circlet_count":0,"master_deck":["AscendersBane","Defend_B","Defend_B","Defend_B","Defend_B","Zap+1","Dualcast","Amplify","Darkness+1","Conserve Battery","Loop+1","The Bomb","Rebound","Echo Form+1","Electrodynamics+1","Clumsy","Regret","Doubt","Self Repair+1","Bite","Bite","Bite","Bite","Bite","Hello World+1","Storm+1","Coolheaded","Decay"],"special_seed":0,"relics":["Cracked Core","Ice Cream","Bag of Marbles","Frozen Egg 2","Calling Bell","Lantern","Symbiotic Virus","Nunchaku","Darkstone Periapt","Juzu Bracelet"],"potions_floor_usage":[24],"damage_taken":[{"damage":2.0,"enemies":"Jaw Worm","floor":1.0,"turns":3.0},{"damage":1.0,"enemies":"Cultist","floor":3.0,"turns":3.0},{"damage":8.0,"enemies":"Small Slimes","floor":5.0,"turns":4.0},{"damage":6.0,"enemies":"Looter","floor":13.0,"turns":3.0},{"damage":20.0,"enemies":"3 Sentries","floor":14.0,"turns":4.0},{"damage":38,"enemies":"Slime Boss","floor":16,"turns":5},{"damage":36,"enemies":"2 Thieves","floor":18,"turns":3},{"damage":8,"enemies":"3 Byrds","floor":24,"turns":3},{"damage":39,"enemies":"Snake Plant","floor":25,"turns":4},{"damage":36,"enemies":"Centurion and Healer","floor":29,"turns":3},{"damage":19,"enemies":"Colosseum Slavers","floor":31,"turns":1}],"seed_played":"-6446490024185976070","potions_obtained":[{"floor":5.0,"key":"Weak Potion"},{"floor":8.0,"key":"FocusPotion"},{"floor":16,"key":"Dexterity Potion"},{"floor":25,"key":"FearPotion"}],"is_trial":false,"path_per_floor":["M","?","M","?","M","R","$","?","T","R","$","R","M","E","R","B",null,"M","$","?","?","?","R","M","M","T","R","?","M","?","?"],"character_chosen":"DEFECT","items_purchased":["Loop","The Bomb","Self Repair+1"],"campfire_rested":3,"item_purchase_floors":[7,7,19],"current_hp_per_floor":[66,66,65,65,57,57,57,57,57,57,57,57,51,31,53,15,60,24,24,24,24,24,39,37,12,12,27,44,8,14,0],"gold":268,"neow_bonus":"ONE_RANDOM_RARE_CARD","is_prod":false,"is_daily":false,"chose_seed":false,"campfire_upgraded":3,"win_rate":0,"timestamp":1551817492,"path_taken":["M","?","M","?","?","R","$","?","T","R","$","R","M","E","R","BOSS","M","?","?","?","?","R","M","M","T","R","?","M","?","?"],"build_version":"2019-01-23","purchased_purges":1,"victory":false,"max_hp_per_floor":[75,75,75,75,75,75,75,75,75,75,75,75,75,75,75,75,75,75,75,52,52,52,52,52,52,52,52,52,52,58,58],"card_choices":[{"not_picked":["Conserve Battery","Streamline"],"picked":"Darkness","floor":1.0},{"not_picked":["Self Repair","Lockon"],"picked":"Coolheaded","floor":3.0},{"not_picked":["FTL","Compile Driver"],"picked":"Conserve Battery","floor":5.0},{"not_picked":["Tempest","Redo"],"picked":"Rebound","floor":13.0},{"not_picked":["Loop","Heatsinks"],"picked":"Echo Form","floor":14.0},{"not_picked":["Machine Learning+1","Hyperbeam"],"picked":"Electrodynamics+1","floor":16},{"not_picked":["Scrape","Ball Lightning","Barrage"],"picked":"SKIP","floor":18},{"not_picked":["Conserve Battery","Sweeping Beam+1"],"picked":"Hello World+1","floor":24},{"not_picked":["Sweeping Beam","Static Discharge+1"],"picked":"Storm+1","floor":25},{"not_picked":["Hyperbeam","Leap"],"picked":"Coolheaded","floor":29}],"player_experience":633861,"relics_obtained":[{"floor":9.0,"key":"Bag of Marbles"},{"floor":14.0,"key":"Frozen Egg 2"},{"floor":17,"key":"Lantern"},{"floor":17,"key":"Symbiotic Virus"},{"floor":17,"key":"Nunchaku"},{"floor":22,"key":"Darkstone Periapt"},{"floor":26,"key":"Juzu Bracelet"}],"event_choices":[{"damage_healed":0.0,"max_hp_gain":0.0,"max_hp_loss":0.0,"gold_gain":175.0,"event_name":"Liars Game","player_choice":"AGREE","floor":2.0,"gold_loss":0.0,"damage_taken":0.0,"cards_obtained":["Doubt"]},{"cards_removed":["Coolheaded"],"damage_healed":0.0,"max_hp_gain":0.0,"max_hp_loss":0.0,"gold_gain":0.0,"event_name":"WeMeetAgain","player_choice":"Gave Card","floor":4.0,"gold_loss":0.0,"damage_taken":0.0,"relics_obtained":["Ice Cream"]},{"damage_healed":0.0,"max_hp_gain":0.0,"max_hp_loss":0.0,"gold_gain":0.0,"event_name":"The Woman in Blue","player_choice":"Bought 1 Potion","floor":8.0,"gold_loss":0.0,"damage_taken":0.0},{"damage_healed":0,"gold_gain":0,"player_choice":"Became a vampire","damage_taken":0,"max_hp_gain":0,"max_hp_loss":23,"event_name":"Vampires","floor":20,"gold_loss":0,"cards_obtained":["Bite","Bite","Bite","Bite","Bite"]},{"damage_healed":0,"gold_gain":99,"player_choice":"Stole From Cult","damage_taken":0,"max_hp_gain":0,"max_hp_loss":0,"event_name":"Nest","floor":21,"gold_loss":0},{"damage_healed":0,"gold_gain":0,"player_choice":"Relic","damage_taken":0,"max_hp_gain":0,"max_hp_loss":0,"event_name":"Wheel of Change","floor":22,"gold_loss":0},{"damage_healed":17,"gold_gain":0,"player_choice":"Heal","damage_taken":0,"max_hp_gain":0,"max_hp_loss":0,"event_name":"The Library","floor":28,"gold_loss":0},{"damage_healed":0,"gold_gain":0,"player_choice":"Smashed Altar","damage_taken":0,"max_hp_gain":0,"max_hp_loss":0,"event_name":"Forgotten Altar","floor":30,"gold_loss":0,"cards_obtained":["Decay"]},{"damage_healed":0,"gold_gain":0,"player_choice":"Fight","damage_taken":0,"max_hp_gain":0,"max_hp_loss":0,"event_name":"Colosseum","floor":31,"gold_loss":0}],"is_beta":false,"boss_relics":[{"not_picked":["Eternal Feather","Snecko Eye"],"picked":"Calling Bell"}],"items_purged_floors":[11],"is_endless":false,"potions_floor_spawned":[5,13,16,25],"killed_by":"Colosseum Slavers","ascension_level":12}