{"gold_per_floor":[113,130,130,16,28,58,58,8,58,38,57,76,94,112,112,210,210,227,245,245,257,270,270,270,300,325,325,352,352,75,92,92,188,188,204,79,91,104,117,117,127,140,165,165,175,175,222,238,238,238,238,238,27,60,60],"floor_reached":55,"playtime":8176,"items_purged":["Strike_G","Strike_G","Defend_G"],"score":815,"play_id":"164d9e5e-af15-4225-bf8a-c457d254eb4f","local_time":"20190409074121","is_ascension_mode":false,"campfire_choices":[{"data":"Envenom","floor":7.0,"key":"SMITH"},{"floor":15.0,"key":"REST"},{"floor":23.0,"key":"REST"},{"floor":27.0,"key":"REST"},{"floor":32.0,"key":"REST"},{"floor":40.0,"key":"RECALL"},{"floor":44.0,"key":"REST"},{"floor":46,"key":"REST"},{"data":"1","floor":49,"key":"LIFT"},{"data":"2","floor":52,"key":"LIFT"}],"neow_cost":"TEN_PERCENT_HP_LOSS","seed_source_timestamp":0,"circlet_count":0,"master_deck":["Defend_G","Defend_G","Strike_G","Strike_G","Strike_G","Survivor","Neutralize","Blade Dance","Finisher","Predator+1","Envenom+1","Calculated Gamble","Infinite Blades","Slice","Catalyst","Masterful Stab","Glass Knife","Injury","Clumsy","Regret","Masterful Stab+1","Bouncing Flask","Necronomicurse","Choke","Shame","Slice+1","Dramatic Entrance+1","Choke+1","Dagger Throw+1","Well Laid Plans","After Image","Footwork","Reflex","Choke+1","Finisher+1","Prepared","Choke+1","Phantasmal Killer","Masterful Stab+1","Glass Knife+1","Adrenaline"],"special_seed":0,"relics":["Ring of the Snake","Gambling Chip","Boot","Calling Bell","Vajra","Dodecahedron","Thread and Needle","Necronomicon","Pantograph","Orichalcum","Ancient Tea Set","Molten Egg 2","Runic Pyramid","Anchor","Girya","Bag of Marbles","FossilizedHelix"],"potions_floor_usage":[50,50,50],"damage_taken":[{"damage":2.0,"enemies":"Small Slimes","floor":1.0,"turns":6.0},{"damage":1.0,"enemies":"Cultist","floor":2.0,"turns":4.0},{"damage":0.0,"enemies":"Jaw Worm","floor":5.0,"turns":2.0},{"damage":22.0,"enemies":"Lagavulin","floor":6.0,"turns":5.0},{"damage":0.0,"enemies":"Looter","floor":11.0,"turns":2.0},{"damage":6.0,"enemies":"Exordium Thugs","floor":12.0,"turns":3.0},{"damage":0.0,"enemies":"Large Slime","floor":13.0,"turns":3.0},{"damage":7.0,"enemies":"Looter","floor":14.0,"turns":2.0},{"damage":48.0,"enemies":"The Guardian","floor":16.0,"turns":8.0},{"damage":0.0,"enemies":"Chosen","floor":18.0,"turns":3.0},{"damage":7.0,"enemies":"Shell Parasite","floor":19.0,"turns":3.0},{"damage":14.0,"enemies":"3 Cultists","floor":21.0,"turns":5.0},{"damage":8.0,"enemies":"Cultist and Chosen","floor":22.0,"turns":4.0},{"damage":42.0,"enemies":"Slavers","floor":25.0,"turns":4.0},{"damage":18.0,"enemies":"Book of Stabbing","floor":28.0,"turns":4.0},{"damage":1.0,"enemies":"Centurion and Healer","floor":31.0,"turns":4.0},{"damage":41.0,"enemies":"Champ","floor":33.0,"turns":6.0},{"damage":9.0,"enemies":"3 Shapes","floor":35.0,"turns":2.0},{"damage":0.0,"enemies":"Orb Walker","floor":37.0,"turns":1.0},{"damage":3.0,"enemies":"Maw","floor":38.0,"turns":6.0},{"damage":5.0,"enemies":"Jaw Worm Horde","floor":39.0,"turns":3.0},{"damage":39.0,"enemies":"4 Shapes","floor":41.0,"turns":4.0},{"damage":0.0,"enemies":"Writhing Mass","floor":42.0,"turns":1.0},{"damage":9.0,"enemies":"3 Darklings","floor":45.0,"turns":3.0},{"damage":0,"enemies":"2 Orb Walkers","floor":47,"turns":2},{"damage":3,"enemies":"Sphere and 2 Shapes","floor":48,"turns":3},{"damage":16,"enemies":"Donu and Deca","floor":50,"turns":6},{"damage":63,"enemies":"Shield and Spear","floor":54,"turns":6},{"damage":38,"enemies":"The Heart","floor":55,"turns":2}],"seed_played":"2015144071110115251","potions_obtained":[{"floor":2.0,"key":"Weak Potion"},{"floor":10.0,"key":"Fruit Juice"},{"floor":14.0,"key":"FearPotion"},{"floor":16.0,"key":"GamblersBrew"},{"floor":18.0,"key":"LiquidBronze"},{"floor":22.0,"key":"Regen Potion"},{"floor":28.0,"key":"SpeedPotion"},{"floor":33.0,"key":"FearPotion"},{"floor":35.0,"key":"GhostInAJar"},{"floor":39.0,"key":"FearPotion"},{"floor":45,"key":"Swift Potion"}],"is_trial":false,"path_per_floor":["M","M","?","$","M","E","R","?","T","?","M","M","M","M","R","B",null,"M","M","?","M","M","R","?","E","T","R","E","?","$","M","R","B",null,"M","$","M","M","M","R","M","M","T","R","M","R","?","M","R","B",null,"R","$","E","B"],"character_chosen":"THE_SILENT","items_purchased":["Predator","Dramatic Entrance+1","Choke+1","Dagger Throw+1","Bag of Marbles","Glass Knife+1"],"campfire_rested":6,"item_purchase_floors":[4,30,30,30,53,53],"current_hp_per_floor":[61,60,60,60,60,38,38,38,38,38,43,37,37,30,50,2,68,68,61,45,31,23,43,43,13,13,33,15,15,15,14,34,18,68,59,59,59,56,51,51,12,12,12,32,23,43,43,40,40,49,68,68,68,5,0],"gold":60,"neow_bonus":"ONE_RARE_RELIC","is_prod":false,"is_daily":false,"chose_seed":false,"campfire_upgraded":1,"win_rate":0,"timestamp":1554810081,"path_taken":["M","M","?","$","?","E","R","?","T","?","M","M","M","M","R","BOSS","M","M","?","M","M","R","?","E","T","R","E","?","$","M","R","BOSS","M","$","M","?","?","R","?","M","T","R","M","R","?","M","R","BOSS","R","$","E","BOSS"],"build_version":"2019-01-23","purchased_purges":3,"victory":false,"max_hp_per_floor":[63,63,63,63,63,63,63,63,63,63,68,68,68,68,68,68,68,68,68,68,68,68,68,68,68,68,68,68,68,68,68,68,68,68,68,68,68,68,68,68,68,68,68,68,68,68,68,68,68,68,68,68,68,68,68],"card_choices":[{"not_picked":["PiercingWail","Poisoned Stab"],"picked":"Blade Dance","floor":1.0},{"not_picked":["Slice","Poisoned Stab"],"picked":"Finisher","floor":2.0},{"not_picked":["Sucker Punch","Bane"],"picked":"Envenom","floor":5.0},{"not_picked":["PiercingWail","Dagger Spray"],"picked":"Calculated Gamble","floor":6.0},{"not_picked":["Eviscerate","Flying Knee"],"picked":"Infinite Blades","floor":11.0},{"not_picked":["Dodge and Roll","Backflip"],"picked":"Slice","floor":12.0},{"not_picked":["Dodge and Roll","Dagger Spray"],"picked":"Catalyst","floor":13.0},{"not_picked":["Deadly Poison","Dodge and Roll"],"picked":"Masterful Stab","floor":14.0},{"not_picked":["Wraith Form v2","Bullet Time"],"picked":"Glass Knife","floor":16.0},{"not_picked":["Deadly Poison","Dodge and Roll"],"picked":"Masterful Stab+1","floor":18.0},{"not_picked":["PiercingWail","Dagger Spray"],"picked":"Bouncing Flask","floor":19.0},{"not_picked":["Flechettes","Dodge and Roll","Backflip"],"picked":"SKIP","floor":21.0},{"not_picked":["Skewer+1","Slice"],"picked":"Choke","floor":22.0},{"not_picked":["Flechettes","Underhanded Strike","Dodge and Roll+1"],"picked":"SKIP","floor":25.0},{"not_picked":["Sucker Punch","Crippling Poison"],"picked":"Slice","floor":28.0},{"not_picked":["Poisoned Stab+1","Outmaneuver"],"picked":"Well Laid Plans","floor":31.0},{"not_picked":["Glass Knife+1","Burst"],"picked":"After Image","floor":33.0},{"not_picked":["Deflect","Leg Sweep+1"],"picked":"Footwork","floor":35.0},{"not_picked":["Cloak And Dagger","Prepared+1"],"picked":"Reflex","floor":37.0},{"not_picked":["Leg Sweep+1","Deflect+1","Backflip+1"],"picked":"SKIP","floor":38.0},{"not_picked":["Backflip+1","Calculated Gamble"],"picked":"Choke+1","floor":39.0},{"not_picked":["Heel Hook+1","Accuracy+1"],"picked":"Finisher+1","floor":41.0},{"not_picked":["Distraction+1","Flying Knee+1"],"picked":"Prepared","floor":42.0},{"not_picked":["Dagger Throw+1","Underhanded Strike+1"],"picked":"Choke+1","floor":45},{"not_picked":["Catalyst","Riddle With Holes+1"],"picked":"Phantasmal Killer","floor":47},{"not_picked":["Bane+1","Prepared"],"picked":"Masterful Stab+1","floor":48},{"not_picked":["Deflect","Distraction"],"picked":"Adrenaline","floor":54}],"player_experience":244648,"relics_obtained":[{"floor":6.0,"key":"Boot"},{"floor":17.0,"key":"Vajra"},{"floor":17.0,"key":"Dodecahedron"},{"floor":17.0,"key":"Thread and Needle"},{"floor":20.0,"key":"Necronomicon"},{"floor":25.0,"key":"Orichalcum"},{"floor":26.0,"key":"Ancient Tea Set"},{"floor":28.0,"key":"Molten Egg 2"},{"floor":43.0,"key":"Anchor"},{"floor":47,"key":"Girya"},{"floor":54,"key":"FossilizedHelix"}],"event_choices":[{"cards_removed":["Defend_G"],"damage_healed":0.0,"max_hp_gain":0.0,"max_hp_loss":0.0,"gold_gain":0.0,"event_name":"Wheel of Change","player_choice":"Card Removal","floor":3.0,"gold_loss":0.0,"damage_taken":0.0},{"cards_removed":["Defend_G"],"damage_healed":0.0,"max_hp_gain":0.0,"max_hp_loss":0.0,"gold_gain":0.0,"event_name":"The Cleric","player_choice":"Card Removal","floor":8.0,"gold_loss":50.0,"damage_taken":0.0},{"damage_healed":0.0,"max_hp_gain":0.0,"max_hp_loss":0.0,"gold_gain":0.0,"event_name":"The Woman in Blue","player_choice":"Bought 1 Potion","floor":10.0,"gold_loss":0.0,"damage_taken":0.0},{"damage_healed":0.0,"max_hp_gain":0.0,"max_hp_loss":0.0,"gold_gain":0.0,"event_name":"Cursed Tome","player_choice":"Obtained Book","floor":20.0,"gold_loss":0.0,"damage_taken":16.0},{"damage_healed":0.0,"max_hp_gain":0.0,"max_hp_loss":0.0,"gold_gain":0.0,"event_name":"Addict","player_choice":"Stole Relic","floor":24.0,"gold_loss":0.0,"damage_taken":0.0,"relics_obtained":["Pantograph"],"cards_obtained":["Shame"]},{"damage_healed":0.0,"max_hp_gain":0.0,"max_hp_loss":0.0,"gold_gain":0.0,"event_name":"Upgrade Shrine","player_choice":"Upgraded","floor":29.0,"gold_loss":0.0,"damage_taken":0.0,"cards_upgraded":["Predator"]},{"damage_healed":0,"gold_gain":0,"player_choice":"Fight","damage_taken":0,"max_hp_gain":0,"max_hp_loss":0,"event_name":"Mysterious Sphere","floor":47,"gold_loss":0}],"is_beta":false,"boss_relics":[{"not_picked":["Orrery","Eternal Feather"],"picked":"Calling Bell"},{"not_picked":["Busted Crown","Snecko Eye"],"picked":"Runic Pyramid"}],"items_purged_floors":[4,30,36],"is_endless":false,"potions_floor_spawned":[2,14,16,18,22,28,33,35,39,45,48],"killed_by":"The Heart","ascension_level":0}