{"gold_per_floor":[117,130,8,8,8,8,40,40,87,87,113,136,158,190,202,312,324,354,190,190,190,190,202,202,215,215,215,225,237,266,12,12,111,111,126,36,36,48,48,61,87,100,100,117,137,137,148,158,158,158],"floor_reached":51,"playtime":5632,"items_purged":["Strike_B","Strike_B"],"score":755,"play_id":"6d849233-6584-4c66-8609-e5d811b0784c","local_time":"20190324232834","is_ascension_mode":true,"campfire_choices":[{"data":"Chaos","floor":6.0,"key":"SMITH"},{"data":"Coolheaded","floor":8.0,"key":"SMITH"},{"data":"Conserve Battery","floor":10.0,"key":"SMITH"},{"data":"Go for the Eyes","floor":15.0,"key":"SMITH"},{"data":"Biased Cognition","floor":24.0,"key":"SMITH"},{"data":"Dualcast","floor":27.0,"key":"SMITH"},{"data":"Zap","floor":32.0,"key":"SMITH"},{"floor":49,"key":"REST"}],"neow_cost":"NONE","seed_source_timestamp":0,"circlet_count":0,"master_deck":["Defend_B+1","Zap+1","Dualcast+1","Chaos+1","Ball Lightning+1","Conserve Battery+1","Coolheaded+1","Go for the Eyes+1","Cold Snap+1","Biased Cognition+1","Chill+1","Hologram+1","Ball Lightning+1","FTL+1","Conserve Battery+1","Core Surge+1","Skim+1","Defragment+1","Blizzard+1","Glacier+1","Skim"],"special_seed":0,"relics":["Cracked Core","Orichalcum","Strawberry","MawBank","Astrolabe","Bronze Scales","Darkstone Periapt","Sundial","Pocketwatch","Bottled Tornado","Snecko Eye","Mark of the Bloom","Bottled Lightning","Question Card"],"potions_floor_usage":[45,48,50,50,50],"damage_taken":[{"damage":2.0,"enemies":"Jaw Worm","floor":1.0,"turns":3.0},{"damage":0.0,"enemies":"Small Slimes","floor":2.0,"turns":3.0},{"damage":10.0,"enemies":"3 Sentries","floor":7.0,"turns":6.0},{"damage":16.0,"enemies":"Lagavulin","floor":11.0,"turns":6.0},{"damage":0.0,"enemies":"Cultist","floor":12.0,"turns":3.0},{"damage":14.0,"enemies":"3 Louse","floor":13.0,"turns":3.0},{"damage":0.0,"enemies":"Blue Slaver","floor":14.0,"turns":3.0},{"damage":23.0,"enemies":"The Guardian","floor":16.0,"turns":14.0},{"damage":5.0,"enemies":"2 Thieves","floor":18.0,"turns":3.0},{"damage":0.0,"enemies":"Shell Parasite","floor":23.0,"turns":4.0},{"damage":0.0,"enemies":"Cultist and Chosen","floor":25.0,"turns":4.0},{"damage":0.0,"enemies":"3 Cultists","floor":28.0,"turns":4.0},{"damage":0.0,"enemies":"Snake Plant","floor":29.0,"turns":3.0},{"damage":0.0,"enemies":"Gremlin Leader","floor":30.0,"turns":6.0},{"damage":18,"enemies":"Champ","floor":33,"turns":15},{"damage":0,"enemies":"Orb Walker","floor":35,"turns":4},{"damage":0,"enemies":"3 Shapes","floor":38,"turns":3},{"damage":5,"enemies":"Jaw Worm Horde","floor":40,"turns":3},{"damage":22,"enemies":"Reptomancer","floor":41,"turns":7},{"damage":0,"enemies":"3 Darklings","floor":42,"turns":5},{"damage":15,"enemies":"Writhing Mass","floor":44,"turns":5},{"damage":12,"enemies":"Maw","floor":45,"turns":6},{"damage":0,"enemies":"4 Shapes","floor":47,"turns":5},{"damage":8,"enemies":"3 Darklings","floor":48,"turns":5},{"damage":22,"enemies":"Time Eater","floor":50,"turns":11}],"seed_played":"963611321987998459","potions_obtained":[{"floor":1.0,"key":"Swift Potion"},{"floor":2.0,"key":"SpeedPotion"},{"floor":5.0,"key":"EssenceOfSteel"},{"floor":5.0,"key":"SneckoOil"},{"floor":45,"key":"Strength Potion"},{"floor":48,"key":"Regen Potion"}],"is_trial":false,"path_per_floor":["M","M","$","?","?","R","E","R","T","R","E","M","M","M","R","B",null,"M","$","?","?","T","M","R","M","T","R","M","M","E","$","R","B",null,"M","?","$","M","?","M","E","M","T","M","M","$","M","M","R","B",null],"character_chosen":"DEFECT","items_purchased":["Conserve Battery","FTL","Bottled Tornado"],"campfire_rested":1,"item_purchase_floors":[3,19,31],"current_hp_per_floor":[80,80,80,80,80,80,70,70,77,77,61,61,47,47,47,24,89,84,84,84,84,84,84,84,84,84,84,84,84,84,84,84,66,89,89,89,89,89,89,84,62,62,62,47,35,35,35,27,27,5],"gold":158,"neow_bonus":"TEN_PERCENT_HP_BONUS","is_prod":false,"is_daily":false,"chose_seed":false,"campfire_upgraded":7,"win_rate":0,"timestamp":1553488114,"path_taken":["M","M","$","?","?","R","E","R","T","R","E","M","M","M","R","BOSS","M","$","?","?","?","M","R","M","T","R","M","?","E","$","R","BOSS","M","?","$","?","?","M","E","M","T","M","M","$","M","M","R","BOSS"],"build_version":"2019-01-23","purchased_purges":2,"victory":true,"max_hp_per_floor":[82,82,82,82,82,82,82,82,89,89,89,89,89,89,89,89,89,89,89,89,89,89,89,89,89,89,89,89,89,89,89,89,89,89,89,89,89,89,89,89,89,89,89,89,89,89,89,89,89,89],"card_choices":[{"not_picked":["Barrage","Steam"],"picked":"Chaos","floor":1.0},{"not_picked":["Sweeping Beam","Go for the Eyes"],"picked":"Ball Lightning","floor":2.0},{"not_picked":["Aggregate","Lockon"],"picked":"Coolheaded","floor":7.0},{"not_picked":["Storm","Force Field"],"picked":"Go for the Eyes","floor":11.0},{"not_picked":["Conserve Battery","Leap"],"picked":"Cold Snap","floor":12.0},{"not_picked":["Reboot","Ball Lightning","Doom and Gloom"],"picked":"SKIP","floor":13.0},{"not_picked":["Force Field","Self Repair","Heatsinks"],"picked":"SKIP","floor":14.0},{"not_picked":["Multi-Cast","Fission"],"picked":"Biased Cognition","floor":16.0},{"not_picked":["Compile Driver","Redo","Chaos"],"picked":"SKIP","floor":18.0},{"not_picked":["Sweeping Beam","Streamline"],"picked":"Conserve Battery+1","floor":23.0},{"not_picked":["Rebound","Doom and Gloom","Reboot"],"picked":"SKIP","floor":25.0},{"not_picked":["Streamline","Rip and Tear","Leap"],"picked":"SKIP","floor":28.0},{"not_picked":["Chill","Leap","Beam Cell"],"picked":"SKIP","floor":29.0},{"not_picked":["Sweeping Beam","Streamline+1","Beam Cell"],"picked":"SKIP","floor":30.0},{"not_picked":["Amplify","Meteor Strike"],"picked":"Core Surge","floor":33},{"not_picked":["Stack+1","Compile Driver","Rebound+1"],"picked":"SKIP","floor":35},{"not_picked":["Go for the Eyes","Reprogram"],"picked":"Skim+1","floor":38},{"not_picked":["Loop+1","Rebound+1"],"picked":"Defragment+1","floor":40},{"not_picked":["Steam Power+1","Turbo","Hello World"],"picked":"SKIP","floor":41},{"not_picked":["Go for the Eyes","Tempest"],"picked":"Blizzard+1","floor":42},{"not_picked":["Beam Cell","Barrage","Conserve Battery","Force Field"],"picked":"SKIP","floor":44},{"not_picked":["Hyperbeam","Streamline","Undo+1"],"picked":"Glacier+1","floor":45},{"not_picked":["Fusion+1","Defragment","Static Discharge+1"],"picked":"Skim","floor":47},{"not_picked":["Leap","Self Repair","Beam Cell","Stack"],"picked":"SKIP","floor":48}],"player_experience":68242,"relics_obtained":[{"floor":7.0,"key":"Orichalcum"},{"floor":9.0,"key":"Strawberry"},{"floor":11.0,"key":"MawBank"},{"floor":22.0,"key":"Darkstone Periapt"},{"floor":26.0,"key":"Sundial"},{"floor":30.0,"key":"Pocketwatch"},{"floor":41,"key":"Bottled Lightning"},{"floor":43,"key":"Question Card"}],"event_choices":[{"cards_removed":["Defend_B"],"damage_healed":0.0,"max_hp_gain":0.0,"max_hp_loss":0.0,"gold_gain":0.0,"event_name":"Living Wall","player_choice":"Forget","floor":4.0,"gold_loss":0.0,"damage_taken":0.0},{"damage_healed":0.0,"max_hp_gain":0.0,"max_hp_loss":0.0,"gold_gain":0.0,"event_name":"Lab","player_choice":"Got Potions","floor":5.0,"gold_loss":0.0,"damage_taken":0.0},{"damage_healed":0.0,"max_hp_gain":0.0,"max_hp_loss":0.0,"gold_gain":0.0,"event_name":"Ghosts","player_choice":"Ignored","floor":20.0,"gold_loss":0.0,"damage_taken":0.0},{"damage_healed":0.0,"max_hp_gain":0.0,"max_hp_loss":0.0,"gold_gain":0.0,"event_name":"The Mausoleum","player_choice":"Opened","floor":21.0,"gold_loss":0.0,"damage_taken":0.0,"relics_obtained":["Bronze Scales"]},{"cards_removed":["Defend_B"],"damage_healed":0,"gold_gain":0,"player_choice":"Upgrade and Remove","damage_taken":0,"max_hp_gain":0,"max_hp_loss":0,"event_name":"Designer","floor":36,"gold_loss":90,"cards_upgraded":["Core Surge"]},{"damage_healed":0,"gold_gain":0,"player_choice":"Upgrade","damage_taken":0,"relics_obtained":["Mark of the Bloom"],"max_hp_gain":0,"max_hp_loss":0,"event_name":"MindBloom","floor":39,"gold_loss":0,"cards_upgraded":["Defend_B","Ball Lightning","Cold Snap","FTL"]}],"is_beta":false,"boss_relics":[{"not_picked":["Ectoplasm","Fusion Hammer"],"picked":"Astrolabe"},{"not_picked":["Black Star","Lizard Tail"],"picked":"Snecko Eye"}],"items_purged_floors":[3,19],"is_endless":false,"potions_floor_spawned":[1,2,13,14,18,30,35,38,44,45,48],"ascension_level":2}