{"path_per_floor":["M","M","M","M","M","E","R","E","T","R","M","$","M","$","R","B",null,"M","?","?","M"],"character_chosen":"THE_SILENT","items_purchased":["Letter Opener"],"gold_per_floor":[216,229,246,201,212,243,243,278,278,278,288,37,48,48,48,143,143,158,158,158,177,177],"floor_reached":22,"campfire_rested":3,"playtime":850,"current_hp_per_floor":[70,66,63,59,51,30,51,7,7,28,28,28,26,26,47,40,70,15,15,38,18,0],"items_purged":[],"gold":177,"score":206,"play_id":"95a8d397-57c9-4a44-9dad-344841d95bf8","local_time":"20180331231328","is_prod":false,"is_daily":false,"is_ascension_mode":true,"campfire_upgraded":0,"timestamp":1522530808,"path_taken":["M","M","?","M","M","E","R","E","T","R","M","$","M","?","R","BOSS","M","?","?","?","M"],"build_version":"2018-03-29v2","purchased_purges":0,"victory":false,"master_deck":["Defend_G","Defend_G","Defend_G","Defend_G","Defend_G","Strike_G","Strike_G","Strike_G","Strike_G","Strike_G","Survivor","Neutralize","Quick Slash","Setup","Quick Slash","Deadly Poison","All Out Attack","Backflip","Footwork","Catalyst","Venomology","Well Laid Plans+1","Catalyst"],"max_hp_per_floor":[70,70,70,70,70,70,70,70,70,70,70,70,70,70,70,70,70,70,70,70,70,70],"relics":["Ring of the Snake","Pantograph","Ice Cream","Peace Pipe","Letter Opener","The Specimen"],"card_choices":[{"not_picked":["Underhanded Strike","Dagger Throw"],"picked":"Quick Slash","floor":1},{"not_picked":["PiercingWail","Underhanded Strike"],"picked":"Setup","floor":2},{"not_picked":["Acrobatics","Dagger Spray"],"picked":"Quick Slash","floor":3},{"not_picked":["Dodge and Roll","Cloak And Dagger"],"picked":"Deadly Poison","floor":4},{"not_picked":["Underhanded Strike","PiercingWail"],"picked":"All Out Attack","floor":5},{"not_picked":["Burst","Prepared"],"picked":"Backflip","floor":8},{"not_picked":["Poisoned Stab","Slice"],"picked":"Footwork","floor":11},{"not_picked":["Cloak And Dagger","PiercingWail"],"picked":"Catalyst","floor":13},{"not_picked":["Bullet Time","Glass Knife"],"picked":"Venomology","floor":16},{"not_picked":["Cloak And Dagger","Distraction"],"picked":"Well Laid Plans","floor":18},{"not_picked":["Slice","Prepared"],"picked":"Catalyst","floor":21}],"player_experience":71897,"potions_floor_usage":[16,16,21,22,22,22],"damage_taken":[{"damage":0,"enemies":"Cultist","floor":1,"turns":5},{"damage":4,"enemies":"2 Louse","floor":2,"turns":3},{"damage":3,"enemies":"Small Slimes","floor":3,"turns":3},{"damage":4,"enemies":"Looter","floor":4,"turns":5},{"damage":8,"enemies":"2 Fungi Beasts","floor":5,"turns":3},{"damage":21,"enemies":"Gremlin Nob","floor":6,"turns":5},{"damage":44,"enemies":"Lagavulin","floor":8,"turns":6},{"damage":0,"enemies":"Red Slaver","floor":11,"turns":4},{"damage":2,"enemies":"Looter","floor":13,"turns":4},{"damage":30,"enemies":"Slime Boss","floor":16,"turns":14},{"damage":55,"enemies":"3 Byrds","floor":18,"turns":8},{"damage":20,"enemies":"Shell Parasite","floor":21,"turns":7},{"damage":20,"enemies":"Snake Plant","floor":22,"turns":5}],"event_choices":[{"event_name":"Ghosts","player_choice":"Ignored","floor":19,"damage_taken":0},{"event_name":"The Library","player_choice":"Heal","floor":20,"damage_taken":0}],"boss_relics":[{"not_picked":["Orrery","Cursed Key"],"picked":"The Specimen"}],"potions_floor_spawned":[6,8,11,16],"seed_played":"-3901466515340021306","killed_by":"Snake Plant","ascension_level":1,"is_trial":false}