{"gold_per_floor":[114,129,174,97,97,97,112,64,114,64,79,94,94,109,109,209,209,224,11,11,11,26,26,41,41,91,106,121,136,136,151,151,251,251,266,266,142,157,172,202,202,217,217,13,13,13,28,28,28,28],"floor_reached":51,"playtime":3805,"items_purged":[],"score":698,"play_id":"3f6ab5f9-b82c-4201-9bff-a4b2b676f5d0","local_time":"20190413103025","daily_mods":["Allstar","Vintage","Lethality"],"is_ascension_mode":false,"campfire_choices":[{"data":"Thinking Ahead","floor":6.0,"key":"SMITH"},{"data":"Backflip","floor":13.0,"key":"SMITH"},{"data":"Backflip","floor":15.0,"key":"SMITH"},{"data":"Chrysalis","floor":23,"key":"SMITH"},{"floor":32,"key":"REST"},{"data":"Neutralize","floor":41,"key":"SMITH"},{"data":"Footwork","floor":46,"key":"SMITH"},{"floor":49,"key":"REST"}],"neow_cost":"","seed_source_timestamp":0,"circlet_count":0,"master_deck":["Defend_G+1","Defend_G+1","Defend_G+1","Defend_G+1","Defend_G+1","Strike_G+1","Strike_G+1","Strike_G+1","Survivor+1","Neutralize+1","Thinking Ahead+1","Blind+1","Bandage Up+1","Dark Shackles+1","Infinite Blades+1","Backflip+1","Backflip+1","After Image+1","Cloak And Dagger+1","Chrysalis+1","Chrysalis+1","Caltrops+1","Slice+1","Flechettes+1","Accuracy+1","Sucker Punch+1","Footwork+1","Sucker Punch+1"],"special_seed":17999,"relics":["Ring of the Snake","Pen Nib","Happy Flower","Tiny Chest","Singing Bowl","Orichalcum","Paper Crane","Strawberry","Molten Egg 2","Busted Crown","Bottled Tornado","Pear","Snake Skull","Anchor","Centennial Puzzle","Potion Belt","Letter Opener","Bottled Flame","WristBlade","Dream Catcher","Gremlin Horn","Bronze Scales","Bottled Lightning","Oddly Smooth Stone","Mercury Hourglass","War Paint","Mark of the Bloom"],"potions_floor_usage":[18,22,40,40,50,50,50,50],"damage_taken":[{"damage":5.0,"enemies":"Small Slimes","floor":1.0,"turns":6.0},{"damage":1.0,"enemies":"Cultist","floor":2.0,"turns":4.0},{"damage":0.0,"enemies":"2 Louse","floor":3.0,"turns":2.0},{"damage":2.0,"enemies":"Large Slime","floor":7.0,"turns":4.0},{"damage":0.0,"enemies":"Looter","floor":11.0,"turns":3.0},{"damage":0.0,"enemies":"3 Louse","floor":12.0,"turns":1.0},{"damage":0.0,"enemies":"Exordium Wildlife","floor":14.0,"turns":3.0},{"damage":22.0,"enemies":"Slime Boss","floor":16.0,"turns":15.0},{"damage":12,"enemies":"3 Byrds","floor":18,"turns":3},{"damage":0,"enemies":"2 Thieves","floor":22,"turns":4},{"damage":14,"enemies":"Snake Plant","floor":24,"turns":7},{"damage":4,"enemies":"Shelled Parasite and Fungi","floor":27,"turns":5},{"damage":0,"enemies":"Centurion and Healer","floor":28,"turns":6},{"damage":6,"enemies":"Snake Plant","floor":29,"turns":4},{"damage":12,"enemies":"Cultist and Chosen","floor":31,"turns":7},{"damage":36,"enemies":"Automaton","floor":33,"turns":8},{"damage":0,"enemies":"Orb Walker","floor":35,"turns":4},{"damage":8,"enemies":"3 Darklings","floor":38,"turns":5},{"damage":0,"enemies":"Maw","floor":39,"turns":8},{"damage":9,"enemies":"Giant Head","floor":40,"turns":6},{"damage":1,"enemies":"Jaw Worm Horde","floor":42,"turns":4},{"damage":0,"enemies":"4 Shapes","floor":47,"turns":5},{"damage":48,"enemies":"Donu and Deca","floor":50,"turns":7}],"seed_played":"-5670151409989047964","potions_obtained":[{"floor":2.0,"key":"Explosive Potion"},{"floor":5.0,"key":"LiquidBronze"},{"floor":5.0,"key":"Weak Potion"},{"floor":7.0,"key":"GhostInAJar"},{"floor":18,"key":"Energy Potion"},{"floor":22,"key":"Explosive Potion"},{"floor":27,"key":"SteroidPotion"},{"floor":35,"key":"Weak Potion"},{"floor":40,"key":"Weak Potion"},{"floor":42,"key":"LiquidBronze"}],"is_trial":false,"path_per_floor":["M","M","M","$","?","R","M","$","T","$","M","M","R","M","R","B",null,"M","$","?","$","M","R","M","?","T","M","M","M","?","M","R","B",null,"M","?","$","M","M","E","R","M","T","$","?","R","M","?","R","B",null],"character_chosen":"THE_SILENT","items_purchased":["Infinite Blades","Backflip","Backflip","Cloak And Dagger","Chrysalis","Slice+1","Flechettes+1","Sucker Punch+1","Footwork","Strength Potion","SteroidPotion"],"campfire_rested":2,"item_purchase_floors":[4,8,10,19,19,37,37,44,44,44,44],"current_hp_per_floor":[69,69,69,69,69,69,67,67,67,67,70,77,77,77,77,59,77,65,65,65,65,79,79,69,69,69,69,73,71,71,63,87,57,89,89,85,85,81,85,76,76,79,79,79,79,79,83,83,83,35],"gold":28,"neow_bonus":"","is_prod":false,"is_daily":true,"chose_seed":false,"campfire_upgraded":6,"win_rate":0,"timestamp":1555144225,"path_taken":["M","M","M","$","?","R","M","?","T","$","M","M","R","M","R","BOSS","M","$","?","$","M","R","M","?","T","M","M","M","?","M","R","BOSS","M","?","$","M","M","E","R","M","T","$","?","R","M","?","R","BOSS"],"build_version":"2019-01-23","purchased_purges":0,"victory":true,"max_hp_per_floor":[70,70,70,70,70,70,70,70,70,70,70,77,77,77,77,77,77,77,77,77,77,87,87,87,87,87,87,87,87,87,87,87,89,89,89,85,85,85,85,85,85,85,85,85,85,85,85,85,85,85],"card_choices":[{"not_picked":["Wraith Form v2","Phantasmal Killer"],"picked":"After Image","floor":16.0},{"not_picked":["Doppelganger"],"picked":"Singing Bowl","floor":33},{"not_picked":[],"picked":"Accuracy+1","floor":40},{"not_picked":[],"picked":"Sucker Punch+1","floor":49}],"player_experience":650615,"relics_obtained":[{"floor":1.0,"key":"Pen Nib"},{"floor":2.0,"key":"Happy Flower"},{"floor":3.0,"key":"Tiny Chest"},{"floor":7.0,"key":"Singing Bowl"},{"floor":9.0,"key":"Orichalcum"},{"floor":11.0,"key":"Paper Crane"},{"floor":12.0,"key":"Strawberry"},{"floor":14.0,"key":"Molten Egg 2"},{"floor":18,"key":"Bottled Tornado"},{"floor":22,"key":"Pear"},{"floor":24,"key":"Snake Skull"},{"floor":26,"key":"Anchor"},{"floor":27,"key":"Centennial Puzzle"},{"floor":28,"key":"Potion Belt"},{"floor":29,"key":"Letter Opener"},{"floor":31,"key":"Bottled Flame"},{"floor":35,"key":"Dream Catcher"},{"floor":38,"key":"Gremlin Horn"},{"floor":39,"key":"Bronze Scales"},{"floor":40,"key":"Bottled Lightning"},{"floor":42,"key":"Oddly Smooth Stone"},{"floor":43,"key":"Mercury Hourglass"},{"floor":47,"key":"War Paint"}],"event_choices":[{"damage_healed":0.0,"max_hp_gain":0.0,"max_hp_loss":0.0,"gold_gain":0.0,"event_name":"Lab","player_choice":"Got Potions","floor":5.0,"gold_loss":0.0,"damage_taken":0.0},{"damage_healed":0,"gold_gain":0,"player_choice":"Ignored","damage_taken":0,"max_hp_gain":0,"max_hp_loss":0,"event_name":"Beggar","floor":20,"gold_loss":0},{"damage_healed":0,"gold_gain":0,"player_choice":"Simplicity","damage_taken":0,"max_hp_gain":0,"max_hp_loss":0,"event_name":"Back to Basics","floor":25,"gold_loss":0,"cards_upgraded":["Defend_G","Defend_G","Defend_G","Defend_G","Defend_G","Strike_G","Strike_G","Strike_G","Strike_G","Strike_G"]},{"damage_healed":0,"gold_gain":0,"cards_transformed":["Purity","Strike_G"],"player_choice":"Became Test Subject","damage_taken":0,"max_hp_gain":0,"max_hp_loss":0,"event_name":"Drug Dealer","floor":30,"gold_loss":0,"cards_obtained":["Chrysalis","Caltrops"]},{"damage_healed":0,"gold_gain":0,"player_choice":"Max HP","damage_taken":0,"max_hp_gain":0,"max_hp_loss":4,"event_name":"Winding Halls","floor":36,"gold_loss":0},{"cards_removed":["Strike_G"],"damage_healed":0,"gold_gain":0,"player_choice":"Removed Attack","damage_taken":0,"max_hp_gain":0,"max_hp_loss":0,"event_name":"Falling","floor":45,"gold_loss":0},{"damage_healed":0,"gold_gain":0,"player_choice":"Upgrade","damage_taken":0,"relics_obtained":["Mark of the Bloom"],"max_hp_gain":0,"max_hp_loss":0,"event_name":"MindBloom","floor":48,"gold_loss":0,"cards_upgraded":["Blind","Bandage Up","Infinite Blades","After Image","Cloak And Dagger","Chrysalis","Caltrops"]}],"is_beta":false,"boss_relics":[{"not_picked":["White Beast Statue","Fusion Hammer"],"picked":"Busted Crown"},{"not_picked":["Lizard Tail","Pandora\u0027s Box"],"picked":"WristBlade"}],"items_purged_floors":[],"is_endless":false,"potions_floor_spawned":[2,7,18,22,27,35,40,42],"ascension_level":0}