{"gold_per_floor":[115,128,146,44,44,44,77,91,91,102,102,122,122,122,122,223,223,206,223,223],"floor_reached":20,"playtime":2246,"items_purged":[],"score":194,"play_id":"624399ab-c1f0-4a4d-8561-6e7b3b8f7204","local_time":"20190410225859","is_ascension_mode":true,"campfire_choices":[{"data":"Redo","floor":6,"key":"SMITH"},{"floor":11,"key":"REST"},{"floor":15,"key":"REST"}],"neow_cost":"NONE","seed_source_timestamp":527386271425184,"circlet_count":0,"master_deck":["Strike_B","Strike_B","Strike_B","Defend_B","Defend_B","Defend_B","Defend_B","Zap","Dualcast","Buffer","Gash","Gash","Hologram","Coolheaded","Redo+1","Coolheaded","Conserve Battery","White Noise","Hologram","All For One","Genetic Algorithm"],"relics":["FrozenCore","Kunai","Pantograph","Frozen Egg 2"],"potions_floor_usage":[],"damage_taken":[{"damage":2,"enemies":"2 Louse","floor":1,"turns":3},{"damage":6,"enemies":"Jaw Worm","floor":2,"turns":4},{"damage":0,"enemies":"Small Slimes","floor":3,"turns":3},{"damage":16,"enemies":"Gremlin Nob","floor":7,"turns":5},{"damage":9,"enemies":"Exordium Wildlife","floor":8,"turns":5},{"damage":0,"enemies":"Blue Slaver","floor":10,"turns":4},{"damage":10,"enemies":"Gremlin Gang","floor":12,"turns":5},{"damage":51,"enemies":"Slime Boss","floor":16,"turns":16},{"damage":21,"enemies":"2 Thieves","floor":18,"turns":5},{"damage":1,"enemies":"Spheric Guardian","floor":19,"turns":6},{"damage":54,"enemies":"Chosen and Byrds","floor":20,"turns":6}],"seed_played":"-565450115496386551","potions_obtained":[{"floor":2,"key":"LiquidBronze"},{"floor":8,"key":"FearPotion"},{"floor":10,"key":"Dexterity Potion"},{"floor":19,"key":"EssenceOfSteel"}],"is_trial":false,"path_per_floor":["M","M","M","$","?","R","E","M","T","M","R","M","T","?","R","B",null,"M","M","M"],"character_chosen":"DEFECT","items_purchased":["Coolheaded","Redo"],"campfire_rested":2,"item_purchase_floors":[4,4],"current_hp_per_floor":[73,67,67,67,60,60,44,35,35,35,57,47,47,47,69,24,75,54,53,0],"gold":223,"neow_bonus":"ONE_RANDOM_RARE_CARD","is_prod":false,"is_daily":false,"chose_seed":false,"campfire_upgraded":1,"win_rate":0,"timestamp":1554951539,"path_taken":["M","M","M","$","?","R","E","M","T","M","R","M","?","?","R","BOSS","M","M","M"],"build_version":"2019-01-23","purchased_purges":0,"victory":false,"max_hp_per_floor":[75,75,75,75,75,75,75,75,75,75,75,75,75,75,75,75,75,75,75,75],"card_choices":[{"not_picked":["Stack","Hologram"],"picked":"Gash","floor":1},{"not_picked":["Loop","Conserve Battery"],"picked":"Gash","floor":2},{"not_picked":["Turbo","Sweeping Beam"],"picked":"Hologram","floor":3},{"not_picked":["Meteor Strike","Sweeping Beam"],"picked":"Coolheaded","floor":7},{"not_picked":["Skim","Turbo"],"picked":"Conserve Battery","floor":8},{"not_picked":["Skim","Rip and Tear"],"picked":"White Noise","floor":10},{"not_picked":["Darkness","Steam Power"],"picked":"Hologram","floor":12},{"not_picked":["Hyperbeam","Biased Cognition+1"],"picked":"All For One","floor":16},{"not_picked":["Turbo","Rebound","Barrage"],"picked":"SKIP","floor":18},{"not_picked":["Steam","Compile Driver"],"picked":"Genetic Algorithm","floor":19}],"player_experience":119649,"relics_obtained":[{"floor":7,"key":"Kunai"},{"floor":9,"key":"Pantograph"},{"floor":13,"key":"Frozen Egg 2"}],"event_choices":[{"cards_removed":["Strike_B"],"damage_healed":0,"gold_gain":0,"player_choice":"Card Removal","damage_taken":7,"max_hp_gain":0,"max_hp_loss":0,"event_name":"Golden Wing","floor":5,"gold_loss":0},{"damage_healed":0,"gold_gain":0,"player_choice":"Ignored","damage_taken":0,"max_hp_gain":0,"max_hp_loss":0,"event_name":"Liars Game","floor":14,"gold_loss":0}],"is_beta":false,"boss_relics":[{"not_picked":["Eternal Feather","Orrery"],"picked":"FrozenCore"}],"items_purged_floors":[],"is_endless":false,"potions_floor_spawned":[2,8,10,19],"killed_by":"Chosen and Byrds","ascension_level":2}