{"gold_per_floor":[117,117,132,132,12,46,46,58,58,58,158,172,189,208,208,307,307,321,236,7,7,18,18,38,38,112,112,129,129,129,143,143,238,238,254,8,25,45,45,45,45],"floor_reached":41,"playtime":1921,"items_purged":["Strike_R","Strike_R"],"score":418,"play_id":"2d99eb83-031e-45f1-b3e7-47ea7422fbeb","local_time":"20180709042322","is_ascension_mode":false,"campfire_choices":[{"data":"Shrug It Off","floor":7,"key":"SMITH"},{"data":"Spot Weakness","floor":10,"key":"SMITH"},{"data":"Flex","floor":15,"key":"SMITH"},{"data":"Heavy Blade","floor":23,"key":"SMITH"},{"data":"Demon Form","floor":25,"key":"SMITH"},{"floor":30,"key":"REST"},{"floor":32,"key":"REST"},{"floor":40,"key":"REST"}],"neow_cost":"NONE","seed_source_timestamp":616532270393399,"circlet_count":0,"master_deck":["Defend_R","Defend_R","Defend_R","Bash","Reaper+1","Clash","Sword Boomerang","Shrug It Off+1","Shrug It Off","Spot Weakness+1","Flex+1","Infernal Blade","Warcry","Demon Form+1","Armaments+1","Fire Breathing","Pommel Strike","Flame Barrier","Heavy Blade+1","Heavy Blade","Armaments","Wild Strike","Rage","Double Tap","Entrench","Armaments+1","Power Through+1"],"relics":["Burning Blood","Champion Belt","Incense Burner","Empty Cage","Blood Vial","Matryoshka","Charon\u0027s Ashes","Snecko Eye","Bottled Flame"],"potions_floor_usage":[16,16,16,28,28,33,38,41],"damage_taken":[{"damage":2,"enemies":"2 Louse","floor":1,"turns":3},{"damage":6,"enemies":"Cultist","floor":3,"turns":3},{"damage":52,"enemies":"Gremlin Nob","floor":6,"turns":6},{"damage":0,"enemies":"Small Slimes","floor":8,"turns":3},{"damage":30,"enemies":"Gremlin Gang","floor":12,"turns":5},{"damage":4,"enemies":"Exordium Thugs","floor":13,"turns":6},{"damage":10,"enemies":"Looter","floor":14,"turns":3},{"damage":46,"enemies":"Hexaghost","floor":16,"turns":10},{"damage":39,"enemies":"Spheric Guardian","floor":18,"turns":6},{"damage":9,"enemies":"Shell Parasite","floor":22,"turns":9},{"damage":16,"enemies":"Snake Plant","floor":24,"turns":5},{"damage":42,"enemies":"3 Cultists","floor":28,"turns":6},{"damage":25,"enemies":"Chosen and Byrds","floor":31,"turns":8},{"damage":40,"enemies":"Champ","floor":33,"turns":9},{"damage":46,"enemies":"3 Darklings","floor":35,"turns":5},{"damage":55,"enemies":"3 Shapes","floor":37,"turns":6},{"damage":18,"enemies":"Sphere and 2 Shapes","floor":38,"turns":6},{"damage":37,"enemies":"2 Orb Walkers","floor":41,"turns":4}],"seed_played":"-8439335007426176446","potions_obtained":[{"floor":1,"key":"Block Potion"},{"floor":2,"key":"AttackPotion"},{"floor":2,"key":"Strength Potion"},{"floor":2,"key":"Dexterity Potion"},{"floor":6,"key":"Poison Potion"},{"floor":18,"key":"LiquidBronze"},{"floor":24,"key":"Poison Potion"},{"floor":31,"key":"Regen Potion"},{"floor":35,"key":"Ancient Potion"},{"floor":38,"key":"SpeedPotion"}],"is_trial":false,"path_per_floor":["M","?","M","?","$","E","R","M","T","R","?","M","M","M","R","B",null,"M","?","$","?","M","R","M","R","T","?","M","?","R","M","R","B",null,"M","$","M","M","?","R"],"character_chosen":"IRONCLAD","items_purchased":["Shrug It Off","Fire Breathing","Pommel Strike","Bottled Flame"],"campfire_rested":3,"item_purchase_floors":[5,20,20,36],"current_hp_per_floor":[80,80,80,80,80,39,39,47,47,47,47,56,61,66,66,41,80,47,47,47,47,46,46,49,49,49,49,30,30,54,37,61,44,80,40,40,8,8,8,32,0],"gold":45,"neow_bonus":"TRANSFORM_CARD","is_prod":false,"is_daily":false,"chose_seed":false,"campfire_upgraded":5,"win_rate":0,"timestamp":1531131802,"path_taken":["M","?","M","?","$","E","R","M","T","R","?","M","M","M","R","BOSS","M","?","$","?","M","R","M","R","T","?","?","?","R","M","R","BOSS","M","$","M","M","?","R","E"],"build_version":"2018-07-05","purchased_purges":2,"victory":false,"max_hp_per_floor":[80,80,80,80,80,80,80,80,80,80,80,80,80,80,80,80,80,80,80,80,80,80,80,80,80,80,80,80,80,80,80,80,80,80,80,80,80,80,80,80,80],"card_choices":[{"not_picked":["Sever Soul","Havoc"],"picked":"Clash","floor":1},{"not_picked":["Burning Pact","Uppercut"],"picked":"Sword Boomerang","floor":3},{"not_picked":["Uppercut","Perfected Strike"],"picked":"Shrug It Off","floor":6},{"not_picked":["Dropkick","Searing Blow"],"picked":"Spot Weakness","floor":8},{"not_picked":["Evolve","Disarm"],"picked":"Flex","floor":12},{"not_picked":["Perfected Strike","Sentinel"],"picked":"Infernal Blade","floor":13},{"not_picked":["Rampage","Pommel Strike"],"picked":"Warcry","floor":14},{"not_picked":["Brutality","Berserk"],"picked":"Demon Form","floor":16},{"not_picked":["Uppercut","Shockwave"],"picked":"Armaments+1","floor":18},{"not_picked":["Iron Wave","Evolve"],"picked":"Heavy Blade","floor":22},{"not_picked":["Hemokinesis","Shrug It Off"],"picked":"Heavy Blade","floor":24},{"not_picked":["Cleave","Sword Boomerang"],"picked":"Armaments","floor":28},{"not_picked":["Twin Strike","Cleave"],"picked":"Rage","floor":31},{"not_picked":["Brutality","Exhume"],"picked":"Double Tap","floor":33},{"not_picked":["Clash+1","Spot Weakness"],"picked":"Entrench","floor":35},{"not_picked":["Sword Boomerang","Perfected Strike"],"picked":"Armaments+1","floor":37},{"not_picked":["Armaments","Sword Boomerang+1"],"picked":"Power Through+1","floor":38}],"player_experience":79626,"relics_obtained":[{"floor":6,"key":"Champion Belt"},{"floor":9,"key":"Incense Burner"},{"floor":26,"key":"Matryoshka"}],"event_choices":[{"event_name":"The Lab","player_choice":"Got Potions","floor":2,"damage_taken":0},{"event_name":"Upgrade Shrine","player_choice":"Upgraded","floor":4,"damage_taken":0},{"event_name":"Wheel of Change","player_choice":"Gold","floor":11,"damage_taken":0},{"event_name":"Addict","player_choice":"Obtained Relic","floor":19,"damage_taken":0},{"event_name":"The Library","player_choice":"Read","floor":21,"damage_taken":0},{"event_name":"The Mausoleum","player_choice":"Yes","floor":27,"damage_taken":0},{"event_name":"Transmorgrifier","player_choice":"Transform","floor":29,"damage_taken":0},{"event_name":"Mysterious Sphere","player_choice":"Ignore","floor":39,"damage_taken":0}],"boss_relics":[{"not_picked":["Runic Dome","Ectoplasm"],"picked":"Empty Cage"},{"not_picked":["Calling Bell","Lizard Tail"],"picked":"Snecko Eye"}],"items_purged_floors":[5,20],"is_endless":false,"potions_floor_spawned":[1,6,13,18,24,31,35,38],"killed_by":"2 Orb Walkers","ascension_level":0}