{"path_per_floor":["M","$","M","?","$","E","T","R","T","M","M","E","R","M","R","B",null,"M","M","?","$","M","R","E","M","T","R","M","$","?","M","R","B",null,"M","$","M","M","M"],"character_chosen":"DEFECT","items_purchased":["Gash","Cables","Go for the Eyes","Capacitor","Blind+1","Defragment"],"gold_per_floor":[117,42,54,54,5,37,63,63,63,74,85,112,112,124,124,220,220,234,251,301,2,15,15,44,54,130,130,142,18,18,33,33,137,137,153,83,98,113,133,133],"floor_reached":40,"campfire_rested":4,"playtime":1623,"item_purchase_floors":[5,21,21,29,29,36],"current_hp_per_floor":[66,66,65,65,65,38,38,68,68,66,66,51,51,45,45,20,56,48,45,45,45,36,68,26,17,17,52,52,52,40,16,52,40,65,51,51,32,44,51,0],"items_purged":["Defend_B"],"gold":133,"score":588,"play_id":"392e73f7-d4bf-4433-9856-8e43260beb0d","local_time":"20180620005047","is_prod":false,"is_daily":false,"chose_seed":false,"is_ascension_mode":true,"campfire_upgraded":2,"win_rate":0,"timestamp":1529448647,"campfire_choices":[{"floor":8,"key":"REST"},{"data":"Machine Learning","floor":13,"key":"SMITH"},{"data":"Zap","floor":15,"key":"SMITH"},{"floor":23,"key":"REST"},{"floor":27,"key":"REST"},{"floor":32,"key":"REST"}],"path_taken":["M","$","M","?","$","E","?","R","T","M","?","E","R","M","R","BOSS","M","M","?","$","M","R","E","M","T","R","M","$","?","M","R","BOSS","M","$","M","M","M","E"],"build_version":"2018-06-18","seed_source_timestamp":351471432500991,"purchased_purges":1,"circlet_count":0,"victory":false,"master_deck":["Defend_B","Defend_B","Zap+1","Dualcast","Auto Shields","Static Discharge","Doom and Gloom","Stack","Gash","Glacier","Redo+1","Leap+1","Machine Learning+1","White Noise+1","All For One","FTL+1","Go for the Eyes","Self Repair","Redo+1","Self Repair+1","Core Surge","Capacitor","Blind+1","Gash","All For One","Stack+1","Defragment","Loop+1","Double Energy+1"],"max_hp_per_floor":[68,68,68,68,68,68,68,68,68,68,68,68,68,68,68,68,68,68,68,68,68,68,68,68,68,68,68,68,68,73,73,73,73,73,73,73,73,73,73,73],"relics":["Cracked Core","Emotion Chip","Regal Pillow","Toxic Egg 2","Bronze Scales","Empty Cage","Cables","Peace Pipe","Mummified Hand","Runic Pyramid"],"card_choices":[{"not_picked":["Cold Snap","Self Repair"],"picked":"Doom and Gloom","floor":1},{"not_picked":["Heatsinks","Streamline","Force Field"],"picked":"SKIP","floor":3},{"not_picked":["Heatsinks","Meteor Strike"],"picked":"Glacier","floor":6},{"not_picked":["Steam+1","Hologram+1"],"picked":"Redo+1","floor":10},{"not_picked":["Barrage","Turbo+1"],"picked":"Leap+1","floor":11},{"not_picked":["Steam+1","Darkness+1"],"picked":"Machine Learning","floor":12},{"not_picked":["Redo+1","Beam Cell"],"picked":"White Noise+1","floor":14},{"not_picked":["Seek+1","Meteor Strike"],"picked":"All For One","floor":16},{"not_picked":["Rebound","Steam+1","Turbo+1"],"picked":"SKIP","floor":18},{"not_picked":["Recycle+1","Lockon"],"picked":"FTL+1","floor":19},{"not_picked":["Cold Snap","Scrape+1"],"picked":"Self Repair","floor":22},{"not_picked":["Beam Cell+1","Turbo+1"],"picked":"Redo+1","floor":24},{"not_picked":["Stack+1","Turbo+1"],"picked":"Self Repair+1","floor":25},{"not_picked":["Force Field+1","Melter+1"],"picked":"Core Surge","floor":28},{"not_picked":["Sweeping Beam+1","Go for the Eyes+1"],"picked":"Gash","floor":31},{"not_picked":["Meteor Strike","Fission+1"],"picked":"All For One","floor":33},{"not_picked":["Self Repair","Fusion+1"],"picked":"Stack+1","floor":35},{"not_picked":["Coolheaded+1","Darkness+1","Go for the Eyes"],"picked":"SKIP","floor":37},{"not_picked":["Cold Snap+1","Sweeping Beam+1"],"picked":"Loop+1","floor":38},{"not_picked":["Coolheaded+1","Sweeping Beam"],"picked":"Double Energy+1","floor":39}],"player_experience":125405,"potions_floor_usage":[12,12,18,28,33,33,33,37,40],"damage_taken":[{"damage":2,"enemies":"2 Louse","floor":1,"turns":3},{"damage":1,"enemies":"Cultist","floor":3,"turns":3},{"damage":27,"enemies":"Lagavulin","floor":6,"turns":5},{"damage":2,"enemies":"Jaw Worm","floor":10,"turns":5},{"damage":0,"enemies":"Lots of Slimes","floor":11,"turns":1},{"damage":15,"enemies":"Gremlin Nob","floor":12,"turns":5},{"damage":6,"enemies":"Large Slime","floor":14,"turns":4},{"damage":25,"enemies":"The Guardian","floor":16,"turns":9},{"damage":15,"enemies":"2 Thieves","floor":18,"turns":4},{"damage":3,"enemies":"Shell Parasite","floor":19,"turns":5},{"damage":9,"enemies":"Cultist and Chosen","floor":22,"turns":5},{"damage":49,"enemies":"Gremlin Leader","floor":24,"turns":8},{"damage":16,"enemies":"Centurion and Healer","floor":25,"turns":6},{"damage":10,"enemies":"Chosen and Byrds","floor":28,"turns":4},{"damage":34,"enemies":"Snake Plant","floor":31,"turns":3},{"damage":29,"enemies":"Collector","floor":33,"turns":7},{"damage":14,"enemies":"3 Shapes","floor":35,"turns":3},{"damage":36,"enemies":"3 Darklings","floor":37,"turns":6},{"damage":5,"enemies":"Sphere and 2 Shapes","floor":38,"turns":6},{"damage":10,"enemies":"Maw","floor":39,"turns":7},{"damage":51,"enemies":"2 Orb Walkers","floor":40,"turns":3}],"relics_obtained":[{"floor":6,"key":"Emotion Chip"},{"floor":7,"key":"Regal Pillow"},{"floor":9,"key":"Toxic Egg 2"},{"floor":12,"key":"Bronze Scales"},{"floor":24,"key":"Peace Pipe"},{"floor":26,"key":"Mummified Hand"}],"event_choices":[{"event_name":"Transmorgrifier","player_choice":"Transform","floor":4,"damage_taken":0},{"event_name":"The Joust","player_choice":"Bet on Murderer","floor":20,"damage_taken":0},{"event_name":"Forgotten Altar","player_choice":"Shed Blood","floor":30,"damage_taken":0}],"boss_relics":[{"not_picked":["Astrolabe","Coffee Dripper"],"picked":"Empty Cage"},{"not_picked":["Fusion Hammer","Black Star"],"picked":"Runic Pyramid"}],"items_purged_floors":[2],"is_endless":true,"potions_floor_spawned":[6,10,11,16,18,25,31,35,37],"seed_played":"-1909757619592462293","killed_by":"2 Orb Walkers","ascension_level":8,"potions_obtained":[{"floor":6,"key":"Ancient Potion"},{"floor":10,"key":"Dexterity Potion"},{"floor":11,"key":"Dexterity Potion"},{"floor":16,"key":"Block Potion"},{"floor":18,"key":"Poison Potion"},{"floor":25,"key":"PowerPotion"},{"floor":31,"key":"Weak Potion"},{"floor":35,"key":"EssenceOfSteel"},{"floor":37,"key":"Ancient Potion"}],"is_trial":false}