{"gold_per_floor":[110,9,9,27,27,58,58,91,117,148,323,339,350,365,365,468,468,448,467,467],"floor_reached":20,"playtime":1350,"items_purged":["Strike_B"],"score":317,"play_id":"5f1ddb0a-55bc-4583-9917-097e810acbb4","local_time":"20190207031033","is_ascension_mode":true,"campfire_choices":[{"data":"Defragment","floor":7,"key":"SMITH"},{"floor":15,"key":"REST"}],"neow_cost":"NONE","seed_source_timestamp":133084969723820,"circlet_count":0,"master_deck":["Zap","Dualcast","Ball Lightning","Coolheaded","Pain","Genetic Algorithm","Defragment+1","Hello World","Leap","Doubt","Leap","Leap","Conserve Battery","Buffer","Auto Shields","Biased Cognition","Thunder Strike","Fusion","Core Surge","Conserve Battery","Force Field","Genetic Algorithm","Stack"],"relics":["Cracked Core","Anchor","WarpedTongs","Boot","PreservedInsect","Pear","Pandora\u0027s Box"],"potions_floor_usage":[6,13,16,18],"damage_taken":[{"damage":0,"enemies":"Cultist","floor":1,"turns":4},{"damage":0,"enemies":"Small Slimes","floor":4,"turns":2},{"damage":18,"enemies":"3 Sentries","floor":6,"turns":7},{"damage":14,"enemies":"Lagavulin","floor":8,"turns":6},{"damage":24,"enemies":"3 Sentries","floor":10,"turns":6},{"damage":2,"enemies":"Jaw Worm","floor":12,"turns":3},{"damage":3,"enemies":"Exordium Thugs","floor":13,"turns":4},{"damage":13,"enemies":"Large Slime","floor":14,"turns":6},{"damage":7,"enemies":"Hexaghost","floor":16,"turns":12},{"damage":19,"enemies":"2 Thieves","floor":18,"turns":4},{"damage":30,"enemies":"3 Byrds","floor":19,"turns":5},{"damage":0,"enemies":"Snake Plant","floor":20,"turns":3}],"seed_played":"2389354611726862449","potions_obtained":[{"floor":4,"key":"Block Potion"},{"floor":8,"key":"Energy Potion"},{"floor":12,"key":"Fire Potion"},{"floor":13,"key":"LiquidBronze"},{"floor":19,"key":"SteroidPotion"}],"is_trial":false,"path_per_floor":["M","$","?","M","$","E","R","E","T","E","?","M","M","M","R","B",null,"M","M","M"],"character_chosen":"DEFECT","items_purchased":["Coolheaded"],"campfire_rested":1,"item_purchase_floors":[2],"current_hp_per_floor":[68,68,68,68,68,50,50,36,36,22,22,20,17,4,29,22,69,50,20,20],"gold":467,"neow_bonus":"RANDOM_COMMON_RELIC","is_prod":false,"is_daily":false,"chose_seed":false,"campfire_upgraded":1,"win_rate":0,"timestamp":1549530633,"path_taken":["M","$","?","?","$","E","R","E","T","E","?","M","M","M","R","BOSS","M","M","M"],"build_version":"2019-01-23","purchased_purges":1,"victory":false,"max_hp_per_floor":[75,75,75,75,75,75,75,75,75,85,85,85,85,85,85,85,85,85,85,85],"card_choices":[{"not_picked":["Rip and Tear","Darkness"],"picked":"Ball Lightning","floor":1},{"not_picked":["Steam","Coolheaded"],"picked":"Genetic Algorithm","floor":4},{"not_picked":["Turbo","Steam Power"],"picked":"Defragment","floor":6},{"not_picked":["Fusion","Cold Snap"],"picked":"Hello World","floor":8},{"not_picked":["Go for the Eyes","Blizzard"],"picked":"Leap","floor":10},{"not_picked":["Compile Driver","Go for the Eyes"],"picked":"Leap","floor":12},{"not_picked":["Amplify","Beam Cell"],"picked":"Leap","floor":13},{"not_picked":["Reinforced Body","Lockon"],"picked":"Conserve Battery","floor":14},{"not_picked":["Seek","Rainbow"],"picked":"Buffer","floor":16},{"not_picked":["Turbo","Melter"],"picked":"Genetic Algorithm","floor":18},{"not_picked":["Redo","Streamline"],"picked":"Stack","floor":19}],"player_experience":460204,"relics_obtained":[{"floor":6,"key":"Boot"},{"floor":8,"key":"PreservedInsect"},{"floor":10,"key":"Pear"}],"event_choices":[{"damage_healed":0,"gold_gain":0,"player_choice":"Rummage","damage_taken":0,"relics_obtained":["WarpedTongs"],"max_hp_gain":0,"max_hp_loss":0,"event_name":"Accursed Blacksmith","floor":3,"gold_loss":0,"cards_obtained":["Pain"]},{"damage_healed":0,"gold_gain":175,"player_choice":"AGREE","damage_taken":0,"max_hp_gain":0,"max_hp_loss":0,"event_name":"Liars Game","floor":11,"gold_loss":0,"cards_obtained":["Doubt"]}],"is_beta":false,"boss_relics":[{"not_picked":["Ectoplasm","Runic Dome"],"picked":"Pandora\u0027s Box"}],"items_purged_floors":[2],"is_endless":false,"potions_floor_spawned":[4,8,12,13,19],"killed_by":"Snake Plant","ascension_level":6}