{"gold_per_floor":[114,114,15,15,35,62,79,92,92,150,170,198,210,241,241,345,345,363,363,335,335],"floor_reached":21,"playtime":1684,"items_purged":["Defend_G"],"score":270,"play_id":"8f695e64-b12b-4ff6-a9a0-7df04b2d998a","local_time":"20190320160801","is_ascension_mode":true,"campfire_choices":[{"floor":15.0,"key":"REST"}],"neow_cost":"NONE","seed_source_timestamp":0,"circlet_count":0,"master_deck":["Defend_G+1","Defend_G","Strike_G+1","Strike_G","Strike_G","Strike_G","Survivor","Neutralize","Acrobatics","PiercingWail","Escape Plan","All Out Attack","Eviscerate","Endless Agony","Prepared","Blur","Deflect","Dagger Throw","After Image","Concentrate","RitualDagger","Outmaneuver"],"special_seed":0,"relics":["Ring of the Snake","NeowsBlessing","Bag of Preparation","Blood Vial","Odd Mushroom","Bottled Flame","Empty Cage"],"potions_floor_usage":[21],"damage_taken":[{"damage":0.0,"enemies":"2 Louse","floor":1.0,"turns":1.0},{"damage":0.0,"enemies":"Small Slimes","floor":5.0,"turns":1.0},{"damage":0.0,"enemies":"3 Sentries","floor":6.0,"turns":1.0},{"damage":0.0,"enemies":"Cultist","floor":7.0,"turns":3.0},{"damage":0.0,"enemies":"Exordium Wildlife","floor":8.0,"turns":6.0},{"damage":2.0,"enemies":"Large Slime","floor":11.0,"turns":6.0},{"damage":4.0,"enemies":"The Mushroom Lair","floor":12.0,"turns":4.0},{"damage":0.0,"enemies":"2 Fungi Beasts","floor":13.0,"turns":3.0},{"damage":24.0,"enemies":"Gremlin Nob","floor":14.0,"turns":5.0},{"damage":41.0,"enemies":"The Guardian","floor":16.0,"turns":21.0},{"damage":15,"enemies":"Shell Parasite","floor":18,"turns":15},{"damage":23,"enemies":"2 Thieves","floor":20,"turns":5},{"damage":26,"enemies":"Chosen and Byrds","floor":21,"turns":8}],"seed_played":"-2529500302245832622","potions_obtained":[{"floor":1.0,"key":"LiquidBronze"},{"floor":6.0,"key":"PowerPotion"},{"floor":7.0,"key":"Fire Potion"},{"floor":14.0,"key":"EssenceOfSteel"},{"floor":18,"key":"Fire Potion"}],"is_trial":false,"path_per_floor":["M","?","$","?","M","E","M","M","T","?","M","?","M","E","R","B",null,"M","?","M","M"],"character_chosen":"THE_SILENT","items_purchased":["PiercingWail"],"campfire_rested":1,"item_purchase_floors":[3],"current_hp_per_floor":[70,56,56,56,56,56,56,56,56,56,56,54,56,34,55,16,57,44,38,17,0],"gold":335,"neow_bonus":"THREE_ENEMY_KILL","is_prod":false,"is_daily":false,"chose_seed":false,"campfire_upgraded":0,"win_rate":0,"timestamp":1553119681,"path_taken":["M","?","$","?","M","E","?","M","T","?","M","?","M","E","R","BOSS","M","?","M","M"],"build_version":"2019-01-23","purchased_purges":1,"victory":false,"max_hp_per_floor":[70,70,70,70,70,70,70,70,70,70,70,70,70,70,70,70,70,70,70,70,70],"card_choices":[{"not_picked":["Predator","Dodge and Roll"],"picked":"Acrobatics","floor":1.0},{"not_picked":["Quick Slash","Finisher"],"picked":"Escape Plan","floor":5.0},{"not_picked":["Distraction","Dagger Spray"],"picked":"All Out Attack","floor":6.0},{"not_picked":["Riddle With Holes","Calculated Gamble"],"picked":"Eviscerate","floor":7.0},{"not_picked":["Deadly Poison","Dodge and Roll"],"picked":"Endless Agony","floor":8.0},{"not_picked":["Flechettes","Dagger Throw"],"picked":"Prepared","floor":11.0},{"not_picked":["Bane","Glass Knife"],"picked":"Blur","floor":12.0},{"not_picked":["Cloak And Dagger","Acrobatics"],"picked":"Deflect","floor":13.0},{"not_picked":["Eviscerate","Sucker Punch"],"picked":"Dagger Throw","floor":14.0},{"not_picked":["Night Terror","Corpse Explosion"],"picked":"After Image","floor":16.0},{"not_picked":["Acrobatics","Finisher"],"picked":"Concentrate","floor":18},{"not_picked":["PiercingWail","Eviscerate"],"picked":"Outmaneuver","floor":20}],"player_experience":122604,"relics_obtained":[{"floor":6.0,"key":"Bag of Preparation"},{"floor":9.0,"key":"Blood Vial"},{"floor":12.0,"key":"Odd Mushroom"},{"floor":14.0,"key":"Bottled Flame"}],"event_choices":[{"damage_healed":0.0,"max_hp_gain":0.0,"max_hp_loss":0.0,"gold_gain":0.0,"event_name":"Shining Light","player_choice":"Entered Light","floor":2.0,"gold_loss":0.0,"damage_taken":14.0,"cards_upgraded":["Defend_G","Strike_G"]},{"cards_removed":["Strike_G"],"damage_healed":0.0,"max_hp_gain":0.0,"max_hp_loss":0.0,"gold_gain":0.0,"event_name":"Bonfire Elementals","player_choice":"Offered Basic","floor":4.0,"gold_loss":0.0,"damage_taken":0.0},{"damage_healed":0.0,"max_hp_gain":0.0,"max_hp_loss":0.0,"gold_gain":58.0,"event_name":"Golden Wing","player_choice":"Gained Gold","floor":10.0,"gold_loss":0.0,"damage_taken":0.0},{"damage_healed":0.0,"max_hp_gain":0.0,"max_hp_loss":0.0,"gold_gain":0.0,"event_name":"Mushrooms","player_choice":"Fought Mushrooms","floor":12.0,"gold_loss":0.0,"damage_taken":0.0},{"damage_healed":0,"gold_gain":0,"player_choice":"Joined the Cult","damage_taken":6,"max_hp_gain":0,"max_hp_loss":0,"event_name":"Nest","floor":19,"gold_loss":0,"cards_obtained":["RitualDagger"]}],"is_beta":false,"boss_relics":[{"not_picked":["Snecko Eye","Busted Crown"],"picked":"Empty Cage"}],"items_purged_floors":[3],"is_endless":false,"potions_floor_spawned":[1,6,7,14,18],"killed_by":"Chosen and Byrds","ascension_level":5}