{"gold_per_floor":[113,113,7,19,30,30,30,30,53,53,81,81,100,115,115,211,211,228,153,103,117,127,127,137,137],"floor_reached":25,"playtime":1865,"items_purged":["Pain"],"score":289,"play_id":"59a0cf1f-b807-4ecc-b3ef-28174df3087b","local_time":"20190211001308","is_ascension_mode":true,"campfire_choices":[{"data":"Defragment","floor":6,"key":"SMITH"},{"data":"Zap","floor":8,"key":"SMITH"},{"data":"Dualcast","floor":10,"key":"SMITH"},{"floor":12,"key":"REST"},{"floor":15,"key":"RECALL"},{"floor":23,"key":"REST"}],"neow_cost":"NONE","seed_source_timestamp":467526032615380,"circlet_count":0,"master_deck":["Strike_B","Strike_B","Strike_B","Defend_B","Defend_B","Defend_B","Defend_B","Zap+1","Dualcast+1","Skim","Leap","Genetic Algorithm","Defragment+1","BootSequence","Stack","Electrodynamics","Rebound","Echo Form","Parasite","Writhe","Rebound+1","Genetic Algorithm+1","Rebound","Rebound+1","Self Repair"],"relics":["Cracked Core","NeowsBlessing","Blood Vial","Blue Candle","Calling Bell","Dream Catcher","Pear","Ice Cream"],"potions_floor_usage":[16,16,24],"damage_taken":[{"damage":0,"enemies":"2 Louse","floor":1,"turns":1},{"damage":0,"enemies":"Cultist","floor":4,"turns":1},{"damage":0,"enemies":"Jaw Worm","floor":5,"turns":1},{"damage":29,"enemies":"Lagavulin","floor":11,"turns":7},{"damage":0,"enemies":"Lots of Slimes","floor":13,"turns":1},{"damage":0,"enemies":"2 Fungi Beasts","floor":14,"turns":2},{"damage":11,"enemies":"The Guardian","floor":16,"turns":11},{"damage":22,"enemies":"3 Byrds","floor":18,"turns":4},{"damage":25,"enemies":"2 Thieves","floor":21,"turns":4},{"damage":7,"enemies":"3 Cultists","floor":22,"turns":3},{"damage":48,"enemies":"Sentry and Sphere","floor":24,"turns":8},{"damage":9,"enemies":"Chosen and Byrds","floor":25,"turns":4}],"seed_played":"-6387662835870035515","potions_obtained":[{"floor":4,"key":"EssenceOfSteel"},{"floor":5,"key":"Poison Potion"},{"floor":16,"key":"FearPotion"},{"floor":18,"key":"Dexterity Potion"},{"floor":22,"key":"EssenceOfSteel"}],"is_trial":false,"path_per_floor":["M","?","$","M","M","R","$","R","T","R","E","R","M","M","R","B",null,"M","$","?","M","M","R","M","M"],"character_chosen":"DEFECT","items_purchased":["Genetic Algorithm","Defragment"],"campfire_rested":2,"item_purchase_floors":[3,3],"current_hp_per_floor":[68,68,68,68,68,68,68,68,68,68,41,63,65,67,67,58,81,61,61,61,38,33,58,12,5],"gold":137,"neow_bonus":"THREE_ENEMY_KILL","is_prod":false,"is_daily":false,"chose_seed":false,"campfire_upgraded":3,"win_rate":0,"timestamp":1549865588,"path_taken":["M","?","?","M","?","R","?","R","T","R","E","R","M","M","R","BOSS","M","$","?","M","?","R","?","M"],"build_version":"2019-01-23","purchased_purges":1,"victory":false,"max_hp_per_floor":[75,75,75,75,75,75,75,75,75,75,75,75,75,75,75,75,85,85,85,85,85,85,85,85,85],"card_choices":[{"not_picked":["Rebound","Consume"],"picked":"Skim","floor":1},{"not_picked":["Redo","Beam Cell"],"picked":"BootSequence","floor":4},{"not_picked":["Coolheaded","Static Discharge"],"picked":"Stack","floor":5},{"not_picked":["Barrage","Force Field"],"picked":"Electrodynamics","floor":11},{"not_picked":["Recycle","Steam","Rip and Tear"],"picked":"SKIP","floor":13},{"not_picked":["Leap","Gash"],"picked":"Rebound","floor":14},{"not_picked":["Multi-Cast","Electrodynamics"],"picked":"Echo Form","floor":16},{"not_picked":["Reprogram","Steam+1"],"picked":"Rebound+1","floor":18},{"not_picked":["Rip and Tear","Leap"],"picked":"Genetic Algorithm+1","floor":21},{"not_picked":["Redo","Fission"],"picked":"Rebound","floor":22},{"not_picked":["Gash","Streamline"],"picked":"Rebound+1","floor":23},{"not_picked":["Leap+1","BootSequence+1"],"picked":"Self Repair","floor":24}],"player_experience":473341,"relics_obtained":[{"floor":9,"key":"Blood Vial"},{"floor":11,"key":"Blue Candle"},{"floor":17,"key":"Dream Catcher"},{"floor":17,"key":"Pear"},{"floor":17,"key":"Ice Cream"}],"event_choices":[{"damage_healed":0,"gold_gain":0,"cards_transformed":["Strike_B"],"player_choice":"Transformed","damage_taken":0,"max_hp_gain":0,"max_hp_loss":0,"event_name":"Transmorgrifier","floor":2,"gold_loss":0,"cards_obtained":["Leap"]},{"damage_healed":0,"gold_gain":0,"player_choice":"Bet on Murderer","damage_taken":0,"max_hp_gain":0,"max_hp_loss":0,"event_name":"The Joust","floor":20,"gold_loss":50}],"is_beta":false,"boss_relics":[{"not_picked":["Black Star","Busted Crown"],"picked":"Calling Bell"}],"items_purged_floors":[19],"is_endless":false,"potions_floor_spawned":[4,5,16,18,22],"killed_by":"Chosen and Byrds","ascension_level":6}