{"gold_per_floor":[119,119,19,19,32,32,48,60,85,35,35,54,86,18,18,123,123,142,159,13,13,29,29,29,29,329,329,72,0,0,10,10,110,110,126,126,0,0,0,0,20,20,20,20],"floor_reached":44,"playtime":3011,"items_purged":["Defend_B","Strike_B","Strike_B"],"score":477,"play_id":"0fd8ecce-f13c-4a7c-bf36-3db571ba9bfc","local_time":"20190406223327","is_ascension_mode":false,"campfire_choices":[{"data":"Ball Lightning","floor":6,"key":"SMITH"},{"data":"Zap","floor":15,"key":"SMITH"},{"data":"Dualcast","floor":23,"key":"SMITH"},{"data":"Biased Cognition","floor":25,"key":"SMITH"},{"data":"Loop","floor":27,"key":"SMITH"},{"floor":32,"key":"REST"},{"data":"Madness","floor":40,"key":"SMITH"},{"data":"Genetic Algorithm","floor":42,"key":"SMITH"}],"neow_cost":"NONE","seed_source_timestamp":6612860379896586,"circlet_count":0,"master_deck":["Defend_B","Zap+1","Dualcast+1","Ball Lightning+1","Beam Cell","Hologram","Loop+1","Go for the Eyes","Ball Lightning","Thunder Strike","Defragment","Biased Cognition+1","Barrage","Ball Lightning+1","Barrage","Leap+1","Self Repair","Steam","BootSequence+1","Reboot","Genetic Algorithm+1","Madness","Madness+1","Trip","Steam+1"],"relics":["Cracked Core","NeowsBlessing","Boot","Potion Belt","Question Card","Empty Cage","Ice Cream","Old Coin","Sozu","Red Mask","Mango"],"potions_floor_usage":[12,12,12,13,16,18,31,33,33,41,44],"damage_taken":[{"damage":0,"enemies":"2 Louse","floor":1,"turns":1},{"damage":0,"enemies":"Jaw Worm","floor":5,"turns":1},{"damage":0,"enemies":"Small Slimes","floor":7,"turns":1},{"damage":2,"enemies":"Looter","floor":8,"turns":2},{"damage":9,"enemies":"Lots of Slimes","floor":12,"turns":4},{"damage":0,"enemies":"Gremlin Nob","floor":13,"turns":3},{"damage":24,"enemies":"Slime Boss","floor":16,"turns":5},{"damage":10,"enemies":"2 Thieves","floor":18,"turns":2},{"damage":10,"enemies":"Spheric Guardian","floor":19,"turns":3},{"damage":26,"enemies":"Centurion and Healer","floor":22,"turns":3},{"damage":13,"enemies":"Snake Plant","floor":31,"turns":3},{"damage":44,"enemies":"Collector","floor":33,"turns":6},{"damage":46,"enemies":"3 Darklings","floor":35,"turns":5},{"damage":8,"enemies":"Orb Walker","floor":41,"turns":4},{"damage":45,"enemies":"3 Darklings","floor":44,"turns":3}],"seed_played":"5906778472038608137","potions_obtained":[{"floor":11,"key":"EntropicBrew"},{"floor":11,"key":"EntropicBrew"},{"floor":11,"key":"Dexterity Potion"},{"floor":12,"key":"Block Potion"},{"floor":13,"key":"PowerPotion"},{"floor":16,"key":"FocusPotion"},{"floor":19,"key":"SpeedPotion"},{"floor":31,"key":"Dexterity Potion"}],"is_trial":false,"path_per_floor":["M","?","$","?","M","R","M","M","T","?","?","M","E","$","R","B",null,"M","M","$","?","M","R","?","R","T","R","$","?","$","M","R","B",null,"M","?","?","?","$","R","M","R","T","M"],"character_chosen":"DEFECT","items_purchased":["Beam Cell","Defragment","Barrage","Self Repair","Steam"],"campfire_rested":1,"item_purchase_floors":[3,14,20,28,28],"current_hp_per_floor":[75,75,75,68,68,68,68,66,66,66,66,57,57,57,57,33,75,65,55,55,55,29,29,15,15,15,15,15,15,15,2,26,8,80,41,31,31,31,31,31,30,30,44,0],"gold":20,"neow_bonus":"THREE_ENEMY_KILL","is_prod":false,"is_daily":false,"chose_seed":false,"campfire_upgraded":7,"win_rate":0.0,"timestamp":1554604407,"path_taken":["M","?","$","?","M","R","M","M","T","?","?","?","E","?","R","BOSS","M","M","$","?","M","R","?","R","T","R","$","?","?","M","R","BOSS","M","?","?","?","?","R","?","R","T","M"],"build_version":"2019-01-23","purchased_purges":3,"victory":false,"max_hp_per_floor":[75,75,75,75,75,75,75,75,75,75,75,75,75,75,75,75,75,75,75,75,75,75,75,80,80,80,80,80,80,80,80,80,80,80,80,80,80,80,80,80,80,80,94,94],"card_choices":[{"not_picked":["Leap","Steam Power"],"picked":"Ball Lightning","floor":1},{"not_picked":["Barrage","Doom and Gloom"],"picked":"Hologram","floor":5},{"not_picked":["Ball Lightning","Blizzard"],"picked":"Loop","floor":7},{"not_picked":["Static Discharge","Force Field"],"picked":"Go for the Eyes","floor":8},{"not_picked":["Gash","Go for the Eyes"],"picked":"Ball Lightning","floor":12},{"not_picked":["Barrage","All For One"],"picked":"Thunder Strike","floor":13},{"not_picked":["Seek","Reboot","Multi-Cast"],"picked":"Biased Cognition","floor":16},{"not_picked":["Steam Power+1","Scrape","Steam"],"picked":"Barrage","floor":18},{"not_picked":["Steam","Beam Cell","Reprogram"],"picked":"Ball Lightning+1","floor":19},{"not_picked":["Gash+1","Doom and Gloom","Beam Cell"],"picked":"Leap+1","floor":22},{"not_picked":["Leap","Compile Driver","Reboot"],"picked":"BootSequence+1","floor":31},{"not_picked":["Amplify","Buffer","Rainbow"],"picked":"Reboot","floor":33},{"not_picked":["Sweeping Beam","Go for the Eyes","Gash+1"],"picked":"Genetic Algorithm","floor":35},{"not_picked":["Blind","Magnetism","Transmutation"],"picked":"Trip","floor":38},{"not_picked":["Sweeping Beam+1","Barrage+1","Hello World"],"picked":"Steam+1","floor":41}],"player_experience":181586,"relics_obtained":[{"floor":9,"key":"Potion Belt"},{"floor":13,"key":"Question Card"},{"floor":26,"key":"Old Coin"},{"floor":43,"key":"Mango"}],"event_choices":[{"cards_removed":["Defend_B"],"damage_healed":0,"gold_gain":0,"player_choice":"Forget","damage_taken":0,"max_hp_gain":0,"max_hp_loss":0,"event_name":"Living Wall","floor":2,"gold_loss":0},{"damage_healed":0,"gold_gain":0,"player_choice":"Success","damage_taken":7,"relics_obtained":["Boot"],"max_hp_gain":0,"max_hp_loss":0,"event_name":"Scrap Ooze","floor":4,"gold_loss":0},{"cards_removed":["Strike_B"],"damage_healed":0,"gold_gain":0,"player_choice":"Card Removal","damage_taken":0,"max_hp_gain":0,"max_hp_loss":0,"event_name":"The Cleric","floor":10,"gold_loss":50},{"damage_healed":0,"gold_gain":0,"player_choice":"Got Potions","damage_taken":0,"max_hp_gain":0,"max_hp_loss":0,"event_name":"Lab","floor":11,"gold_loss":0},{"damage_healed":0,"gold_gain":0,"player_choice":"Opened","damage_taken":0,"relics_obtained":["Ice Cream"],"max_hp_gain":0,"max_hp_loss":0,"event_name":"The Mausoleum","floor":21,"gold_loss":0},{"damage_healed":0,"gold_gain":0,"player_choice":"Shed Blood","damage_taken":19,"max_hp_gain":5,"max_hp_loss":0,"event_name":"Forgotten Altar","floor":24,"gold_loss":0},{"damage_healed":0,"gold_gain":0,"player_choice":"Paid Fearfully","damage_taken":0,"max_hp_gain":0,"max_hp_loss":0,"event_name":"Masked Bandits","floor":29,"gold_loss":72},{"damage_healed":0,"gold_gain":0,"player_choice":"Embrace Madness","damage_taken":10,"max_hp_gain":0,"max_hp_loss":0,"event_name":"Winding Halls","floor":36,"gold_loss":0,"cards_obtained":["Madness","Madness"]},{"damage_healed":0,"gold_gain":0,"player_choice":"Paid","damage_taken":0,"relics_obtained":["Red Mask"],"max_hp_gain":0,"max_hp_loss":0,"event_name":"Tomb of Lord Red Mask","floor":37,"gold_loss":126},{"damage_healed":0,"gold_gain":0,"player_choice":"Memory 1","damage_taken":0,"max_hp_gain":0,"max_hp_loss":0,"event_name":"SensoryStone","floor":38,"gold_loss":0}],"is_beta":false,"boss_relics":[{"not_picked":["Lizard Tail","Snecko Eye"],"picked":"Empty Cage"},{"not_picked":["Astrolabe","Philosopher\u0027s Stone"],"picked":"Sozu"}],"items_purged_floors":[3,20,28],"is_endless":false,"potions_floor_spawned":[12,13,16,19,22,31],"killed_by":"3 Darklings","ascension_level":0}