{"gold_per_floor":[115,190,201,9,9,9,70,70,125,125,24,24,59,59,59,59],"floor_reached":16,"playtime":526,"items_purged":["Defend_B"],"score":134,"play_id":"cad53379-7ae8-4c15-b19c-b319652d5ef3","local_time":"20190306223756","is_ascension_mode":true,"campfire_choices":[{"data":"Zap","floor":6,"key":"SMITH"},{"floor":8,"key":"REST"},{"data":"Self Repair","floor":12,"key":"SMITH"},{"floor":15,"key":"REST"}],"neow_cost":"NONE","seed_source_timestamp":1306449309064336,"circlet_count":0,"master_deck":["Strike_B","Strike_B","Strike_B","Defend_B","Defend_B","Defend_B","Zap+1","Dualcast","Cold Snap","Self Repair+1","Conserve Battery","Hologram","Coolheaded"],"relics":["Cracked Core","Runic Capacitor","Matryoshka","Bottled Tornado","Boot","Dead Branch"],"potions_floor_usage":[16],"damage_taken":[{"damage":1,"enemies":"Cultist","floor":1,"turns":3},{"damage":2,"enemies":"Jaw Worm","floor":3,"turns":4},{"damage":52,"enemies":"Gremlin Nob","floor":7,"turns":6},{"damage":0,"enemies":"Small Slimes","floor":10,"turns":3},{"damage":32,"enemies":"Gremlin Nob","floor":13,"turns":5},{"damage":45,"enemies":"Slime Boss","floor":16,"turns":10}],"seed_played":"-7111760566602011094","potions_obtained":[{"floor":14,"key":"Ancient Potion"},{"floor":14,"key":"SkillPotion"},{"floor":14,"key":"SmokeBomb"}],"is_trial":false,"path_per_floor":["M","?","M","$","?","R","?","R","T","M","$","R","E","?","R","B"],"character_chosen":"DEFECT","items_purchased":["Runic Capacitor","Hologram"],"campfire_rested":2,"item_purchase_floors":[4,11],"current_hp_per_floor":[74,63,61,61,54,54,9,33,33,40,40,40,18,18,42,0],"gold":59,"neow_bonus":"TEN_PERCENT_HP_BONUS","is_prod":false,"is_daily":false,"chose_seed":false,"campfire_upgraded":2,"win_rate":0,"timestamp":1551908276,"path_taken":["M","?","M","$","?","R","?","R","T","M","?","R","E","?","R","BOSS"],"build_version":"2019-01-23","purchased_purges":1,"victory":false,"max_hp_per_floor":[82,82,82,82,82,82,82,82,82,82,82,82,82,82,82,82],"card_choices":[{"not_picked":["Redo","Undo"],"picked":"Cold Snap","floor":1},{"not_picked":["Blizzard","Streamline"],"picked":"Self Repair","floor":3},{"not_picked":["Melter","Rip and Tear"],"picked":"Conserve Battery","floor":7},{"not_picked":["Recycle","FTL","Sunder"],"picked":"SKIP","floor":10},{"not_picked":["Scrape","Stack"],"picked":"Coolheaded","floor":13}],"player_experience":291719,"relics_obtained":[{"floor":7,"key":"Matryoshka"},{"floor":9,"key":"Bottled Tornado"},{"floor":9,"key":"Boot"},{"floor":13,"key":"Dead Branch"}],"event_choices":[{"damage_healed":0,"gold_gain":75,"player_choice":"Gather Gold","damage_taken":11,"max_hp_gain":0,"max_hp_loss":0,"event_name":"World of Goop","floor":2,"gold_loss":0},{"cards_removed":["Strike_B"],"damage_healed":0,"gold_gain":0,"player_choice":"Card Removal","damage_taken":7,"max_hp_gain":0,"max_hp_loss":0,"event_name":"Golden Wing","floor":5,"gold_loss":0},{"damage_healed":0,"gold_gain":0,"player_choice":"Searched \u00271\u0027 times","damage_taken":0,"max_hp_gain":0,"max_hp_loss":0,"event_name":"Dead Adventurer","floor":7,"gold_loss":0},{"damage_healed":0,"gold_gain":0,"player_choice":"Got Potions","damage_taken":0,"max_hp_gain":0,"max_hp_loss":0,"event_name":"Lab","floor":14,"gold_loss":0}],"is_beta":false,"boss_relics":[],"items_purged_floors":[11],"is_endless":false,"potions_floor_spawned":[10],"killed_by":"Slime Boss","ascension_level":8}