{"gold_per_floor":[115,115,115,126,145,179,209,221,233,45,45,45,69,88,88,88],"floor_reached":16,"playtime":973,"items_purged":[],"score":110,"play_id":"2fcfe2a0-158c-4eb3-a629-d820e76fcacf","local_time":"20190318203444","is_ascension_mode":true,"campfire_choices":[{"floor":8,"key":"REST"},{"floor":15,"key":"REST"}],"neow_cost":"NONE","seed_source_timestamp":2584097391731,"circlet_count":0,"master_deck":["Strike_R","Strike_R","Strike_R","Strike_R","Defend_R","Defend_R","Defend_R","Defend_R","Bash","Double Tap","Evolve+1","Sentinel","Ghostly Armor","Pommel Strike","Dramatic Entrance+1","Flame Barrier","Cleave","Injury","Demon Form","Carnage"],"relics":["Burning Blood","Du-Vu Doll","MawBank","Mercury Hourglass","Golden Idol"],"potions_floor_usage":[6],"damage_taken":[{"damage":11,"enemies":"2 Louse","floor":1,"turns":3},{"damage":16,"enemies":"Small Slimes","floor":4,"turns":5},{"damage":8,"enemies":"Jaw Worm","floor":5,"turns":6},{"damage":32,"enemies":"Lagavulin","floor":6,"turns":9},{"damage":7,"enemies":"Large Slime","floor":13,"turns":4},{"damage":3,"enemies":"Blue Slaver","floor":14,"turns":3},{"damage":83,"enemies":"Slime Boss","floor":16,"turns":8}],"seed_played":"-699293263804529357","potions_obtained":[{"floor":4,"key":"AttackPotion"},{"floor":5,"key":"FairyPotion"}],"is_trial":false,"path_per_floor":["?","?","?","?","?"],"character_chosen":"IRONCLAD","items_purchased":["Dramatic Entrance","Flame Barrier","Cleave"],"campfire_rested":2,"item_purchase_floors":[10,10,10],"current_hp_per_floor":[75,68,68,58,56,30,30,54,54,54,38,38,37,40,64,0],"gold":88,"neow_bonus":"ONE_RANDOM_RARE_CARD","is_prod":false,"is_daily":false,"chose_seed":false,"campfire_upgraded":0,"win_rate":0,"timestamp":1552937684,"path_taken":["M","?","?","M","M","E","?","R","T","$","?","?","M","M","R","BOSS"],"build_version":"2019-01-23","purchased_purges":0,"victory":false,"max_hp_per_floor":[80,80,80,80,80,80,80,80,80,80,80,80,80,80,80,80],"card_choices":[{"not_picked":["Pommel Strike","Clothesline"],"picked":"Evolve","floor":1},{"not_picked":["Thunderclap","Headbutt"],"picked":"Sentinel","floor":4},{"not_picked":["Flame Barrier","Perfected Strike"],"picked":"Ghostly Armor","floor":5},{"not_picked":["Heavy Blade","Anger"],"picked":"Pommel Strike","floor":6},{"not_picked":["Pommel Strike","Thunderclap"],"picked":"Demon Form","floor":13},{"not_picked":["Clash","Rupture"],"picked":"Carnage","floor":14}],"player_experience":121842,"relics_obtained":[{"floor":6,"key":"Du-Vu Doll"},{"floor":9,"key":"Mercury Hourglass"}],"event_choices":[{"cards_removed":["Strike_R"],"damage_healed":0,"gold_gain":0,"player_choice":"Card Removal","damage_taken":7,"max_hp_gain":0,"max_hp_loss":0,"event_name":"Golden Wing","floor":2,"gold_loss":0},{"damage_healed":0,"gold_gain":0,"player_choice":"Ignored","damage_taken":0,"max_hp_gain":0,"max_hp_loss":0,"event_name":"Liars Game","floor":3,"gold_loss":0},{"damage_healed":0,"gold_gain":30,"player_choice":"Searched \u00273\u0027 times","damage_taken":0,"relics_obtained":["MawBank"],"max_hp_gain":0,"max_hp_loss":0,"event_name":"Dead Adventurer","floor":7,"gold_loss":0},{"damage_healed":0,"gold_gain":0,"player_choice":"Entered Light","damage_taken":16,"max_hp_gain":0,"max_hp_loss":0,"event_name":"Shining Light","floor":11,"gold_loss":0,"cards_upgraded":["Evolve","Dramatic Entrance"]},{"damage_healed":0,"gold_gain":0,"player_choice":"Take Wound","damage_taken":0,"relics_obtained":["Golden Idol"],"max_hp_gain":0,"max_hp_loss":0,"event_name":"Golden Idol","floor":12,"gold_loss":0,"cards_obtained":["Injury"]}],"is_beta":false,"boss_relics":[],"items_purged_floors":[],"is_endless":false,"potions_floor_spawned":[4,5],"killed_by":"Slime Boss","ascension_level":2}