{"gold_per_floor":[110,110,124,124,144,144,158,170,247,247,263,60,60,83,83,187,187,201,201,212,224,244,244,343,343,343,343,343,343,31,43,43,144,144,155,170,150,168,40,40,50,50],"floor_reached":42,"playtime":2152,"items_purged":["Dual Wield"],"score":390,"play_id":"adcb1215-96e1-4504-aa18-a64a5417446b","local_time":"20181127000301","is_ascension_mode":false,"campfire_choices":[{"floor":6,"key":"REST"},{"data":"Fire Breathing","floor":13,"key":"SMITH"},{"data":"Flame Barrier","floor":15,"key":"SMITH"},{"floor":23,"key":"REST"},{"data":"Barricade","floor":25,"key":"SMITH"},{"data":"Shrug It Off","floor":27,"key":"SMITH"},{"floor":29,"key":"REST"},{"data":"Armaments","floor":32,"key":"SMITH"},{"data":"Entrench","floor":40,"key":"SMITH"}],"neow_cost":"NONE","seed_source_timestamp":861865462803407,"circlet_count":0,"master_deck":["Strike_R+1","Strike_R+1","Defend_R+1","Defend_R+1","Defend_R+1","Defend_R+1","Warcry","Fire Breathing+1","Anger","Thunderclap","Shockwave","Bludgeon","Flame Barrier+1","Metallicize","Good Instincts","Twin Strike","Barricade+1","Battle Trance+1","Inflame+1","Feel No Pain","Shrug It Off+1","Feed","Armaments+1","Flex","Burning Pact","Fiend Fire","Fire Breathing+1","Entrench+1","Flex"],"relics":["Burning Blood","Oddly Smooth Stone","Ginger","Kunai","Odd Mushroom","Astrolabe","Bottled Tornado","PreservedInsect","Busted Crown"],"potions_floor_usage":[16,33,33,42,42,42],"damage_taken":[{"damage":11,"enemies":"Small Slimes","floor":1,"turns":4},{"damage":6,"enemies":"Jaw Worm","floor":3,"turns":6},{"damage":0,"enemies":"2 Louse","floor":5,"turns":4},{"damage":4,"enemies":"Looter","floor":7,"turns":4},{"damage":7,"enemies":"3 Louse","floor":8,"turns":4},{"damage":5,"enemies":"Blue Slaver","floor":11,"turns":4},{"damage":6,"enemies":"The Mushroom Lair","floor":14,"turns":6},{"damage":44,"enemies":"Slime Boss","floor":16,"turns":13},{"damage":2,"enemies":"3 Byrds","floor":18,"turns":5},{"damage":30,"enemies":"Spheric Guardian","floor":20,"turns":10},{"damage":9,"enemies":"Snecko","floor":21,"turns":8},{"damage":38,"enemies":"Snake Plant","floor":22,"turns":6},{"damage":8,"enemies":"Centurion and Healer","floor":31,"turns":9},{"damage":37,"enemies":"Collector","floor":33,"turns":13},{"damage":15,"enemies":"3 Shapes","floor":35,"turns":5},{"damage":33,"enemies":"3 Darklings","floor":36,"turns":10},{"damage":0,"enemies":"4 Shapes","floor":38,"turns":8},{"damage":38,"enemies":"Writhing Mass","floor":41,"turns":10},{"damage":37,"enemies":"Transient","floor":42,"turns":5}],"seed_played":"-4495571996676987281","potions_obtained":[{"floor":8,"key":"LiquidBronze"},{"floor":14,"key":"Fire Potion"},{"floor":16,"key":"SkillPotion"},{"floor":20,"key":"Fire Potion"},{"floor":22,"key":"Regen Potion"},{"floor":33,"key":"Explosive Potion"},{"floor":35,"key":"Explosive Potion"}],"is_trial":false,"path_per_floor":["M","?","M","?","M","R","M","M","T","?","M","$","R","?","R","B",null,"M","?","M","M","M","R","?","R","T","R","?","R","$","M","R","B",null,"M","M","?","M","$","R","M","M"],"character_chosen":"IRONCLAD","items_purchased":["Flame Barrier","Metallicize","Good Instincts","PreservedInsect","Armaments","Flex","Entrench","Flex"],"campfire_rested":3,"item_purchase_floors":[12,12,12,30,30,30,39,39],"current_hp_per_floor":[75,75,75,42,48,72,74,73,73,80,80,80,80,80,80,42,80,80,80,56,53,21,45,45,45,45,45,45,69,69,70,70,54,83,78,51,51,60,60,60,28,0],"gold":50,"neow_bonus":"RANDOM_COMMON_RELIC","is_prod":false,"is_daily":false,"chose_seed":false,"campfire_upgraded":6,"win_rate":0.0,"timestamp":1543298581,"path_taken":["M","?","M","?","M","R","M","M","T","?","M","?","R","?","R","BOSS","M","?","M","M","M","R","?","R","T","R","?","R","$","M","R","BOSS","M","M","?","M","?","R","M","M"],"build_version":"2018-11-15","purchased_purges":1,"victory":false,"max_hp_per_floor":[80,80,80,80,80,80,80,80,80,80,80,80,80,80,80,80,80,80,80,80,80,80,80,80,80,80,80,80,80,80,83,83,83,83,87,87,87,90,90,90,90,90],"card_choices":[{"not_picked":["Twin Strike","Havoc"],"picked":"Warcry","floor":1},{"not_picked":["Infernal Blade","Pommel Strike"],"picked":"Anger","floor":3},{"not_picked":["Warcry","Havoc"],"picked":"Thunderclap","floor":5},{"not_picked":["Combust","Cleave"],"picked":"Shockwave","floor":7},{"not_picked":["Inflame","Pommel Strike"],"picked":"Twin Strike","floor":8},{"not_picked":["Heavy Blade","Wild Strike"],"picked":"Bludgeon","floor":11},{"not_picked":["Second Wind","Disarm"],"picked":"Twin Strike","floor":14},{"not_picked":["Juggernaut","Limit Break"],"picked":"Barricade","floor":16},{"not_picked":["Blood for Blood","Warcry"],"picked":"Feel No Pain","floor":18},{"not_picked":["Heavy Blade","Pommel Strike+1","Sword Boomerang"],"picked":"SKIP","floor":20},{"not_picked":["Ghostly Armor","Pummel"],"picked":"Shrug It Off","floor":21},{"not_picked":["Anger","Intimidate","Hemokinesis"],"picked":"SKIP","floor":22},{"not_picked":["Anger","Combust"],"picked":"Burning Pact","floor":31},{"not_picked":["Berserk","Demon Form"],"picked":"Fiend Fire","floor":33},{"not_picked":[],"picked":"Fire Breathing+1","floor":35},{"not_picked":["Hemokinesis"],"picked":"SKIP","floor":36},{"not_picked":["Clothesline+1"],"picked":"SKIP","floor":38},{"not_picked":["Pommel Strike+1"],"picked":"SKIP","floor":41}],"player_experience":63779,"relics_obtained":[{"floor":9,"key":"Kunai"},{"floor":14,"key":"Odd Mushroom"},{"floor":26,"key":"Bottled Tornado"}],"event_choices":[{"damage_healed":0,"gold_gain":0,"cards_transformed":["Bash"],"player_choice":"Change","damage_taken":0,"max_hp_gain":0,"max_hp_loss":0,"event_name":"Living Wall","floor":2,"gold_loss":0,"cards_obtained":["Fire Breathing"]},{"damage_healed":0,"gold_gain":0,"player_choice":"Success","damage_taken":33,"relics_obtained":["Ginger"],"max_hp_gain":0,"max_hp_loss":0,"event_name":"Scrap Ooze","floor":4,"gold_loss":0},{"damage_healed":26,"gold_gain":0,"player_choice":"Banana","damage_taken":0,"max_hp_gain":0,"max_hp_loss":0,"event_name":"Big Fish","floor":10,"gold_loss":0},{"damage_healed":0,"gold_gain":0,"player_choice":"Fought Mushrooms","damage_taken":0,"max_hp_gain":0,"max_hp_loss":0,"event_name":"Mushrooms","floor":14,"gold_loss":0},{"damage_healed":0,"gold_gain":0,"player_choice":"Simplicity","damage_taken":0,"max_hp_gain":0,"max_hp_loss":0,"event_name":"Back to Basics","floor":19,"gold_loss":0,"cards_upgraded":["Strike_R","Strike_R","Defend_R","Defend_R","Defend_R","Defend_R"]},{"damage_healed":0,"gold_gain":99,"player_choice":"Stole From Cult","damage_taken":0,"max_hp_gain":0,"max_hp_loss":0,"event_name":"Nest","floor":24,"gold_loss":0},{"damage_healed":0,"gold_gain":0,"cards_transformed":["Twin Strike","Second Wind"],"player_choice":"Became Test Subject","damage_taken":0,"max_hp_gain":0,"max_hp_loss":0,"event_name":"Drug Dealer","floor":28,"gold_loss":0,"cards_obtained":["Dual Wield","Feed"]},{"damage_healed":0,"gold_gain":0,"player_choice":"Bought 1 Potion","damage_taken":0,"max_hp_gain":0,"max_hp_loss":0,"event_name":"The Woman in Blue","floor":37,"gold_loss":0}],"is_beta":false,"boss_relics":[{"not_picked":["Black Star","Mark of Pain"],"picked":"Astrolabe"},{"not_picked":["Sozu","Velvet Choker"],"picked":"Busted Crown"}],"items_purged_floors":[30],"is_endless":false,"potions_floor_spawned":[8,14,16,20,22,33,35,36,38,41],"killed_by":"Transient","ascension_level":0}