{"gold_per_floor":[110,185,150,150,163,203,203,303,303,319,319,362,8,48,48,48],"floor_reached":16,"playtime":503,"items_purged":["Strike_B"],"score":275,"play_id":"f4ca57fa-c828-4e3e-a345-6a37f8740fac","local_time":"20190404133126","is_ascension_mode":true,"campfire_choices":[{"data":"Creative AI","floor":7,"key":"SMITH"},{"data":"Redo","floor":11,"key":"SMITH"},{"floor":15,"key":"REST"}],"neow_cost":"NONE","seed_source_timestamp":1268456191769095,"circlet_count":0,"master_deck":["AscendersBane","Strike_B","Strike_B","Strike_B","Defend_B","Defend_B","Defend_B","Defend_B","Zap","Dualcast","Blizzard","Redo+1","Creative AI+1","Rebound","Buffer","Defragment","Blizzard","Capacitor"],"relics":["Cracked Core","NeowsBlessing","Golden Idol","Dream Catcher","Darkstone Periapt","Pocketwatch","Matryoshka"],"potions_floor_usage":[10,12,14,14,14,16],"damage_taken":[{"damage":0,"enemies":"2 Louse","floor":1,"turns":1},{"damage":0,"enemies":"Small Slimes","floor":5,"turns":1},{"damage":0,"enemies":"3 Sentries","floor":6,"turns":1},{"damage":3,"enemies":"Jaw Worm","floor":10,"turns":5},{"damage":38,"enemies":"Gremlin Nob","floor":12,"turns":5},{"damage":15,"enemies":"3 Sentries","floor":14,"turns":6},{"damage":25,"enemies":"The Guardian","floor":16,"turns":6}],"seed_played":"-6690151866874138912","potions_obtained":[{"floor":6,"key":"EssenceOfSteel"},{"floor":10,"key":"Block Potion"},{"floor":14,"key":"Dexterity Potion"}],"is_trial":false,"path_per_floor":["M","?","?","?","M","E","R","?","T","M","R","E","$","E","R","B"],"character_chosen":"DEFECT","items_purchased":["Defragment","EntropicBrew","Blizzard"],"campfire_rested":1,"item_purchase_floors":[13,13,13],"current_hp_per_floor":[64,53,70,64,64,64,64,64,64,61,61,23,23,8,27,2],"gold":48,"neow_bonus":"THREE_ENEMY_KILL","is_prod":false,"is_daily":false,"chose_seed":false,"campfire_upgraded":2,"win_rate":0,"timestamp":1554402686,"path_taken":["M","?","?","?","?","E","R","?","T","?","R","E","$","E","R","BOSS"],"build_version":"2019-01-23","purchased_purges":1,"victory":false,"max_hp_per_floor":[71,71,71,64,64,64,64,64,64,64,64,64,64,64,64,64],"card_choices":[{"not_picked":["Barrage","Conserve Battery"],"picked":"Blizzard","floor":1},{"not_picked":["Rip and Tear","Turbo"],"picked":"Redo","floor":5},{"not_picked":["Barrage","Stack"],"picked":"Creative AI","floor":6},{"not_picked":["Stack","Melter"],"picked":"Rebound","floor":10},{"not_picked":["Consume","Turbo"],"picked":"Buffer","floor":12},{"not_picked":["Ball Lightning","Beam Cell"],"picked":"Capacitor","floor":14}],"player_experience":883597,"relics_obtained":[{"floor":6,"key":"Dream Catcher"},{"floor":9,"key":"Darkstone Periapt"},{"floor":12,"key":"Pocketwatch"},{"floor":14,"key":"Matryoshka"}],"event_choices":[{"damage_healed":0,"gold_gain":75,"player_choice":"Gather Gold","damage_taken":11,"max_hp_gain":0,"max_hp_loss":0,"event_name":"World of Goop","floor":2,"gold_loss":0},{"damage_healed":17,"gold_gain":0,"player_choice":"Healed","damage_taken":0,"max_hp_gain":0,"max_hp_loss":0,"event_name":"The Cleric","floor":3,"gold_loss":35},{"damage_healed":0,"gold_gain":0,"player_choice":"Lose Max HP","damage_taken":0,"relics_obtained":["Golden Idol"],"max_hp_gain":0,"max_hp_loss":7,"event_name":"Golden Idol","floor":4,"gold_loss":0},{"damage_healed":0,"gold_gain":100,"player_choice":"Gold","damage_taken":0,"max_hp_gain":0,"max_hp_loss":0,"event_name":"Wheel of Change","floor":8,"gold_loss":0}],"is_beta":false,"boss_relics":[],"items_purged_floors":[13],"is_endless":false,"potions_floor_spawned":[6,10,14],"killed_by":"The Guardian","ascension_level":19}