{"gold_per_floor":[119,136,136,155,168,168,204,204,253,253,272,291,291,18,18,146,209,228,143,134,158,183,183,183,183,183,227,252,10,10,30,30,155,155,174,74,89,102,435,435,470,470,470,485,495,507,507,507,507,507],"floor_reached":50,"playtime":5249,"items_purged":["Consume","Strike_B"],"score":571,"play_id":"f820b8d8-5802-445e-abc4-e68e0170eefa","local_time":"20190325192640","is_ascension_mode":true,"campfire_choices":[{"data":"Zap","floor":6.0,"key":"SMITH"},{"data":"Biased Cognition","floor":8.0,"key":"SMITH"},{"floor":10.0,"key":"REST"},{"floor":13.0,"key":"REST"},{"data":"Fission","floor":15.0,"key":"SMITH"},{"floor":23.0,"key":"REST"},{"data":"Echo Form","floor":25.0,"key":"SMITH"},{"floor":30.0,"key":"REST"},{"floor":32.0,"key":"REST"},{"data":"Coolheaded","floor":40.0,"key":"SMITH"},{"floor":42.0,"key":"REST"},{"floor":47.0,"key":"REST"},{"floor":49,"key":"REST"}],"neow_cost":"NONE","seed_source_timestamp":0,"circlet_count":0,"master_deck":["Strike_B","Defend_B+1","Defend_B","Defend_B","Defend_B","Zap+1","Dualcast","Compile Driver","FTL","Biased Cognition+1","Coolheaded+1","Fission+1","Conserve Battery","Echo Form+1","Storm+1","Chill+1","Loop+1","Conserve Battery","Aggregate","Skim+1","Multi-Cast+1","White Noise+1"],"special_seed":0,"relics":["Cracked Core","Bottled Lightning","Ancient Tea Set","Tiny House","Art of War","Vajra","Sundial","Dead Branch","Toxic Egg 2","Busted Crown","Blue Candle","Molten Egg 2"],"potions_floor_usage":[50],"damage_taken":[{"damage":2.0,"enemies":"Jaw Worm","floor":1.0,"turns":3.0},{"damage":0.0,"enemies":"2 Louse","floor":2.0,"turns":2.0},{"damage":0.0,"enemies":"Small Slimes","floor":4.0,"turns":2.0},{"damage":7.0,"enemies":"Looter","floor":5.0,"turns":3.0},{"damage":26.0,"enemies":"3 Sentries","floor":7.0,"turns":6.0},{"damage":2.0,"enemies":"2 Fungi Beasts","floor":11.0,"turns":2.0},{"damage":23.0,"enemies":"Exordium Thugs","floor":12.0,"turns":4.0},{"damage":38.0,"enemies":"Slime Boss","floor":16.0,"turns":10.0},{"damage":2.0,"enemies":"Chosen","floor":18.0,"turns":4.0},{"damage":23.0,"enemies":"2 Thieves","floor":20.0,"turns":4.0},{"damage":19.0,"enemies":"Cultist and Chosen","floor":21.0,"turns":5.0},{"damage":20.0,"enemies":"Centurion and Healer","floor":22.0,"turns":12.0},{"damage":15.0,"enemies":"Gremlin Leader","floor":27.0,"turns":6.0},{"damage":0.0,"enemies":"3 Cultists","floor":28.0,"turns":5.0},{"damage":2.0,"enemies":"Snecko","floor":31.0,"turns":3.0},{"damage":2.0,"enemies":"Champ","floor":33.0,"turns":11.0},{"damage":11.0,"enemies":"3 Darklings","floor":35.0,"turns":6.0},{"damage":0.0,"enemies":"3 Shapes","floor":37.0,"turns":4.0},{"damage":0.0,"enemies":"Maw","floor":38.0,"turns":8.0},{"damage":37.0,"enemies":"Reptomancer","floor":41.0,"turns":6.0},{"damage":27.0,"enemies":"Transient","floor":44.0,"turns":5.0},{"damage":21.0,"enemies":"Spire Growth","floor":45.0,"turns":5.0},{"damage":6.0,"enemies":"Maw","floor":46.0,"turns":7.0},{"damage":61,"enemies":"Awakened One","floor":50,"turns":10}],"seed_played":"8121973677697231352","potions_obtained":[{"floor":5.0,"key":"AttackPotion"},{"floor":7.0,"key":"Strength Potion"},{"floor":17.0,"key":"FairyPotion"},{"floor":21.0,"key":"SmokeBomb"},{"floor":22.0,"key":"LiquidBronze"},{"floor":28.0,"key":"Poison Potion"},{"floor":31.0,"key":"EntropicBrew"},{"floor":37.0,"key":"Poison Potion"},{"floor":38.0,"key":"Block Potion"},{"floor":44.0,"key":"Fire Potion"}],"is_trial":false,"path_per_floor":["M","M","?","M","M","R","E","R","T","R","M","M","R","$","R","B",null,"M","?","M","M","M","R","?","R","T","E","M","$","R","M","R","B",null,"M","$","M","M","?","R","E","R","T","M","M","M","R","?","R","B"],"character_chosen":"DEFECT","items_purchased":["Fission","Conserve Battery","Toxic Egg 2"],"campfire_rested":8,"item_purchase_floors":[14,14,29],"current_hp_per_floor":[73,73,55,55,48,48,22,22,22,44,42,19,41,41,41,3,80,78,78,55,36,16,40,40,40,40,25,25,25,49,47,71,69,80,69,69,69,69,69,69,32,56,56,29,8,2,26,26,50,0],"gold":507,"neow_bonus":"REMOVE_CARD","is_prod":false,"is_daily":false,"chose_seed":false,"campfire_upgraded":5,"win_rate":0,"timestamp":1553567200,"path_taken":["M","M","?","M","M","R","E","R","T","R","M","M","R","$","R","BOSS","M","?","M","M","M","R","?","R","T","E","M","$","R","M","R","BOSS","M","$","M","M","?","R","E","R","T","M","M","M","R","?","R","BOSS"],"build_version":"2019-01-23","purchased_purges":2,"victory":false,"max_hp_per_floor":[75,75,75,75,75,75,75,75,75,75,75,75,75,75,75,75,80,80,80,80,80,80,80,80,80,80,80,80,80,80,80,80,80,80,80,80,80,80,80,80,80,80,80,80,80,80,80,80,80,80],"card_choices":[{"not_picked":["Leap","Stack"],"picked":"Compile Driver","floor":1.0},{"not_picked":["Hologram","Streamline"],"picked":"Consume","floor":2.0},{"not_picked":["Coolheaded","Redo","Cold Snap"],"picked":"SKIP","floor":4.0},{"not_picked":["Turbo","Steam"],"picked":"FTL","floor":5.0},{"not_picked":["Static Discharge","Gash"],"picked":"Biased Cognition","floor":7.0},{"not_picked":["Rip and Tear","Melter","Ball Lightning"],"picked":"SKIP","floor":11.0},{"not_picked":["Sweeping Beam","Stack"],"picked":"Coolheaded","floor":12.0},{"not_picked":["All For One","Creative AI"],"picked":"Echo Form","floor":16.0},{"not_picked":["Fusion","Compile Driver"],"picked":"Storm+1","floor":18.0},{"not_picked":["Reboot","Genetic Algorithm+1"],"picked":"Chill+1","floor":20.0},{"not_picked":["Beam Cell","Conserve Battery"],"picked":"Loop+1","floor":21.0},{"not_picked":["Rebound+1","Scrape","Fusion"],"picked":"SKIP","floor":22.0},{"not_picked":["Rebound","Consume"],"picked":"Conserve Battery","floor":27.0},{"not_picked":["Redo","Melter"],"picked":"Aggregate","floor":28.0},{"not_picked":["Ball Lightning","Fusion+1"],"picked":"Skim+1","floor":31.0},{"not_picked":["All For One","Echo Form"],"picked":"Multi-Cast+1","floor":33.0},{"not_picked":["Steam Power+1"],"picked":"SKIP","floor":35.0},{"not_picked":["Beam Cell+1"],"picked":"SKIP","floor":37.0},{"not_picked":["Ball Lightning"],"picked":"SKIP","floor":38.0},{"not_picked":["Hologram+1"],"picked":"SKIP","floor":41.0},{"not_picked":["Stack+1"],"picked":"SKIP","floor":44.0},{"not_picked":["Turbo+1"],"picked":"SKIP","floor":45.0},{"not_picked":[],"picked":"White Noise+1","floor":46.0}],"player_experience":197048,"relics_obtained":[{"floor":7.0,"key":"Bottled Lightning"},{"floor":9.0,"key":"Ancient Tea Set"},{"floor":26.0,"key":"Sundial"},{"floor":27.0,"key":"Dead Branch"},{"floor":41.0,"key":"Blue Candle"},{"floor":43.0,"key":"Molten Egg 2"}],"event_choices":[{"damage_healed":0.0,"max_hp_gain":0.0,"max_hp_loss":0.0,"gold_gain":0.0,"event_name":"Golden Idol","player_choice":"Take Damage","floor":3.0,"gold_loss":0.0,"damage_taken":18.0,"relics_obtained":["Golden Idol"]},{"damage_healed":0.0,"max_hp_gain":0.0,"max_hp_loss":0.0,"gold_gain":0.0,"event_name":"Addict","player_choice":"Obtained Relic","floor":19.0,"gold_loss":85.0,"damage_taken":0.0,"relics_obtained":["Art of War"]},{"damage_healed":0.0,"max_hp_gain":0.0,"max_hp_loss":0.0,"gold_gain":0.0,"event_name":"The Mausoleum","player_choice":"Opened","floor":24.0,"gold_loss":0.0,"damage_taken":0.0,"relics_obtained":["Vajra"]},{"damage_healed":0.0,"max_hp_gain":0.0,"max_hp_loss":0.0,"gold_gain":333.0,"event_name":"The Moai Head","player_choice":"Gave Idol","floor":39.0,"relics_lost":["Golden Idol"],"gold_loss":0.0,"damage_taken":0.0},{"cards_removed":["Strike_B"],"damage_healed":0.0,"max_hp_gain":0.0,"max_hp_loss":0.0,"gold_gain":0.0,"event_name":"Falling","player_choice":"Removed Attack","floor":48.0,"gold_loss":0.0,"damage_taken":0.0}],"is_beta":false,"boss_relics":[{"not_picked":["Calling Bell","White Beast Statue"],"picked":"Tiny House"},{"not_picked":["Lizard Tail","Runic Dome"],"picked":"Busted Crown"}],"items_purged_floors":[14,36],"is_endless":false,"potions_floor_spawned":[5,7,21,22,28,31,37,38,44],"killed_by":"Awakened One","ascension_level":2}