{"path_per_floor":["M","M","$","M","$","R","$","R","T","E","?","E","M","?","R","B",null,"M","M","M","$","?","E","R","E","T","T","M","?"],"character_chosen":"DEFECT","items_purchased":["Sunder","Leap","Lantern"],"gold_per_floor":[115,127,58,74,25,25,25,25,25,54,54,84,94,94,94,192,192,212,232,249,22,22,50,50,85,85,112,128,128,128],"floor_reached":30,"campfire_rested":2,"playtime":929,"item_purchase_floors":[3,5,21],"current_hp_per_floor":[74,72,72,70,70,70,70,70,70,52,57,17,17,2,39,42,75,50,46,41,41,41,21,58,26,26,26,2,2,0],"items_purged":["Strike_B"],"gold":128,"score":331,"play_id":"b81b3837-48f9-4f82-8bfa-ce18446b13c5","local_time":"20180519230703","is_prod":false,"is_daily":false,"chose_seed":false,"is_ascension_mode":true,"campfire_upgraded":2,"timestamp":1526764023,"campfire_choices":[{"data":"Zap","floor":6,"key":"SMITH"},{"data":"Sunder","floor":8,"key":"SMITH"},{"floor":15,"key":"REST"},{"floor":24,"key":"REST"}],"path_taken":["M","M","?","?","$","R","?","R","T","E","?","E","M","?","R","BOSS","M","?","M","$","?","E","R","E","T","?","M","?","M"],"build_version":"2018-05-18","seed_source_timestamp":1254960454749829,"purchased_purges":1,"victory":false,"master_deck":["Strike_B","Strike_B","Defend_B+1","Defend_B","Defend_B+1","Defend_B+1","Zap+1","Dualcast","BootSequence","Sunder+1","Leap","Reinforced Body+1","Leap","Multi-Cast","Leap+1","Parasite","Writhe","Conserve Battery+1","Decay"],"max_hp_per_floor":[75,75,75,75,75,75,75,75,75,75,75,75,75,75,75,75,75,75,75,75,75,75,75,75,75,75,75,75,75,75],"relics":["Cracked Core","Centennial Puzzle","Mercury Hourglass","Regal Pillow","Cursed Key","Lantern","War Paint","Prayer Wheel","Mummified Hand","Oddly Smooth Stone"],"card_choices":[{"not_picked":["Capacitor","Sweeping Beam","Steam"],"picked":"SKIP","floor":1},{"not_picked":["Skim","Chill"],"picked":"BootSequence","floor":2},{"not_picked":["Meteor Strike","Skim"],"picked":"Leap","floor":4},{"not_picked":["Turbo","Force Field"],"picked":"Reinforced Body","floor":10},{"not_picked":["Turbo","Fission"],"picked":"Leap","floor":12},{"not_picked":["Hologram","Cold Snap","Steam"],"picked":"SKIP","floor":13},{"not_picked":["Rainbow","Reboot"],"picked":"Multi-Cast","floor":16},{"not_picked":["Go for the Eyes","Steam"],"picked":"Leap+1","floor":18},{"not_picked":["Conserve Battery","Leap+1","Heatsinks"],"picked":"SKIP","floor":19},{"not_picked":["Stack","Axe Kick","Sweeping Beam+1"],"picked":"SKIP","floor":20},{"not_picked":["Turbo","Rainbow","Axe Kick"],"picked":"SKIP","floor":23},{"not_picked":["Storm","Steam+1","Double Energy"],"picked":"SKIP","floor":25},{"not_picked":["Beam Cell","Capacitor+1"],"picked":"Conserve Battery+1","floor":28},{"not_picked":["Fusion","Cold Snap","Go for the Eyes"],"picked":"SKIP","floor":28}],"player_experience":83394,"potions_floor_usage":[16,16,18,23],"damage_taken":[{"damage":1,"enemies":"Cultist","floor":1,"turns":3},{"damage":2,"enemies":"2 Louse","floor":2,"turns":2},{"damage":2,"enemies":"Jaw Worm","floor":4,"turns":2},{"damage":18,"enemies":"Gremlin Nob","floor":10,"turns":3},{"damage":40,"enemies":"Lagavulin","floor":12,"turns":5},{"damage":0,"enemies":"Exordium Thugs","floor":13,"turns":3},{"damage":12,"enemies":"The Guardian","floor":16,"turns":10},{"damage":25,"enemies":"Chosen","floor":18,"turns":4},{"damage":4,"enemies":"Shell Parasite","floor":19,"turns":5},{"damage":5,"enemies":"Centurion and Healer","floor":20,"turns":6},{"damage":20,"enemies":"Slavers","floor":23,"turns":6},{"damage":32,"enemies":"Gremlin Leader","floor":25,"turns":7},{"damage":24,"enemies":"Chosen and Byrds","floor":28,"turns":6},{"damage":8,"enemies":"Slaver and Parasite","floor":30,"turns":1}],"relics_obtained":[{"floor":9,"key":"Centennial Puzzle"},{"floor":10,"key":"Mercury Hourglass"},{"floor":12,"key":"Regal Pillow"},{"floor":23,"key":"War Paint"},{"floor":25,"key":"Prayer Wheel"},{"floor":26,"key":"Mummified Hand"},{"floor":27,"key":"Oddly Smooth Stone"}],"event_choices":[{"event_name":"Bonfire Elementals","player_choice":"COMMON","floor":11,"damage_taken":0},{"event_name":"Shining Light","player_choice":"Entered Light","floor":14,"damage_taken":0},{"event_name":"N\u0027loth","player_choice":"Ignored","floor":22,"damage_taken":0},{"event_name":"Forgotten Altar","player_choice":"Smashed Altar","floor":29,"damage_taken":0}],"boss_relics":[{"not_picked":["Philosopher\u0027s Stone","Lizard Tail"],"picked":"Cursed Key"}],"items_purged_floors":[21],"potions_floor_spawned":[10,13,16,20],"seed_played":"-573550477622534841","killed_by":"Slaver and Parasite","ascension_level":4,"potions_obtained":[{"floor":10,"key":"SteroidPotion"},{"floor":13,"key":"Regen Potion"},{"floor":16,"key":"PowerPotion"},{"floor":20,"key":"SteroidPotion"}],"is_trial":false}