{"path_per_floor":["M","M","M","$","M","R","E","R","T","M","$","?","M","M","R","B",null,"M","?","M","?","M","R","M","?","T","R","M","$","M","M","R","B",null,"M","?","?","M","$","M","R","M","T","R","M","$","E","M","R"],"character_chosen":"IRONCLAD","items_purchased":["Flash of Steel","Bandage Up","Warcry"],"gold_per_floor":[115,131,149,74,92,92,121,121,121,138,41,69,82,96,96,193,193,209,209,222,222,239,239,258,258,258,258,269,73,86,103,103,206,206,223,223,223,235,110,129,129,141,168,168,185,10,38,49,49],"floor_reached":50,"campfire_rested":4,"playtime":2734,"current_hp_per_floor":[78,80,80,80,73,73,68,68,68,74,74,71,77,80,80,36,80,67,52,54,54,32,57,40,40,40,65,61,61,64,69,85,53,85,85,75,75,85,85,70,70,64,64,85,79,79,85,81,81],"items_purged":["Strike_R","Normality","Injury","Pain"],"gold":49,"play_id":"d9fd1773-164f-4f4c-9a9b-9900f8e59ab8","is_prod":false,"is_daily":false,"is_ascension_mode":false,"campfire_upgraded":5,"path_taken":["M","M","M","$","M","R","E","R","T","M","$","?","M","M","R","BOSS","M","?","M","?","M","R","M","?","T","R","?","$","M","M","R","BOSS","M","?","?","?","?","M","R","M","T","R","M","$","E","M","R","BOSS"],"build_version":"2018-02-01-PROD3","purchased_purges":4,"victory":false,"master_deck":["Strike_R+1","Strike_R+1","Strike_R+1","Strike_R+1","Defend_R+1","Defend_R+1","Defend_R+1","Defend_R+1","Bash","Inflame+1","Armaments+1","Shrug It Off","Headbutt","Thunderclap","Pommel Strike+1","Flash of Steel+1","Impervious","Shockwave","Exhume","Spot Weakness+1","Cleave+1","True Grit+1","Bandage Up","Pommel Strike","Exhume+1","Madness","Madness","Pummel+1","Headbutt+1","Fire Breathing+1","Exhume","Warcry","Pommel Strike+1"],"max_hp_per_floor":[80,80,80,80,80,80,80,80,80,80,80,80,80,80,80,80,80,80,85,85,85,85,85,85,85,85,85,85,85,85,85,85,85,85,85,85,85,85,85,85,85,85,85,85,85,85,85,85,85],"relics":["Burning Blood","Vajra","Charon\u0027s Ashes","Odd Mushroom","Cursed Key","Bag of Marbles","Shuriken","Sozu","Dream Catcher","Ancient Tea Set"],"card_choices":[{"not_picked":["Fire Breathing","Clothesline"],"picked":"Inflame"},{"not_picked":["Uppercut","Dual Wield"],"picked":"Armaments"},{"not_picked":["Thunderclap","Pommel Strike"],"picked":"Shrug It Off"},{"not_picked":["Infernal Blade","Immolate"],"picked":"Headbutt"},{"not_picked":["True Grit","Feel No Pain"],"picked":"Thunderclap"},{"not_picked":["Thunderclap","Burning Pact"],"picked":"Pommel Strike"},{"not_picked":["Clothesline","Warcry"],"picked":"Impervious"},{"not_picked":["Twin Strike","Searing Blow"],"picked":"Shockwave"},{"not_picked":["Reaper","Limit Break"],"picked":"Exhume"},{"not_picked":["Rupture","Thunderclap"],"picked":"Spot Weakness"},{"not_picked":["Flex","Anger"],"picked":"Cleave"},{"not_picked":["Power Through","Clash"],"picked":"True Grit"},{"not_picked":["Double Tap","Burning Pact"],"picked":"Pommel Strike"},{"not_picked":["Impervious","Fiend Fire"],"picked":"Exhume"},{"not_picked":["Sever Soul","Warcry"],"picked":"Pummel"},{"not_picked":["Seeing Red","Havoc"],"picked":"Headbutt"},{"not_picked":["Clothesline","Rage"],"picked":"Fire Breathing"},{"not_picked":["Clothesline","Havoc"],"picked":"Exhume"},{"not_picked":["Power Through","Feel No Pain"],"picked":"Pommel Strike"}],"player_experience":50085,"potions_floor_usage":[7,7,16,20,24,30,33,33],"damage_taken":[{"damage":8,"enemies":"2 Louse","floor":1,"turns":3},{"damage":1,"enemies":"Cultist","floor":2,"turns":3},{"damage":3,"enemies":"Jaw Worm","floor":3,"turns":5},{"damage":13,"enemies":"Gremlin Gang","floor":5,"turns":6},{"damage":11,"enemies":"Lagavulin","floor":7,"turns":6},{"damage":0,"enemies":"Looter","floor":10,"turns":5},{"damage":9,"enemies":"The Mushroom Lair","floor":12,"turns":4},{"damage":0,"enemies":"Exordium Wildlife","floor":13,"turns":3},{"damage":0,"enemies":"2 Fungi Beasts","floor":14,"turns":2},{"damage":50,"enemies":"The Guardian","floor":16,"turns":8},{"damage":19,"enemies":"3 Byrds","floor":18,"turns":5},{"damage":10,"enemies":"Spheric Guardian","floor":20,"turns":5},{"damage":28,"enemies":"Snake Plant","floor":22,"turns":5},{"damage":23,"enemies":"3 Cultists","floor":24,"turns":5},{"damage":10,"enemies":"Snecko","floor":28,"turns":5},{"damage":11,"enemies":"Centurion and Healer","floor":30,"turns":5},{"damage":5,"enemies":"Chosen and Byrds","floor":31,"turns":4},{"damage":46,"enemies":"Automaton","floor":33,"turns":9},{"damage":4,"enemies":"Orb Walker","floor":35,"turns":4},{"damage":3,"enemies":"3 Darklings","floor":38,"turns":3},{"damage":24,"enemies":"Maw","floor":40,"turns":6},{"damage":16,"enemies":"4 Shapes","floor":42,"turns":2},{"damage":12,"enemies":"Sphere and 2 Shapes","floor":45,"turns":3},{"damage":4,"enemies":"2 Orb Walkers","floor":47,"turns":4},{"damage":10,"enemies":"3 Darklings","floor":48,"turns":3},{"damage":86,"enemies":"Time Eater","floor":50,"turns":6}],"event_choices":[{"event_name":"Mushrooms","player_choice":"Fought Mushrooms","floor":12,"damage_taken":0},{"event_name":"Forgotten Altar","player_choice":"Shed Blood","floor":19,"damage_taken":0},{"event_name":"Accursed Blacksmith","player_choice":"Rummage","floor":21,"damage_taken":0},{"event_name":"Back to Basics","player_choice":"Simplicity","floor":25,"damage_taken":0},{"event_name":"Winding Halls","player_choice":"Embrace Madness","floor":36,"damage_taken":0},{"event_name":"Transmorgrifier","player_choice":"Transform","floor":37,"damage_taken":0}],"boss_relics":[{"not_picked":["Mark of Pain","Tiny House"],"picked":"Cursed Key"},{"not_picked":["Runic Dome","Snecko Eye"],"picked":"Sozu"}],"potions_floor_spawned":[1,3,7,14,20,24,28,30,35,40,48],"seed_played":"3815332925545627850","killed_by":"Time Eater","ascension_level":0,"is_trial":false}