{"path_per_floor":["M","?","?","T","?","R","E","R","T","E","T","$","E","M","R","B",null,"M","M","?","?","M","E","M","E","T","E","R","M","?","M","R","B",null,"M","M","$","?","M","R","M","E","T","E","M","R","M","$","R","B"],"character_chosen":"THE_SILENT","items_purchased":["Well Laid Plans","Oddly Smooth Stone","Riddle With Holes","Good Instincts","Slice","Adrenaline","Sadistic Nature","Strength Potion"],"gold_per_floor":[115,115,115,115,215,215,249,249,273,300,300,147,177,189,189,287,287,301,316,316,516,531,558,577,607,607,637,637,647,647,667,667,771,771,786,805,424,424,440,440,452,478,552,578,593,593,607,31,31,31],"floor_reached":51,"campfire_rested":1,"playtime":4997,"current_hp_per_floor":[62,67,67,67,67,67,41,41,41,32,32,32,32,32,32,30,64,64,64,64,64,64,63,65,64,64,9,31,33,33,35,35,31,64,66,68,68,68,70,70,72,84,84,92,92,92,92,92,92,21],"items_purged":["Strike_G","Clumsy","Strike_G"],"gold":31,"score":1273,"play_id":"749d4809-5da5-45f9-b550-33125c8b3ba8","local_time":"20180321092406","is_prod":false,"is_daily":false,"is_ascension_mode":true,"campfire_upgraded":7,"timestamp":1521649446,"path_taken":["M","?","?","?","?","R","E","R","T","E","?","$","E","M","R","BOSS","M","M","?","?","M","E","M","E","T","E","R","M","?","M","R","BOSS","M","M","$","?","M","R","M","E","T","E","M","R","M","$","R","BOSS"],"build_version":"2018-03-20","purchased_purges":3,"victory":true,"master_deck":["Defend_G+1","Defend_G+1","Defend_G+1","Defend_G+1","Defend_G+1","Strike_G+1","Strike_G+1","Survivor+1","Neutralize+1","Backflip+1","Blur+1","Slice","Well Laid Plans+1","Footwork+1","Slice","Adrenaline+1","PiercingWail","Die Die Die","Terror","Footwork+1","Cloak And Dagger","Quick Slash+1","Footwork","Concentrate+1","Envenom+1","Flying Knee+1","Cloak And Dagger+1","Riddle With Holes+1","Good Instincts","Slice+1","Flying Knee+1","Blade Dance+1","Slice+1","Adrenaline","Sadistic Nature"],"max_hp_per_floor":[70,75,75,75,75,75,75,75,75,75,75,75,75,75,75,75,75,75,75,75,75,75,75,75,75,75,75,75,75,75,75,75,75,75,75,75,75,75,75,75,75,85,85,92,92,92,92,92,92,92],"relics":["Ring of the Snake","Shuriken","Thread and Needle","War Paint","Omamori","Dead Branch","Letter Opener","Calling Bell","Gambling Chip","Juzu Bracelet","Dodecahedron","Blood Vial","Molten Egg 2","Pen Nib","Vajra","Philosopher\u0027s Stone","Oddly Smooth Stone","Pear","Mercury Hourglass","Strawberry"],"card_choices":[{"not_picked":["Quick Slash","Underhanded Strike"],"picked":"Backflip","floor":1},{"not_picked":["Die Die Die","Crippling Poison"],"picked":"Blur","floor":7},{"not_picked":["Corpse Explosion","Escape Plan"],"picked":"Slice","floor":10},{"not_picked":["Accuracy","Sucker Punch"],"picked":"Footwork","floor":13},{"not_picked":["Accuracy","PiercingWail"],"picked":"Slice","floor":14},{"not_picked":["Night Terror","Doppelganger"],"picked":"Adrenaline","floor":16},{"not_picked":["Sucker Punch","Bane"],"picked":"PiercingWail","floor":18},{"not_picked":["All Out Attack","Underhanded Strike"],"picked":"Die Die Die","floor":19},{"not_picked":["Eviscerate","Poisoned Stab"],"picked":"Terror","floor":22},{"not_picked":["PiercingWail","Well Laid Plans"],"picked":"Footwork","floor":23},{"not_picked":["Quick Slash","Prepared"],"picked":"Cloak And Dagger","floor":27},{"not_picked":["Backstab","Wraith Form"],"picked":"Quick Slash","floor":29},{"not_picked":["Bouncing Flask","Acrobatics"],"picked":"Concentrate","floor":31},{"not_picked":["Bullet Time","Unload"],"picked":"Envenom","floor":33},{"not_picked":["Prepared","Noxious Fumes"],"picked":"Flying Knee","floor":35},{"not_picked":["PiercingWail","Distraction"],"picked":"Cloak And Dagger","floor":36},{"not_picked":["Flechettes","Dagger Throw"],"picked":"Slice","floor":42},{"not_picked":["Deadly Poison","Poisoned Stab"],"picked":"Flying Knee","floor":45},{"not_picked":["Underhanded Strike","Dagger Throw"],"picked":"Blade Dance","floor":47}],"player_experience":199056,"potions_floor_usage":[10,23,25,27,27,39,50,50,50],"damage_taken":[{"damage":1,"enemies":"Jaw Worm","floor":1,"turns":5},{"damage":26,"enemies":"3 Sentries","floor":7,"turns":11},{"damage":9,"enemies":"Gremlin Nob","floor":10,"turns":5},{"damage":0,"enemies":"Lagavulin","floor":13,"turns":8},{"damage":0,"enemies":"2 Louse","floor":14,"turns":3},{"damage":2,"enemies":"Slime Boss","floor":16,"turns":15},{"damage":0,"enemies":"Spheric Guardian","floor":18,"turns":5},{"damage":0,"enemies":"3 Byrds","floor":19,"turns":6},{"damage":0,"enemies":"Snake Plant","floor":22,"turns":9},{"damage":1,"enemies":"Gremlin Leader","floor":23,"turns":8},{"damage":0,"enemies":"Sentry and Sphere","floor":24,"turns":10},{"damage":3,"enemies":"Slavers","floor":25,"turns":9},{"damage":57,"enemies":"Gremlin Leader","floor":27,"turns":16},{"damage":0,"enemies":"Centurion and Healer","floor":29,"turns":7},{"damage":0,"enemies":"Snake Plant","floor":31,"turns":5},{"damage":6,"enemies":"Collector","floor":33,"turns":16},{"damage":0,"enemies":"3 Shapes","floor":35,"turns":5},{"damage":0,"enemies":"Orb Walker","floor":36,"turns":4},{"damage":0,"enemies":"Sphere and 2 Shapes","floor":39,"turns":4},{"damage":0,"enemies":"Spire Growth","floor":41,"turns":5},{"damage":0,"enemies":"Nemesis","floor":42,"turns":7},{"damage":0,"enemies":"2 Orb Walkers","floor":44,"turns":5},{"damage":0,"enemies":"4 Shapes","floor":45,"turns":2},{"damage":0,"enemies":"Flame Bruiser 2 Orb","floor":47,"turns":3},{"damage":86,"enemies":"Awakened One","floor":50,"turns":9}],"event_choices":[{"event_name":"Big Fish","player_choice":"Donut","floor":2,"damage_taken":0},{"event_name":"Living Wall","player_choice":"Forget","floor":3,"damage_taken":0},{"event_name":"Wheel of Change","player_choice":"Gold","floor":5,"damage_taken":0},{"event_name":"Back to Basics","player_choice":"Simplicity","floor":20,"damage_taken":0},{"event_name":"Wheel of Change","player_choice":"Gold","floor":21,"damage_taken":0},{"event_name":"The Library","player_choice":"Read","floor":30,"damage_taken":0},{"event_name":"Tomb of Lord Red Mask","player_choice":"Ignored","floor":38,"damage_taken":0}],"boss_relics":[{"not_picked":["White Beast Statue","The Specimen"],"picked":"Calling Bell"},{"not_picked":["Question Card","Snecko Eye"],"picked":"Philosopher\u0027s Stone"}],"potions_floor_spawned":[7,16,18,19,24,29,35,39,41,45],"seed_played":"7631736272377304090","ascension_level":9,"is_trial":false}