{"gold_per_floor":[114,128,144,157,174,204,204,234,234,234,259,269,279,614,614,717,717,733,177,187,198,215,215,227,227,254,286,32,52,52,87,87,184,184,203,218,235,235,235,267,267,295,321,355,375,375,409,428,428,428,428,428,98,131,131],"floor_reached":56,"playtime":5079,"items_purged":["Strike_B","Strike_B","Strike_B"],"score":1576,"play_id":"1b53f7a6-c5b6-4eff-8d01-3339648ee03c","local_time":"20190405235057","is_ascension_mode":true,"campfire_choices":[{"floor":10,"key":"REST"},{"floor":15,"key":"REST"},{"data":"Echo Form","floor":23,"key":"SMITH"},{"data":"Mayhem","floor":25,"key":"SMITH"},{"data":"Blizzard","floor":32,"key":"SMITH"},{"floor":41,"key":"RECALL"},{"data":"Buffer","floor":49,"key":"SMITH"},{"data":"Glacier","floor":52,"key":"SMITH"}],"neow_cost":"NONE","seed_source_timestamp":50997492408038,"circlet_count":0,"master_deck":["Defend_B+1","Defend_B","Defend_B","Defend_B","Zap","Dualcast","Core Surge","Hello World","Doom and Gloom","Conserve Battery+1","Glacier+1","Glacier","Melter","Turbo+1","Tempest+1","Self Repair","Echo Form+1","Blizzard+1","Mayhem+1","Force Field+1","Leap+1","Self Repair","Beam Cell","Seek+1","Double Energy+1","Fission+1","Buffer+1","Double Energy+1","Double Energy+1","Defragment+1","Madness+1","Madness+1","Static Discharge+1","White Noise+1"],"relics":["Cracked Core","Ice Cream","Nunchaku","Incense Burner","Toxic Egg 2","Old Coin","Sozu","Centennial Puzzle","DataDisk","Mummified Hand","Vajra","War Paint","Lizard Tail","Potion Belt","Bronze Scales","Dodecahedron","Bottled Lightning","ClockworkSouvenir","Happy Flower"],"potions_floor_usage":[6,13,14,14,55],"damage_taken":[{"damage":0,"enemies":"2 Louse","floor":1,"turns":1},{"damage":6,"enemies":"Cultist","floor":2,"turns":3},{"damage":7,"enemies":"Jaw Worm","floor":3,"turns":3},{"damage":12,"enemies":"Exordium Thugs","floor":4,"turns":4},{"damage":8,"enemies":"Large Slime","floor":5,"turns":5},{"damage":9,"enemies":"3 Sentries","floor":6,"turns":8},{"damage":27,"enemies":"Gremlin Nob","floor":8,"turns":5},{"damage":1,"enemies":"Lagavulin","floor":11,"turns":6},{"damage":6,"enemies":"3 Louse","floor":12,"turns":6},{"damage":0,"enemies":"Lots of Slimes","floor":13,"turns":1},{"damage":4,"enemies":"3 Sentries","floor":14,"turns":3},{"damage":5,"enemies":"Hexaghost","floor":16,"turns":9},{"damage":12,"enemies":"2 Thieves","floor":18,"turns":4},{"damage":8,"enemies":"Chosen","floor":20,"turns":6},{"damage":0,"enemies":"Shelled Parasite and Fungi","floor":21,"turns":5},{"damage":0,"enemies":"Sentry and Sphere","floor":22,"turns":3},{"damage":19,"enemies":"Snake Plant","floor":24,"turns":4},{"damage":11,"enemies":"Gremlin Leader","floor":27,"turns":4},{"damage":0,"enemies":"Snecko","floor":29,"turns":4},{"damage":21,"enemies":"Slavers","floor":31,"turns":3},{"damage":13,"enemies":"Champ","floor":33,"turns":7},{"damage":0,"enemies":"3 Darklings","floor":35,"turns":3},{"damage":11,"enemies":"3 Shapes","floor":36,"turns":6},{"damage":4,"enemies":"3 Darklings","floor":37,"turns":2},{"damage":0,"enemies":"Nemesis","floor":40,"turns":11},{"damage":5,"enemies":"Reptomancer","floor":42,"turns":4},{"damage":11,"enemies":"Nemesis","floor":44,"turns":11},{"damage":0,"enemies":"Maw","floor":45,"turns":8},{"damage":39,"enemies":"Reptomancer","floor":47,"turns":4},{"damage":0,"enemies":"Jaw Worm Horde","floor":48,"turns":4},{"damage":3,"enemies":"Time Eater","floor":50,"turns":7},{"damage":17,"enemies":"Shield and Spear","floor":54,"turns":4},{"damage":48,"enemies":"The Heart","floor":55,"turns":5}],"seed_played":"7830726363920455173","potions_obtained":[{"floor":1,"key":"SpeedPotion"},{"floor":11,"key":"Dexterity Potion"},{"floor":12,"key":"Energy Potion"},{"floor":13,"key":"Explosive Potion"},{"floor":14,"key":"LiquidBronze"}],"is_trial":false,"path_per_floor":["M","M","M","M","M","E","?","E","T","R","E","M","M","E","R","B",null,"M","$","M","M","M","R","M","R","T","E","$","M","?","E","R","B",null,"M","M","M","?","?","E","R","E","T","E","M","?","E","M","R","B",null,"R","$","E","B",null],"character_chosen":"DEFECT","items_purchased":["Centennial Puzzle","Mayhem","Force Field+1","Leap+1","Self Repair","Vajra","ClockworkSouvenir"],"campfire_rested":2,"item_purchase_floors":[19,19,19,19,19,28,53],"current_hp_per_floor":[75,69,62,50,42,33,33,6,6,28,27,21,21,17,39,41,67,55,55,61,75,75,75,56,56,56,59,59,73,73,66,66,67,73,75,75,75,66,66,75,75,75,75,75,75,75,57,71,71,75,75,75,75,72,38],"gold":131,"neow_bonus":"ONE_RANDOM_RARE_CARD","is_prod":false,"is_daily":false,"chose_seed":false,"campfire_upgraded":5,"win_rate":0,"timestamp":1554533457,"path_taken":["M","M","M","M","M","E","?","E","T","R","E","M","?","E","R","BOSS","M","$","M","M","M","R","M","R","T","E","$","M","?","E","R","BOSS","M","M","M","?","?","E","R","E","T","E","M","?","E","M","R","BOSS","R","$","E","BOSS"],"build_version":"2019-01-23","purchased_purges":3,"victory":true,"max_hp_per_floor":[75,75,75,75,75,75,75,75,75,75,75,75,75,75,75,75,75,75,75,75,75,75,75,75,75,75,75,75,75,75,75,75,75,75,75,75,75,75,75,75,75,75,75,75,75,75,75,75,75,75,75,75,75,75,75],"card_choices":[{"not_picked":["Sweeping Beam","Barrage"],"picked":"Hello World","floor":1},{"not_picked":["Hologram","Cold Snap"],"picked":"Doom and Gloom","floor":2},{"not_picked":["Double Energy","Compile Driver"],"picked":"Conserve Battery","floor":3},{"not_picked":["Hologram","Lockon"],"picked":"Hello World","floor":4},{"not_picked":["Genetic Algorithm","White Noise"],"picked":"Glacier","floor":5},{"not_picked":["Undo","Skim"],"picked":"Glacier","floor":6},{"not_picked":["Ball Lightning","Consume"],"picked":"Melter","floor":8},{"not_picked":["Hyperbeam","Hello World","Skim"],"picked":"SKIP","floor":11},{"not_picked":["Doom and Gloom","Beam Cell"],"picked":"Turbo+1","floor":12},{"not_picked":["Gash","Lockon"],"picked":"Tempest+1","floor":13},{"not_picked":["Conserve Battery+1","Lockon"],"picked":"Self Repair","floor":14},{"not_picked":["Amplify+1","Core Surge"],"picked":"Echo Form","floor":16},{"not_picked":["Gash","Cold Snap"],"picked":"Blizzard","floor":18},{"not_picked":["Streamline","Consume+1"],"picked":"Beam Cell","floor":20},{"not_picked":["Beam Cell","Compile Driver","Streamline"],"picked":"SKIP","floor":21},{"not_picked":["Tempest+1","Ball Lightning"],"picked":"Seek+1","floor":22},{"not_picked":["Undo+1","Cold Snap"],"picked":"Double Energy+1","floor":24},{"not_picked":["Cold Snap","Genetic Algorithm+1"],"picked":"Fission+1","floor":27},{"not_picked":["Steam+1","Stack+1","Beam Cell+1"],"picked":"SKIP","floor":29},{"not_picked":["Ball Lightning","Chill+1","Conserve Battery+1"],"picked":"SKIP","floor":31},{"not_picked":["Biased Cognition","Reboot+1"],"picked":"Buffer","floor":33},{"not_picked":["Hologram+1","Storm"],"picked":"Double Energy+1","floor":35},{"not_picked":["Beam Cell+1","Capacitor"],"picked":"Double Energy+1","floor":36},{"not_picked":["Coolheaded+1","Go for the Eyes"],"picked":"Defragment+1","floor":37},{"not_picked":["Chaos+1","Beam Cell+1","Barrage"],"picked":"SKIP","floor":40},{"not_picked":["Fission+1","Doom and Gloom+1","Steam+1"],"picked":"SKIP","floor":42},{"not_picked":["Ball Lightning+1","Cold Snap","Stack+1"],"picked":"SKIP","floor":44},{"not_picked":["Streamline+1","Self Repair+1"],"picked":"Static Discharge+1","floor":45},{"not_picked":["Stack+1","Cold Snap","Gash+1"],"picked":"SKIP","floor":47},{"not_picked":["Leap+1","Blizzard","Chaos+1"],"picked":"SKIP","floor":48},{"not_picked":["Compile Driver","Undo+1"],"picked":"White Noise+1","floor":54}],"player_experience":255481,"relics_obtained":[{"floor":6,"key":"Ice Cream"},{"floor":8,"key":"Nunchaku"},{"floor":9,"key":"Incense Burner"},{"floor":11,"key":"Toxic Egg 2"},{"floor":14,"key":"Old Coin"},{"floor":26,"key":"DataDisk"},{"floor":27,"key":"Mummified Hand"},{"floor":31,"key":"War Paint"},{"floor":40,"key":"Potion Belt"},{"floor":42,"key":"Bronze Scales"},{"floor":44,"key":"Dodecahedron"},{"floor":47,"key":"Bottled Lightning"},{"floor":54,"key":"Happy Flower"}],"event_choices":[{"cards_removed":["Strike_B"],"damage_healed":0,"gold_gain":0,"player_choice":"Purged","damage_taken":0,"max_hp_gain":0,"max_hp_loss":0,"event_name":"Purifier","floor":7,"gold_loss":0},{"damage_healed":0,"gold_gain":0,"player_choice":"Ignored","damage_taken":0,"max_hp_gain":0,"max_hp_loss":0,"event_name":"Beggar","floor":30,"gold_loss":0},{"damage_healed":0,"gold_gain":0,"player_choice":"Embrace Madness","damage_taken":9,"max_hp_gain":0,"max_hp_loss":0,"event_name":"Winding Halls","floor":38,"gold_loss":0,"cards_obtained":["Madness","Madness"]},{"cards_removed":["Hello World"],"damage_healed":0,"gold_gain":0,"player_choice":"Removed Power","damage_taken":0,"max_hp_gain":0,"max_hp_loss":0,"event_name":"Falling","floor":39,"gold_loss":0},{"damage_healed":0,"gold_gain":0,"player_choice":"Ignored","damage_taken":0,"max_hp_gain":0,"max_hp_loss":0,"event_name":"SecretPortal","floor":46,"gold_loss":0}],"is_beta":false,"boss_relics":[{"not_picked":["Snecko Eye","FrozenCore"],"picked":"Sozu"},{"not_picked":["White Beast Statue","Calling Bell"],"picked":"Lizard Tail"}],"items_purged_floors":[19,28,53],"is_endless":false,"potions_floor_spawned":[1,11,12,13,14,20,22,27,31,40,42,44,48],"ascension_level":5}