{"gold_per_floor":[117,97,111,111,124,155,155,172,196,215,235,269,60,60],"floor_reached":14,"playtime":758,"items_purged":[],"score":107,"play_id":"e7a53b93-9d3c-4ae0-aa26-b31975003be1","local_time":"20190407210433","is_ascension_mode":true,"campfire_choices":[{"data":"Iron Wave","floor":7,"key":"SMITH"}],"neow_cost":"NONE","seed_source_timestamp":262801191264471,"circlet_count":0,"master_deck":["Strike_R","Strike_R","Strike_R","Strike_R","Strike_R","Defend_R","Defend_R","Defend_R","Defend_R","Disarm","Iron Wave+1","Uppercut","Ghostly Armor","Warcry","Anger"],"relics":["Burning Blood","NeowsBlessing","Bronze Scales","Lantern","Bag of Marbles","Toolbox"],"potions_floor_usage":[6,6,12],"damage_taken":[{"damage":0,"enemies":"2 Louse","floor":1,"turns":1},{"damage":0,"enemies":"Cultist","floor":3,"turns":1},{"damage":0,"enemies":"Jaw Worm","floor":5,"turns":1},{"damage":31,"enemies":"3 Sentries","floor":6,"turns":10},{"damage":0,"enemies":"Blue Slaver","floor":8,"turns":4},{"damage":11,"enemies":"Lots of Slimes","floor":10,"turns":3},{"damage":0,"enemies":"Red Slaver","floor":11,"turns":5},{"damage":27,"enemies":"Lagavulin","floor":12,"turns":9},{"damage":46,"enemies":"3 Sentries","floor":14,"turns":10}],"seed_played":"3900056582691065362","potions_obtained":[{"floor":1,"key":"Fire Potion"},{"floor":2,"key":"Fruit Juice"},{"floor":3,"key":"Poison Potion"}],"is_trial":false,"path_per_floor":["M","?","M","?","M","E","R","M","T","M","M","E","$","E"],"character_chosen":"IRONCLAD","items_purchased":["Toolbox"],"campfire_rested":0,"item_purchase_floors":[13],"current_hp_per_floor":[80,80,80,80,80,60,60,66,66,61,67,46,46,0],"gold":60,"neow_bonus":"THREE_ENEMY_KILL","is_prod":false,"is_daily":false,"chose_seed":false,"campfire_upgraded":1,"win_rate":0,"timestamp":1554685473,"path_taken":["M","?","?","?","?","E","R","M","T","M","M","E","$","E"],"build_version":"2019-01-23","purchased_purges":0,"victory":false,"max_hp_per_floor":[80,80,80,80,80,85,85,85,85,85,85,85,85,85],"card_choices":[{"not_picked":["Bloodletting","Second Wind"],"picked":"Disarm","floor":1},{"not_picked":["Twin Strike","True Grit"],"picked":"Iron Wave","floor":3},{"not_picked":["Bloodletting","Battle Trance"],"picked":"Uppercut","floor":5},{"not_picked":["Rupture","Brutality","Clothesline"],"picked":"SKIP","floor":6},{"not_picked":["Thunderclap","Twin Strike"],"picked":"Ghostly Armor","floor":8},{"not_picked":["Heavy Blade","Wild Strike"],"picked":"Warcry","floor":10},{"not_picked":["Burning Pact","Dropkick","Wild Strike"],"picked":"SKIP","floor":11},{"not_picked":["Dropkick","Rage"],"picked":"Anger","floor":12}],"player_experience":92388,"relics_obtained":[{"floor":6,"key":"Bronze Scales"},{"floor":9,"key":"Lantern"},{"floor":12,"key":"Bag of Marbles"}],"event_choices":[{"damage_healed":0,"gold_gain":0,"player_choice":"Bought 1 Potion","damage_taken":0,"max_hp_gain":0,"max_hp_loss":0,"event_name":"The Woman in Blue","floor":2,"gold_loss":0},{"cards_removed":["Bash"],"damage_healed":0,"gold_gain":0,"player_choice":"Offered Basic","damage_taken":0,"max_hp_gain":0,"max_hp_loss":0,"event_name":"Bonfire Elementals","floor":4,"gold_loss":0}],"is_beta":false,"boss_relics":[],"items_purged_floors":[],"is_endless":false,"potions_floor_spawned":[1,3],"killed_by":"3 Sentries","ascension_level":1}