{"gold_per_floor":[114,114,114,127,138,166,166,185,185,185,196,196,214,214],"floor_reached":14,"playtime":452,"items_purged":[],"score":142,"play_id":"556f9fba-9626-4a90-acd4-dade3ad300b9","local_time":"20181031215905","is_ascension_mode":false,"campfire_choices":[{"data":"Body Slam","floor":7,"key":"SMITH"},{"floor":10,"key":"REST"},{"floor":12,"key":"REST"}],"neow_cost":"","seed_source_timestamp":242759431914465,"circlet_count":0,"master_deck":["Strike_R","Strike_R","Strike_R","Strike_R","Strike_R","Defend_R","Defend_R","Defend_R","Defend_R","Body Slam+1","Body Slam+1"],"relics":["Unceasing Top","Molten Egg 2","Blue Candle"],"potions_floor_usage":[4,5,6,8,11,11],"damage_taken":[{"damage":6,"enemies":"Cultist","floor":1,"turns":3},{"damage":2,"enemies":"Small Slimes","floor":4,"turns":2},{"damage":0,"enemies":"2 Louse","floor":5,"turns":3},{"damage":55,"enemies":"Lagavulin","floor":6,"turns":9},{"damage":15,"enemies":"Lots of Slimes","floor":8,"turns":6},{"damage":20,"enemies":"Large Slime","floor":11,"turns":8},{"damage":9,"enemies":"2 Fungi Beasts","floor":13,"turns":3},{"damage":0,"enemies":"Exordium Wildlife","floor":14,"turns":1}],"seed_played":"1794208027555971263","potions_obtained":[{"floor":2,"key":"Ancient Potion"},{"floor":2,"key":"Fire Potion"},{"floor":2,"key":"Energy Potion"},{"floor":4,"key":"FearPotion"},{"floor":6,"key":"EssenceOfSteel"},{"floor":8,"key":"Dexterity Potion"}],"is_trial":true,"path_per_floor":["M","?","?","M","M","E","R","M","T","R","M","R","M"],"character_chosen":"IRONCLAD","items_purchased":[],"campfire_rested":2,"item_purchase_floors":[],"current_hp_per_floor":[74,74,74,72,72,17,17,2,2,26,6,30,21,21],"gold":214,"neow_bonus":"","is_prod":false,"is_daily":false,"chose_seed":false,"campfire_upgraded":1,"win_rate":0,"timestamp":1541041145,"path_taken":["M","?","?","M","M","E","R","M","T","R","M","R","M","M"],"build_version":"2018-10-25v2","purchased_purges":0,"victory":false,"max_hp_per_floor":[80,80,80,80,80,80,80,80,80,80,80,80,80,80],"card_choices":[{"not_picked":["Headbutt","Ghostly Armor","Hemokinesis"],"picked":"SKIP","floor":1},{"not_picked":["Searing Blow","Headbutt"],"picked":"Body Slam","floor":4},{"not_picked":["Flame Barrier","Feel No Pain","Pummel"],"picked":"SKIP","floor":5},{"not_picked":["Bloodletting","Carnage","Pommel Strike"],"picked":"SKIP","floor":6},{"not_picked":["Entrench","Shrug It Off"],"picked":"Body Slam+1","floor":8},{"not_picked":["Sword Boomerang+1","Headbutt+1","Clothesline+1"],"picked":"SKIP","floor":11},{"not_picked":["Pommel Strike+1","True Grit","Havoc"],"picked":"SKIP","floor":13}],"player_experience":250228,"relics_obtained":[{"floor":6,"key":"Molten Egg 2"},{"floor":9,"key":"Blue Candle"}],"event_choices":[{"damage_healed":0,"gold_gain":0,"player_choice":"Got Potions","damage_taken":0,"max_hp_gain":0,"max_hp_loss":0,"event_name":"The Lab","floor":2,"gold_loss":0},{"cards_removed":["Bash"],"damage_healed":0,"gold_gain":0,"player_choice":"Forget","damage_taken":0,"max_hp_gain":0,"max_hp_loss":0,"event_name":"Living Wall","floor":3,"gold_loss":0}],"is_beta":false,"boss_relics":[],"items_purged_floors":[],"is_endless":true,"potions_floor_spawned":[4,6,8],"killed_by":"Exordium Wildlife","ascension_level":0}