{"gold_per_floor":[110,110,110,128,128,161,161,180,180,193,368,368,403,416,416,515,515,532,457,303,303,315,315,350,450,518,518,518,433,433,447,447,549,549,563,563,577,577,260,260],"floor_reached":40,"playtime":1665,"items_purged":["Strike_B"],"score":620,"play_id":"abfd176b-854c-40e8-81e0-1de59949bba4","local_time":"20190320200329","is_ascension_mode":true,"campfire_choices":[{"floor":7,"key":"REST"},{"floor":15,"key":"REST"},{"floor":23,"key":"REST"},{"floor":28,"key":"REST"},{"data":"Capacitor","floor":30,"key":"SMITH"},{"data":"Zap","floor":32,"key":"SMITH"}],"neow_cost":"NONE","seed_source_timestamp":2505645671455323,"circlet_count":0,"master_deck":["Strike_B+1","Defend_B","Defend_B","Defend_B+1","Defend_B","Zap+1","Dualcast","Melter","Coolheaded","Reinforced Body","Self Repair","Gash","Sweeping Beam","Hello World","Sweeping Beam","Core Surge","Coolheaded","Rebound+1","Doom and Gloom","Ball Lightning","Capacitor+1","Ball Lightning","Electrodynamics","Coolheaded+1","Mind Blast"],"relics":["Cracked Core","Pear","Bag of Preparation","Boot","Art of War","Nuclear Battery","DataDisk","Meat on the Bone","WingedGreaves","Darkstone Periapt","Pantograph","Strawberry","Runic Pyramid","Bronze Scales"],"potions_floor_usage":[6,16,22,24,25,33,40,40,40],"damage_taken":[{"damage":9,"enemies":"Jaw Worm","floor":1,"turns":4},{"damage":0,"enemies":"2 Louse","floor":4,"turns":1},{"damage":46,"enemies":"Gremlin Nob","floor":6,"turns":6},{"damage":0,"enemies":"Small Slimes","floor":8,"turns":3},{"damage":20,"enemies":"Exordium Wildlife","floor":10,"turns":6},{"damage":13,"enemies":"3 Sentries","floor":13,"turns":10},{"damage":10,"enemies":"Blue Slaver","floor":14,"turns":5},{"damage":20,"enemies":"The Guardian","floor":16,"turns":12},{"damage":17,"enemies":"3 Byrds","floor":18,"turns":5},{"damage":26,"enemies":"2 Thieves","floor":22,"turns":4},{"damage":46,"enemies":"Slavers","floor":24,"turns":7},{"damage":13,"enemies":"Colosseum Slavers","floor":25,"turns":6},{"damage":17,"enemies":"Colosseum Nobs","floor":25,"turns":4},{"damage":23,"enemies":"Cultist and Chosen","floor":31,"turns":5},{"damage":59,"enemies":"Champ","floor":33,"turns":16},{"damage":24,"enemies":"3 Shapes","floor":35,"turns":5},{"damage":21,"enemies":"Orb Walker","floor":37,"turns":5},{"damage":70,"enemies":"Reptomancer","floor":40,"turns":7}],"seed_played":"7638328685880142488","potions_obtained":[{"floor":4,"key":"SpeedPotion"},{"floor":6,"key":"FocusPotion"},{"floor":14,"key":"Weak Potion"},{"floor":16,"key":"FearPotion"},{"floor":18,"key":"Fire Potion"},{"floor":31,"key":"SkillPotion"},{"floor":33,"key":"Weak Potion"},{"floor":36,"key":"PowerPotion"},{"floor":36,"key":"SkillPotion"}],"is_trial":false,"path_per_floor":["M","?","?","M","?","E","R","M","T","M","?","?","E","M","R","B",null,"M","?","$","?","M","R","E","?","T","?","R","?","R","M","R","B",null,"M","?","M","?","$","E"],"character_chosen":"DEFECT","items_purchased":["DataDisk","Bronze Scales","Mind Blast"],"campfire_rested":4,"item_purchase_floors":[20,39,39],"current_hp_per_floor":[59,44,51,51,51,5,30,37,37,24,24,52,46,43,68,55,78,68,68,68,68,49,74,35,36,36,36,61,68,68,64,64,49,81,64,64,62,62,62,0],"gold":260,"neow_bonus":"ONE_RANDOM_RARE_CARD","is_prod":false,"is_daily":false,"chose_seed":false,"campfire_upgraded":2,"win_rate":0,"timestamp":1553108609,"path_taken":["M","?","?","M","?","E","R","?","T","M","?","?","E","M","R","BOSS","M","?","$","?","M","R","E","?","T","?","R","?","R","M","R","BOSS","M","?","?","?","$","E"],"build_version":"2019-01-23","purchased_purges":1,"victory":false,"max_hp_per_floor":[75,75,85,85,85,85,85,85,85,85,85,85,85,85,85,85,85,85,85,85,85,85,85,85,85,85,85,85,92,92,92,92,92,92,92,92,92,92,92,92],"card_choices":[{"not_picked":["Barrage","Double Energy"],"picked":"Melter","floor":1},{"not_picked":["Aggregate","Go for the Eyes"],"picked":"Coolheaded","floor":4},{"not_picked":["FTL","Force Field"],"picked":"Self Repair","floor":6},{"not_picked":["Aggregate","Auto Shields"],"picked":"Gash","floor":8},{"not_picked":["Consume","Redo"],"picked":"Sweeping Beam","floor":10},{"not_picked":["Heatsinks","Barrage"],"picked":"Hello World","floor":13},{"not_picked":["Stack","Hyperbeam"],"picked":"Sweeping Beam","floor":14},{"not_picked":["Rainbow","Biased Cognition"],"picked":"Core Surge","floor":16},{"not_picked":["Redo","Force Field"],"picked":"Coolheaded","floor":18},{"not_picked":["Double Energy","Leap"],"picked":"Rebound+1","floor":22},{"not_picked":["Sweeping Beam","Tempest+1"],"picked":"Doom and Gloom","floor":24},{"not_picked":["Fusion","Hello World"],"picked":"Ball Lightning","floor":25},{"not_picked":["Beam Cell","Melter"],"picked":"Ball Lightning","floor":31},{"not_picked":["Thunder Strike","Seek"],"picked":"Electrodynamics","floor":33},{"not_picked":["Compile Driver","Steam"],"picked":"Coolheaded+1","floor":35},{"not_picked":["Storm+1","Steam","Amplify"],"picked":"SKIP","floor":37}],"player_experience":304589,"relics_obtained":[{"floor":6,"key":"Bag of Preparation"},{"floor":9,"key":"Boot"},{"floor":13,"key":"Art of War"},{"floor":24,"key":"Meat on the Bone"},{"floor":25,"key":"WingedGreaves"},{"floor":25,"key":"Darkstone Periapt"},{"floor":26,"key":"Pantograph"}],"event_choices":[{"damage_healed":0,"gold_gain":0,"player_choice":"Entered Light","damage_taken":15,"max_hp_gain":0,"max_hp_loss":0,"event_name":"Shining Light","floor":2,"gold_loss":0,"cards_upgraded":["Strike_B","Defend_B"]},{"damage_healed":0,"gold_gain":0,"player_choice":"Success","damage_taken":3,"relics_obtained":["Pear"],"max_hp_gain":0,"max_hp_loss":0,"event_name":"Scrap Ooze","floor":3,"gold_loss":0},{"damage_healed":0,"gold_gain":0,"cards_transformed":["Hyperbeam"],"player_choice":"Change","damage_taken":0,"max_hp_gain":0,"max_hp_loss":0,"event_name":"Living Wall","floor":5,"gold_loss":0,"cards_obtained":["Reinforced Body"]},{"damage_healed":0,"gold_gain":175,"player_choice":"AGREE","damage_taken":0,"max_hp_gain":0,"max_hp_loss":0,"event_name":"Liars Game","floor":11,"gold_loss":0,"cards_obtained":["Doubt"]},{"damage_healed":28,"gold_gain":0,"player_choice":"Banana","damage_taken":0,"max_hp_gain":0,"max_hp_loss":0,"event_name":"Big Fish","floor":12,"gold_loss":0},{"cards_removed":["Doubt"],"damage_healed":0,"gold_gain":0,"player_choice":"Gave Gold","damage_taken":0,"max_hp_gain":0,"max_hp_loss":0,"event_name":"Beggar","floor":19,"gold_loss":75},{"damage_healed":0,"gold_gain":0,"player_choice":"Ignored","damage_taken":0,"max_hp_gain":0,"max_hp_loss":0,"event_name":"Vampires","floor":21,"gold_loss":0},{"damage_healed":0,"gold_gain":0,"player_choice":"Fight","damage_taken":0,"max_hp_gain":0,"max_hp_loss":0,"event_name":"Colosseum","floor":25,"gold_loss":0},{"damage_healed":0,"gold_gain":0,"player_choice":"Fought Nobs","damage_taken":0,"max_hp_gain":0,"max_hp_loss":0,"event_name":"Colosseum","floor":25,"gold_loss":0},{"damage_healed":0,"gold_gain":0,"cards_transformed":["Strike_B","Strike_B"],"player_choice":"Became Test Subject","damage_taken":0,"max_hp_gain":0,"max_hp_loss":0,"event_name":"Drug Dealer","floor":27,"gold_loss":0,"cards_obtained":["Capacitor","Hello World"]},{"damage_healed":0,"gold_gain":0,"player_choice":"Obtained Relic","damage_taken":0,"relics_obtained":["Strawberry"],"max_hp_gain":0,"max_hp_loss":0,"event_name":"Addict","floor":29,"gold_loss":85},{"damage_healed":0,"gold_gain":0,"player_choice":"Got Potions","damage_taken":0,"max_hp_gain":0,"max_hp_loss":0,"event_name":"Lab","floor":36,"gold_loss":0},{"cards_removed":["Hello World"],"damage_healed":0,"gold_gain":0,"player_choice":"Purged","damage_taken":0,"max_hp_gain":0,"max_hp_loss":0,"event_name":"Purifier","floor":38,"gold_loss":0}],"is_beta":false,"boss_relics":[{"not_picked":["Philosopher\u0027s Stone","Lizard Tail"],"picked":"Nuclear Battery"},{"not_picked":["Velvet Choker","Fusion Hammer"],"picked":"Runic Pyramid"}],"items_purged_floors":[39],"is_endless":false,"potions_floor_spawned":[4,6,14,16,18,25,31,33],"killed_by":"Reptomancer","ascension_level":9}