{"gold_per_floor":[113,113,113,133,153,153,184,184,184,209,209,209,209,226,226,322,322,336,336,54,54,54,54,79,79,79,79,7,7,7,17,17,119,119,131,131,131],"floor_reached":37,"playtime":18437,"items_purged":[],"score":605,"play_id":"411738b9-922f-4888-8c6c-7ad7a8439639","local_time":"20190331121014","is_ascension_mode":true,"campfire_choices":[{"data":"Go for the Eyes","floor":6.0,"key":"SMITH"},{"data":"Glacier","floor":8.0,"key":"SMITH"},{"data":"Coolheaded","floor":15.0,"key":"SMITH"},{"data":"Zap","floor":23,"key":"SMITH"},{"floor":25,"key":"REST"},{"floor":27,"key":"REST"},{"floor":30,"key":"REST"},{"data":"Conserve Battery","floor":32,"key":"SMITH"}],"neow_cost":"NONE","seed_source_timestamp":0,"circlet_count":0,"master_deck":["Strike_B","Strike_B","Strike_B","Strike_B","Defend_B","Defend_B","Defend_B","Zap+1","Dualcast+1","Coolheaded+1","Go for the Eyes+1","Glacier+1","Conserve Battery+1","All For One","Beam Cell+1","Recycle+1","Coolheaded+1","Steam Power+1","White Noise+1","Electrodynamics+1"],"special_seed":0,"relics":["Cracked Core","Shuriken","PreservedInsect","Sundial","Toxic Egg 2","Frozen Egg 2","Inserter","Kunai","Ornamental Fan","Gremlin Horn","Busted Crown"],"potions_floor_usage":[24,37],"damage_taken":[{"damage":0.0,"enemies":"Cultist","floor":1.0,"turns":4.0},{"damage":0.0,"enemies":"Jaw Worm","floor":4.0,"turns":4.0},{"damage":3.0,"enemies":"2 Louse","floor":5.0,"turns":2.0},{"damage":8.0,"enemies":"3 Sentries","floor":7.0,"turns":10.0},{"damage":4.0,"enemies":"Gremlin Nob","floor":10.0,"turns":4.0},{"damage":0.0,"enemies":"Blue Slaver","floor":14.0,"turns":4.0},{"damage":9,"enemies":"The Guardian","floor":16,"turns":14},{"damage":9,"enemies":"Chosen","floor":18,"turns":8},{"damage":41,"enemies":"Slavers","floor":24,"turns":6},{"damage":7,"enemies":"Colosseum Slavers","floor":29,"turns":4},{"damage":0,"enemies":"Shell Parasite","floor":31,"turns":4},{"damage":32,"enemies":"Champ","floor":33,"turns":10},{"damage":0,"enemies":"Orb Walker","floor":35,"turns":3},{"damage":88,"enemies":"Time Eater","floor":37,"turns":8}],"seed_played":"8769034636274352929","potions_obtained":[{"floor":5.0,"key":"PowerPotion"},{"floor":14.0,"key":"EssenceOfSteel"},{"floor":35,"key":"AttackPotion"}],"is_trial":false,"path_per_floor":["M","?","?","M","M","R","E","R","T","E","?","T","?","M","R","B",null,"M","?","$","?","$","R","E","R","T","R","$","?","R","M","R","B",null,"M","?","B"],"character_chosen":"DEFECT","items_purchased":["Coolheaded+1","Kunai","Steam Power+1"],"campfire_rested":3,"item_purchase_floors":[20,20,28],"current_hp_per_floor":[75,80,80,80,77,77,69,69,69,65,47,47,40,40,40,31,73,64,64,64,47,47,47,6,33,33,60,60,53,80,80,80,48,81,81,81,0],"gold":131,"neow_bonus":"TEN_PERCENT_HP_BONUS","is_prod":false,"is_daily":false,"chose_seed":false,"campfire_upgraded":5,"win_rate":0,"timestamp":1554052214,"path_taken":["M","?","?","?","?","R","E","R","T","E","?","?","?","M","R","BOSS","M","?","$","?","?","R","E","R","T","R","$","?","R","M","R","BOSS","M","?","BOSS"],"build_version":"2019-01-23","purchased_purges":0,"victory":false,"max_hp_per_floor":[82,87,87,87,87,87,87,87,87,87,87,87,87,87,87,87,87,87,87,87,92,92,92,92,92,92,92,92,92,92,92,92,92,92,92,92,92],"card_choices":[{"not_picked":["Loop","Stack"],"picked":"Coolheaded","floor":1.0},{"not_picked":["Conserve Battery","Capacitor"],"picked":"Go for the Eyes","floor":4.0},{"not_picked":["Lockon","Genetic Algorithm"],"picked":"Glacier","floor":5.0},{"not_picked":["Go for the Eyes","Auto Shields"],"picked":"Conserve Battery","floor":7.0},{"not_picked":["Skim","Coolheaded","Redo"],"picked":"SKIP","floor":10.0},{"not_picked":["Gash","Stack+1","Rebound"],"picked":"SKIP","floor":14.0},{"not_picked":["Electrodynamics+1","Creative AI+1"],"picked":"All For One","floor":16},{"not_picked":["Melter+1","Hologram+1"],"picked":"Beam Cell+1","floor":18},{"not_picked":["Stack+1","Ball Lightning","Creative AI+1"],"picked":"SKIP","floor":24},{"not_picked":["Chill+1","Skim+1"],"picked":"White Noise+1","floor":31},{"not_picked":["All For One","Meteor Strike"],"picked":"Electrodynamics+1","floor":33},{"not_picked":["Gash+1"],"picked":"SKIP","floor":35}],"player_experience":189316,"relics_obtained":[{"floor":7.0,"key":"Shuriken"},{"floor":9.0,"key":"PreservedInsect"},{"floor":10.0,"key":"Sundial"},{"floor":12.0,"key":"Frozen Egg 2"},{"floor":24,"key":"Ornamental Fan"},{"floor":26,"key":"Gremlin Horn"}],"event_choices":[{"damage_healed":0.0,"max_hp_gain":5.0,"max_hp_loss":0.0,"gold_gain":0.0,"event_name":"Big Fish","player_choice":"Donut","floor":2.0,"gold_loss":0.0,"damage_taken":0.0},{"damage_healed":0.0,"max_hp_gain":0.0,"max_hp_loss":0.0,"gold_gain":0.0,"event_name":"Living Wall","player_choice":"Grow","floor":3.0,"gold_loss":0.0,"damage_taken":0.0,"cards_upgraded":["Dualcast"]},{"damage_healed":0.0,"max_hp_gain":0.0,"max_hp_loss":0.0,"gold_gain":0.0,"event_name":"Scrap Ooze","player_choice":"Success","floor":11.0,"gold_loss":0.0,"damage_taken":18.0,"relics_obtained":["Toxic Egg 2"]},{"cards_removed":["Defend_B"],"damage_healed":0.0,"max_hp_gain":0.0,"max_hp_loss":0.0,"gold_gain":0.0,"event_name":"Golden Wing","player_choice":"Card Removal","floor":13.0,"gold_loss":0.0,"damage_taken":7.0},{"damage_healed":0,"gold_gain":0,"player_choice":"Read","damage_taken":0,"max_hp_gain":0,"max_hp_loss":0,"event_name":"The Library","floor":19,"gold_loss":0,"cards_obtained":["Recycle"]},{"damage_healed":0,"gold_gain":0,"player_choice":"Shed Blood","damage_taken":22,"max_hp_gain":5,"max_hp_loss":0,"event_name":"Forgotten Altar","floor":21,"gold_loss":0},{"damage_healed":0,"gold_gain":0,"player_choice":"Fight","damage_taken":0,"max_hp_gain":0,"max_hp_loss":0,"event_name":"Colosseum","floor":29,"gold_loss":0},{"damage_healed":0,"gold_gain":0,"player_choice":"Fled From Nobs","damage_taken":0,"max_hp_gain":0,"max_hp_loss":0,"event_name":"Colosseum","floor":29,"gold_loss":0},{"damage_healed":0,"gold_gain":0,"player_choice":"Took Portal","damage_taken":0,"max_hp_gain":0,"max_hp_loss":0,"event_name":"SecretPortal","floor":36,"gold_loss":0}],"is_beta":false,"boss_relics":[{"not_picked":["Orrery","Fusion Hammer"],"picked":"Inserter"},{"not_picked":["Calling Bell","Cursed Key"],"picked":"Busted Crown"}],"items_purged_floors":[],"is_endless":false,"potions_floor_spawned":[5,14,29,35],"killed_by":"Time Eater","ascension_level":8}