{"gold_per_floor":[16,32,32,42,57,57,82,82,106,121,121,121,136,61,61,61],"floor_reached":16,"playtime":1330,"items_purged":["Strike_G"],"score":128,"play_id":"419a5531-4430-46a3-95a1-1a7355800de5","local_time":"20190322142112","is_ascension_mode":true,"campfire_choices":[{"data":"Forethought","floor":6.0,"key":"SMITH"},{"floor":8,"key":"REST"},{"data":"Prepared","floor":11,"key":"SMITH"},{"floor":15,"key":"REST"}],"neow_cost":"NO_GOLD","seed_source_timestamp":0,"circlet_count":0,"master_deck":["Defend_G","Defend_G","Defend_G","Defend_G","Strike_G","Strike_G","Strike_G","Survivor","Neutralize","Eviscerate","Backflip","Forethought+1","Skewer","Dagger Throw","Deflect","Prepared+1"],"special_seed":0,"relics":["Ring of the Snake","Ancient Tea Set","Bag of Preparation"],"potions_floor_usage":[7,16,16],"damage_taken":[{"damage":0.0,"enemies":"Jaw Worm","floor":1.0,"turns":4.0},{"damage":1.0,"enemies":"Cultist","floor":2.0,"turns":5.0},{"damage":0.0,"enemies":"Small Slimes","floor":4.0,"turns":2.0},{"damage":0.0,"enemies":"Blue Slaver","floor":5.0,"turns":4.0},{"damage":46,"enemies":"3 Sentries","floor":7,"turns":12},{"damage":3,"enemies":"Exordium Wildlife","floor":10,"turns":4},{"damage":0,"enemies":"Looter","floor":13,"turns":3},{"damage":65,"enemies":"Hexaghost","floor":16,"turns":16}],"seed_played":"3391139454590225548","potions_obtained":[{"floor":1.0,"key":"EssenceOfSteel"},{"floor":2.0,"key":"SteroidPotion"},{"floor":12,"key":"SmokeBomb"},{"floor":12,"key":"GhostInAJar"}],"is_trial":false,"path_per_floor":["M","M","?","M","M","R","E","R","T","M","R","?","M","$","R","B"],"character_chosen":"THE_SILENT","items_purchased":[],"campfire_rested":2,"item_purchase_floors":[],"current_hp_per_floor":[70,69,69,69,69,69,23,44,44,41,41,41,41,41,62,0],"gold":61,"neow_bonus":"REMOVE_TWO","is_prod":false,"is_daily":false,"chose_seed":false,"campfire_upgraded":2,"win_rate":0,"timestamp":1553286072,"path_taken":["M","M","?","M","?","R","E","R","T","M","R","?","M","?","R","BOSS"],"build_version":"2019-01-23","purchased_purges":1,"victory":false,"max_hp_per_floor":[70,70,70,70,70,70,70,70,70,70,70,70,70,70,70,70],"card_choices":[{"not_picked":["Accuracy","Underhanded Strike"],"picked":"Eviscerate","floor":1.0},{"not_picked":["Prepared","Reflex"],"picked":"Backflip","floor":2.0},{"not_picked":["Slice","Terror"],"picked":"Skewer","floor":4.0},{"not_picked":["Catalyst","PiercingWail"],"picked":"Dagger Throw","floor":5.0},{"not_picked":["Bouncing Flask","Skewer"],"picked":"Deflect","floor":7},{"not_picked":["Expertise","Riddle With Holes"],"picked":"Prepared","floor":10},{"not_picked":["Poisoned Stab","PiercingWail","Quick Slash"],"picked":"SKIP","floor":13}],"player_experience":129441,"relics_obtained":[{"floor":7,"key":"Ancient Tea Set"},{"floor":9,"key":"Bag of Preparation"}],"event_choices":[{"damage_healed":0.0,"max_hp_gain":0.0,"max_hp_loss":0.0,"gold_gain":0.0,"event_name":"Match and Keep!","player_choice":"1 cards matched","floor":3.0,"gold_loss":0.0,"damage_taken":0.0,"cards_obtained":["Forethought"]},{"damage_healed":0,"gold_gain":0,"player_choice":"Got Potions","damage_taken":0,"max_hp_gain":0,"max_hp_loss":0,"event_name":"Lab","floor":12,"gold_loss":0}],"is_beta":false,"boss_relics":[],"items_purged_floors":[14],"is_endless":false,"potions_floor_spawned":[1,2,13],"killed_by":"Hexaghost","ascension_level":5}