{"gold_per_floor":[119,119,133,133,148,174,174,99,99,99,114,47,81,81,81,200,200,200,200,48,48,48,48,48,48,48,48,48,48,48,48,48,48,48,48,48,2,2,2,2,2,2,2,2,2,2,2,2,2,2],"floor_reached":50,"playtime":1664,"items_purged":["Pain"],"score":655,"play_id":"e11f1868-31ca-4e19-bbb5-f2eb794606b1","local_time":"20190204002840","is_ascension_mode":true,"campfire_choices":[{"floor":7.0,"key":"REST"},{"data":"Bash","floor":10.0,"key":"SMITH"},{"data":"Perfected Strike","floor":15.0,"key":"SMITH"},{"floor":28.0,"key":"REST"},{"floor":30.0,"key":"RECALL"},{"data":"Double Tap","floor":32.0,"key":"SMITH"},{"floor":40,"key":"REST"},{"floor":42,"key":"REST"},{"floor":49,"key":"REST"}],"neow_cost":"NONE","seed_source_timestamp":3157344416849,"circlet_count":0,"master_deck":["Strike_R","Strike_R","Strike_R","Strike_R","Strike_R","Defend_R+1","Defend_R","Defend_R+1","Defend_R","Bash+1","Perfected Strike","Wild Strike","Perfected Strike+1","Evolve","Double Tap+1","Pommel Strike+1","Inflame+1","Twin Strike","Wild Strike+1","Flex+1","Twin Strike","Juggernaut","Parasite","Twin Strike+1","Perfected Strike","Warcry+1"],"special_seed":0,"relics":["Burning Blood","WarpedTongs","Self Forming Clay","Oddly Smooth Stone","Dodecahedron","Golden Idol","Ectoplasm","Toxic Egg 2","Red Skull","Dream Catcher","Omamori","Blood Vial","War Paint","Calling Bell","Smiling Mask","Frozen Egg 2","Peace Pipe","Bronze Scales","Letter Opener","Bird Faced Urn","Champion Belt"],"potions_floor_usage":[33,33,36,39,47,50],"damage_taken":[{"damage":0.0,"enemies":"Small Slimes","floor":1.0,"turns":2.0},{"damage":3.0,"enemies":"Cultist","floor":3.0,"turns":2.0},{"damage":16.0,"enemies":"Jaw Worm","floor":5.0,"turns":2.0},{"damage":39.0,"enemies":"Lagavulin","floor":6.0,"turns":5.0},{"damage":8.0,"enemies":"Red Slaver","floor":11.0,"turns":3.0},{"damage":14.0,"enemies":"Gremlin Nob","floor":13.0,"turns":3.0},{"damage":18.0,"enemies":"Hexaghost","floor":16.0,"turns":9.0},{"damage":0.0,"enemies":"2 Thieves","floor":18.0,"turns":1.0},{"damage":2.0,"enemies":"Spheric Guardian","floor":21.0,"turns":3.0},{"damage":24.0,"enemies":"Snake Plant","floor":22.0,"turns":2.0},{"damage":30.0,"enemies":"Book of Stabbing","floor":23.0,"turns":4.0},{"damage":20.0,"enemies":"Centurion and Healer","floor":25.0,"turns":4.0},{"damage":5.0,"enemies":"Gremlin Leader","floor":27.0,"turns":4.0},{"damage":70,"enemies":"Champ","floor":33,"turns":8},{"damage":16,"enemies":"Orb Walker","floor":35,"turns":3},{"damage":0,"enemies":"3 Shapes","floor":36,"turns":2},{"damage":0,"enemies":"Spire Growth","floor":38,"turns":2},{"damage":21,"enemies":"Sphere and 2 Shapes","floor":39,"turns":3},{"damage":20,"enemies":"Giant Head","floor":41,"turns":5},{"damage":0,"enemies":"Mind Bloom Boss Battle","floor":45,"turns":3},{"damage":18,"enemies":"Nemesis","floor":46,"turns":3},{"damage":19,"enemies":"Maw","floor":47,"turns":5},{"damage":22,"enemies":"Spire Growth","floor":48,"turns":3},{"damage":54,"enemies":"Awakened One","floor":50,"turns":5}],"seed_played":"2263848587564422182","potions_obtained":[{"floor":3.0,"key":"SmokeBomb"},{"floor":5.0,"key":"BloodPotion"},{"floor":13.0,"key":"PowerPotion"},{"floor":16.0,"key":"Swift Potion"},{"floor":21.0,"key":"Strength Potion"},{"floor":25.0,"key":"PowerPotion"},{"floor":27.0,"key":"SteroidPotion"},{"floor":35,"key":"Explosive Potion"},{"floor":38,"key":"Fire Potion"},{"floor":45,"key":"Poison Potion"},{"floor":46,"key":"Explosive Potion"}],"is_trial":false,"path_per_floor":["M","?","M","?","M","E","R","$","T","R","M","$","E","?","R","B",null,"M","?","$","M","M","E","?","M","T","E","R","?","R","T","R","B",null,"M","M","$","M","M","R","E","R","T","?","?","E","M","M","R","B"],"character_chosen":"IRONCLAD","items_purchased":["Evolve","Red Skull","Perfected Strike"],"campfire_rested":5,"item_purchase_floors":[12,20,37],"current_hp_per_floor":[80,80,80,80,70,37,61,61,61,61,59,59,51,51,51,39,74,74,74,74,74,56,32,74,60,60,61,74,74,74,74,74,17,74,64,72,72,74,59,74,60,74,74,70,70,60,51,37,58,8],"gold":2,"neow_bonus":"RANDOM_COLORLESS","is_prod":false,"is_daily":false,"chose_seed":false,"campfire_upgraded":3,"win_rate":0,"timestamp":1549261720,"path_taken":["M","?","?","?","M","E","R","$","T","R","M","$","E","?","R","BOSS","M","?","$","M","?","E","?","?","T","E","R","?","R","?","R","BOSS","M","M","?","M","?","R","E","R","T","?","?","E","?","M","R","BOSS"],"build_version":"2019-01-23","purchased_purges":1,"victory":false,"max_hp_per_floor":[80,80,80,80,80,80,80,80,80,80,80,80,80,74,74,74,74,74,74,74,74,74,74,74,74,74,74,74,74,74,74,74,74,74,74,74,74,74,74,74,74,74,74,70,70,70,70,70,70,70],"card_choices":[{"not_picked":["Hemokinesis","Headbutt"],"picked":"Perfected Strike","floor":1.0},{"not_picked":["Sentinel","Reckless Charge","Shockwave"],"picked":"SKIP","floor":3.0},{"not_picked":["Rampage","Body Slam"],"picked":"Wild Strike","floor":5.0},{"not_picked":["Body Slam","Blood for Blood"],"picked":"Perfected Strike","floor":6.0},{"not_picked":["Havoc","Sword Boomerang","Uppercut"],"picked":"SKIP","floor":11.0},{"not_picked":["Spot Weakness","Cleave","Body Slam"],"picked":"SKIP","floor":13.0},{"not_picked":["Demon Form","Reaper"],"picked":"Double Tap","floor":16.0},{"not_picked":["Clash+1","Wild Strike"],"picked":"Pommel Strike+1","floor":21.0},{"not_picked":["Anger","Barricade"],"picked":"Inflame+1","floor":22.0},{"not_picked":["Hemokinesis","Iron Wave"],"picked":"Twin Strike","floor":23.0},{"not_picked":["Sentinel+1","Disarm+1"],"picked":"Wild Strike+1","floor":25.0},{"not_picked":["Corruption+1","Sword Boomerang"],"picked":"Flex+1","floor":27.0},{"not_picked":["Evolve","Combust"],"picked":"Twin Strike","floor":28.0},{"not_picked":["Limit Break+1","Feed"],"picked":"Juggernaut","floor":33},{"not_picked":["Clothesline","Flex+1","Feel No Pain+1"],"picked":"SKIP","floor":35},{"not_picked":["Second Wind+1","Entrench+1"],"picked":"Twin Strike+1","floor":36},{"not_picked":["Body Slam+1","Flex+1","Havoc+1"],"picked":"SKIP","floor":38},{"not_picked":["Sword Boomerang","Iron Wave+1"],"picked":"Warcry+1","floor":39},{"not_picked":["Searing Blow+1","Shrug It Off+1","Limit Break+1"],"picked":"SKIP","floor":41},{"not_picked":["Clothesline","Carnage+1","Sentinel+1"],"picked":"SKIP","floor":46},{"not_picked":["Havoc+1","Rampage","Anger"],"picked":"SKIP","floor":47},{"not_picked":["Armaments+1","Rupture+1","Combust+1"],"picked":"SKIP","floor":48}],"player_experience":446692,"relics_obtained":[{"floor":6.0,"key":"Self Forming Clay"},{"floor":9.0,"key":"Oddly Smooth Stone"},{"floor":13.0,"key":"Dodecahedron"},{"floor":23.0,"key":"Dream Catcher"},{"floor":26.0,"key":"Omamori"},{"floor":27.0,"key":"Blood Vial"},{"floor":31.0,"key":"War Paint"},{"floor":34,"key":"Smiling Mask"},{"floor":34,"key":"Frozen Egg 2"},{"floor":34,"key":"Peace Pipe"},{"floor":41,"key":"Bronze Scales"},{"floor":43,"key":"Letter Opener"},{"floor":45,"key":"Bird Faced Urn"},{"floor":46,"key":"Champion Belt"}],"event_choices":[{"damage_healed":0.0,"max_hp_gain":0.0,"max_hp_loss":0.0,"gold_gain":0.0,"event_name":"Accursed Blacksmith","player_choice":"Rummage","floor":2.0,"gold_loss":0.0,"damage_taken":0.0,"relics_obtained":["WarpedTongs"],"cards_obtained":["Pain"]},{"damage_healed":0.0,"max_hp_gain":0.0,"max_hp_loss":0.0,"gold_gain":0.0,"event_name":"Shining Light","player_choice":"Ignored","floor":4.0,"gold_loss":0.0,"damage_taken":0.0},{"damage_healed":0.0,"max_hp_gain":0.0,"max_hp_loss":6.0,"gold_gain":0.0,"event_name":"Golden Idol","player_choice":"Lose Max HP","floor":14.0,"gold_loss":0.0,"damage_taken":0.0,"relics_obtained":["Golden Idol"]},{"damage_healed":0.0,"max_hp_gain":0.0,"max_hp_loss":0.0,"gold_gain":0.0,"event_name":"WeMeetAgain","player_choice":"Gave Potion","floor":19.0,"gold_loss":0.0,"damage_taken":0.0,"relics_obtained":["Toxic Egg 2"]},{"cards_removed":["Dramatic Entrance"],"damage_healed":42.0,"max_hp_gain":0.0,"max_hp_loss":0.0,"gold_gain":0.0,"event_name":"Bonfire Elementals","player_choice":"Offered Uncommon","floor":24.0,"gold_loss":0.0,"damage_taken":0.0},{"damage_healed":0.0,"max_hp_gain":0.0,"max_hp_loss":0.0,"gold_gain":0.0,"event_name":"Vampires","player_choice":"Ignored","floor":29.0,"gold_loss":0.0,"damage_taken":0.0},{"damage_healed":0,"gold_gain":0,"player_choice":"Max HP","damage_taken":0,"max_hp_gain":0,"max_hp_loss":4,"event_name":"Winding Halls","floor":44,"gold_loss":0},{"damage_healed":0,"gold_gain":0,"player_choice":"Fight","damage_taken":0,"max_hp_gain":0,"max_hp_loss":0,"event_name":"MindBloom","floor":45,"gold_loss":0}],"is_beta":false,"boss_relics":[{"not_picked":["Coffee Dripper","Runic Cube"],"picked":"Ectoplasm"},{"not_picked":["Tiny House","Astrolabe"],"picked":"Calling Bell"}],"items_purged_floors":[8],"is_endless":false,"potions_floor_spawned":[3,5,13,16,18,21,25,27,35,38,45,46],"killed_by":"Awakened One","ascension_level":2}