{"path_per_floor":["M","?","?","M","$","R","E","R","T","E","M","R","M","E","R","B",null,"M","?","M","?","M","R","M","M","T","M","R","M"],"character_chosen":"DEFECT","items_purchased":["Axe Kick"],"gold_per_floor":[119,119,119,130,32,32,62,62,87,121,141,141,158,183,183,279,279,299,299,310,310,324,324,343,363,389,403,403,420,420],"floor_reached":30,"campfire_rested":4,"playtime":986,"current_hp_per_floor":[74,74,81,76,76,76,55,55,55,44,44,68,63,52,76,76,82,69,69,59,43,32,58,22,6,6,6,32,22,0],"items_purged":["Regret"],"gold":420,"score":302,"play_id":"985e1066-75c9-45cc-977b-4d6f5c94eac6","local_time":"20180504113531","is_prod":false,"is_daily":false,"chose_seed":false,"is_ascension_mode":false,"campfire_upgraded":2,"timestamp":1525426531,"path_taken":["M","?","?","M","$","R","E","R","T","E","M","R","M","E","R","BOSS","M","?","?","?","M","R","M","M","T","M","R","?","M"],"build_version":"2018-05-03","seed_source_timestamp":358503885482136,"purchased_purges":1,"victory":false,"master_deck":["Strike_B+1","Strike_B","Strike_B","Defend_B","Defend_B","Defend_B","Defend_B","Zap+1","Dualcast","Scrape+1","Consume","Axe Kick+1","Go for the Eyes","Defragment","Echo Form","Go for the Eyes","White Noise+1","Beam Cell","Scrape","FTL","Axe Kick+1","Capacitor"],"max_hp_per_floor":[75,75,82,82,82,82,82,82,82,82,82,82,82,82,82,82,82,82,82,82,87,87,87,87,87,87,87,87,87,87],"relics":["Cracked Core","Strawberry","Symbiotic Virus","Whetstone","Gremlin Horn","Toxic Egg 2","Nuclear Battery","DataDisk"],"card_choices":[{"not_picked":["Streamline","Beam Cell"],"picked":"Consume","floor":1},{"not_picked":["Sweeping Beam","Ball Lightning"],"picked":"Go for the Eyes","floor":13},{"not_picked":["Rebound","Ball Lightning"],"picked":"Defragment","floor":14},{"not_picked":["Fusion","Prime"],"picked":"Echo Form","floor":16},{"not_picked":["Recycle","Sweeping Beam"],"picked":"Go for the Eyes","floor":18},{"not_picked":["Cold Snap","Storm"],"picked":"White Noise","floor":20},{"not_picked":["Sweeping Beam","Stack"],"picked":"Beam Cell","floor":22},{"not_picked":["Reprogram","Ball Lightning"],"picked":"Scrape","floor":24},{"not_picked":["Sweeping Beam","Aggregate"],"picked":"FTL","floor":25},{"not_picked":["Reprogram","Beam Cell"],"picked":"Axe Kick","floor":27},{"not_picked":["Streamline","Leap"],"picked":"Capacitor","floor":29}],"player_experience":37836,"potions_floor_usage":[7,16,18,25,27],"damage_taken":[{"damage":1,"enemies":"Cultist","floor":1,"turns":3},{"damage":5,"enemies":"2 Louse","floor":4,"turns":3},{"damage":21,"enemies":"3 Sentries","floor":7,"turns":9},{"damage":11,"enemies":"Gremlin Nob","floor":10,"turns":3},{"damage":0,"enemies":"Jaw Worm","floor":11,"turns":1},{"damage":5,"enemies":"Looter","floor":13,"turns":2},{"damage":11,"enemies":"Lagavulin","floor":14,"turns":5},{"damage":0,"enemies":"Slime Boss","floor":16,"turns":8},{"damage":13,"enemies":"Chosen","floor":18,"turns":5},{"damage":10,"enemies":"3 Byrds","floor":20,"turns":4},{"damage":11,"enemies":"Centurion and Healer","floor":22,"turns":5},{"damage":43,"enemies":"Chosen and Byrds","floor":24,"turns":7},{"damage":16,"enemies":"Snecko","floor":25,"turns":4},{"damage":0,"enemies":"Cultist and Chosen","floor":27,"turns":4},{"damage":10,"enemies":"Centurion and Healer","floor":29,"turns":4},{"damage":26,"enemies":"Snake Plant","floor":30,"turns":2}],"event_choices":[{"event_name":"Match and Keep!","player_choice":"0 cards matched","floor":2,"damage_taken":0},{"event_name":"Big Fish","player_choice":"Box","floor":3,"damage_taken":0},{"event_name":"Ghosts","player_choice":"Ignored","floor":19,"damage_taken":0},{"event_name":"Forgotten Altar","player_choice":"Shed Blood","floor":21,"damage_taken":0}],"boss_relics":[{"not_picked":["Tiny House","White Beast Statue"],"picked":"Nuclear Battery"}],"potions_floor_spawned":[1,13,14,20,22,29],"seed_played":"-5251711911954617627","killed_by":"Snake Plant","ascension_level":0,"is_trial":false}