{"path_per_floor":["M","?","?","M","M","E","R","M","T","M","M","R","?","E","R","B",null,"M","M","?","M","M"],"character_chosen":"THE_SILENT","items_purchased":[],"gold_per_floor":[111,186,186,197,215,246,246,256,256,268,279,279,279,304,304,403,403,385,402,402,417,434],"floor_reached":23,"campfire_rested":0,"playtime":2122,"current_hp_per_floor":[70,59,59,56,56,29,29,28,28,19,6,6,3,5,5,6,70,54,54,45,31,35],"items_purged":[],"gold":434,"play_id":"73637a6d-b6cd-469e-bf41-0c936d47c0e7","is_prod":false,"is_daily":false,"is_ascension_mode":false,"campfire_upgraded":3,"path_taken":["M","?","?","?","M","E","R","M","T","M","M","R","?","E","R","BOSS","M","M","?","?","M","E"],"build_version":"2018-02-01-PROD3","purchased_purges":0,"victory":false,"master_deck":["Defend_G","Defend_G","Defend_G","Defend_G","Defend_G","Strike_G","Strike_G","Survivor","Neutralize","Caltrops","Malaise+1","Footwork+1","PiercingWail","Backflip","Dash+1","Envenom","Distraction+1","Escape Plan+1","Distraction+1","Skewer","Catalyst+1"],"max_hp_per_floor":[70,70,70,70,70,70,70,70,70,70,70,70,70,70,70,70,70,70,70,75,75,75],"relics":["Velvet Choker","Gambling Chip","Unceasing Top","Blood Vial","Ancient Tea Set","Astrolabe"],"card_choices":[{"not_picked":["Sucker Punch","Dagger Throw"],"picked":"Caltrops"},{"not_picked":["Bouncing Flask","Dodge and Roll"],"picked":"Malaise"},{"not_picked":["Masterful Stab","Leg Sweep"],"picked":"Footwork"},{"not_picked":["Flying Knee","Bane"],"picked":"PiercingWail"},{"not_picked":["Infinite Blades","Bane"],"picked":"Backflip"},{"not_picked":["Masterful Stab","Dodge and Roll"],"picked":"Dash"},{"not_picked":["Venomology","Unload"],"picked":"Envenom"},{"not_picked":["Sucker Punch","Prepared"],"picked":"Skewer"},{"not_picked":["Quick Slash","Dagger Throw"],"picked":"Catalyst"}],"player_experience":22738,"potions_floor_usage":[16,21,21,22,22],"damage_taken":[{"damage":0,"enemies":"2 Louse","floor":1,"turns":3},{"damage":3,"enemies":"Jaw Worm","floor":4,"turns":4},{"damage":0,"enemies":"Cultist","floor":5,"turns":4},{"damage":27,"enemies":"3 Sentries","floor":6,"turns":10},{"damage":1,"enemies":"Large Slime","floor":8,"turns":8},{"damage":9,"enemies":"Red Slaver","floor":10,"turns":5},{"damage":13,"enemies":"2 Fungi Beasts","floor":11,"turns":4},{"damage":0,"enemies":"Lagavulin","floor":14,"turns":10},{"damage":1,"enemies":"Hexaghost","floor":16,"turns":15},{"damage":16,"enemies":"2 Thieves","floor":18,"turns":4},{"damage":2,"enemies":"Spheric Guardian","floor":19,"turns":5},{"damage":16,"enemies":"Cultist and Chosen","floor":21,"turns":10},{"damage":13,"enemies":"Centurion and Healer","floor":22,"turns":9},{"damage":40,"enemies":"Gremlin Leader","floor":23,"turns":10}],"event_choices":[{"event_name":"World of Goop","player_choice":"Gather Gold","floor":2,"damage_taken":0},{"event_name":"The Lab","player_choice":"Got Potions","floor":3,"damage_taken":0},{"event_name":"Scrap Ooze","player_choice":"success","floor":13,"damage_taken":3},{"event_name":"Forgotten Altar","player_choice":"Shed Blood","floor":20,"damage_taken":0}],"boss_relics":[{"not_picked":["Eternal Feather","Lizard Tail"],"picked":"Astrolabe"}],"potions_floor_spawned":[1,6,8,10,14,18,21],"seed_played":"-8242033122224450695","killed_by":"Gremlin Leader","ascension_level":0,"is_trial":false}