{"gold_per_floor":[416,434,434,434,40,40,73,89,165,180,210,234,297,259,259,358,358,376,376,387,387,47,47],"floor_reached":23,"playtime":1289,"items_purged":[],"score":197,"play_id":"ee4eb721-9088-4d1a-8491-e9626de48450","local_time":"20180701152256","is_ascension_mode":false,"campfire_choices":[{"data":"Loop","floor":6,"key":"SMITH"},{"floor":15,"key":"REST"}],"neow_cost":"CURSE","seed_source_timestamp":935274701817707,"circlet_count":0,"master_deck":["Strike_B+1","Strike_B+1","Strike_B+1","Strike_B+1","Defend_B+1","Defend_B+1","Defend_B+1","Defend_B+1","Zap","Dualcast","Parasite","Chill","Glacier","Loop+1","Lockon","Cold Snap","Streamline","Conserve Battery","Redo","Barrage","Conserve Battery","Machine Learning","Compile Driver+1","Self Repair","Sunder","Panache","Conserve Battery","Hello World","Go for the Eyes"],"relics":["Cracked Core","Old Coin","Pantograph","Ancient Tea Set","Tiny Chest","Bag of Preparation","Boot","Vajra","Nuclear Battery"],"potions_floor_usage":[7,11,13,16],"damage_taken":[{"damage":3,"enemies":"Cultist","floor":1,"turns":5},{"damage":18,"enemies":"Jaw Worm","floor":2,"turns":4},{"damage":9,"enemies":"3 Sentries","floor":7,"turns":10},{"damage":4,"enemies":"Small Slimes","floor":8,"turns":3},{"damage":7,"enemies":"Blue Slaver","floor":10,"turns":3},{"damage":4,"enemies":"Lagavulin","floor":11,"turns":9},{"damage":16,"enemies":"Gremlin Nob","floor":13,"turns":5},{"damage":42,"enemies":"Hexaghost","floor":16,"turns":14},{"damage":16,"enemies":"3 Byrds","floor":18,"turns":5},{"damage":9,"enemies":"Chosen","floor":20,"turns":5},{"damage":62,"enemies":"Gremlin Leader","floor":23,"turns":10}],"seed_played":"2884186848476537126","potions_obtained":[{"floor":1,"key":"Weak Potion"},{"floor":2,"key":"AttackPotion"},{"floor":8,"key":"Block Potion"},{"floor":13,"key":"Weak Potion"},{"floor":16,"key":"Energy Potion"},{"floor":20,"key":"Ancient Potion"}],"is_trial":false,"path_per_floor":["M","M","?","?","$","R","E","M","T","M","E","T","?","?","R","B",null,"M","?","M","?","$"],"character_chosen":"DEFECT","items_purchased":["Pantograph","Loop","Lockon","Cold Snap","Panache","Conserve Battery","Hello World","Go for the Eyes"],"campfire_rested":1,"item_purchase_floors":[5,5,5,5,22,22,22,22],"current_hp_per_floor":[72,54,54,54,54,54,45,41,41,34,30,30,14,14,36,19,75,59,59,57,57,57,0],"gold":47,"neow_bonus":"ONE_RARE_RELIC","is_prod":false,"is_daily":false,"chose_seed":false,"campfire_upgraded":1,"win_rate":0.0,"timestamp":1530480176,"path_taken":["M","M","?","?","$","R","E","?","T","M","E","?","?","?","R","BOSS","M","?","M","?","$","E"],"build_version":"2018-06-28","purchased_purges":0,"victory":false,"max_hp_per_floor":[75,75,75,75,75,75,75,75,75,75,75,75,75,75,75,75,75,75,75,75,75,75,75],"card_choices":[{"not_picked":["Rebound","Steam"],"picked":"Chill","floor":1},{"not_picked":["Beam Cell","Gash"],"picked":"Glacier","floor":2},{"not_picked":["Gash","Stack"],"picked":"Streamline","floor":7},{"not_picked":["Turbo","Cold Snap"],"picked":"Conserve Battery","floor":8},{"not_picked":["Recycle","Streamline"],"picked":"Redo","floor":10},{"not_picked":["Compile Driver","Loop"],"picked":"Barrage","floor":11},{"not_picked":["Biased Cognition","Steam"],"picked":"Conserve Battery","floor":13},{"not_picked":["Biased Cognition","Multi-Cast"],"picked":"Machine Learning","floor":16},{"not_picked":["Barrage","Cold Snap+1"],"picked":"Compile Driver+1","floor":18},{"not_picked":["Go for the Eyes","Conserve Battery"],"picked":"Sunder","floor":20}],"player_experience":45041,"relics_obtained":[{"floor":7,"key":"Ancient Tea Set"},{"floor":9,"key":"Tiny Chest"},{"floor":11,"key":"Bag of Preparation"},{"floor":12,"key":"Boot"}],"event_choices":[{"event_name":"Fountain of Cleansing","player_choice":"Ignored","floor":3,"damage_taken":0},{"event_name":"The Woman in Blue","player_choice":"Bought 0 Potions","floor":4,"damage_taken":0},{"event_name":"Dead Adventurer","player_choice":"Searched \u00273\u0027 times","floor":13,"damage_taken":0},{"event_name":"World of Goop","player_choice":"Left","floor":14,"damage_taken":0},{"event_name":"The Library","player_choice":"Read","floor":19,"damage_taken":0},{"event_name":"Back to Basics","player_choice":"Simplicity","floor":21,"damage_taken":0}],"boss_relics":[{"not_picked":["Sozu","Fusion Hammer"],"picked":"Nuclear Battery"}],"items_purged_floors":[],"is_endless":false,"potions_floor_spawned":[1,2,8,13,16,20],"killed_by":"Gremlin Leader","ascension_level":0}