{"gold_per_floor":[117,117,117,127,147,147,147,147,147,147,167,92,106,119,119,222,222,241,191,206,0,13,13,13,13,13,13,31,31,31,50,50,145,145,164,164,183,183,83,83,109,123,150,165,165,165,165,180,180,180],"floor_reached":51,"playtime":1220,"items_purged":["Trip","Clumsy"],"score":1167,"play_id":"80b598f5-7791-4324-b520-bef8bbada3db","local_time":"20181014131926","daily_mods":["Draft","Vintage","Colorless Cards","Heirloom","Time Dilation","Flight"],"is_ascension_mode":false,"campfire_choices":[{"data":"Gash","floor":6,"key":"SMITH"},{"data":"Good Instincts","floor":7,"key":"PURGE"},{"data":"Beam Cell","floor":8,"key":"PURGE"},{"data":"Double Energy","floor":15,"key":"PURGE"},{"data":"Sadistic Nature","floor":23,"key":"PURGE"},{"data":"Beam Cell","floor":24,"key":"PURGE"},{"data":"Steam","floor":25,"key":"PURGE"},{"data":"Purity","floor":27,"key":"PURGE"},{"data":"Bandage Up","floor":29,"key":"PURGE"},{"data":"Beam Cell","floor":32,"key":"PURGE"},{"data":"Beam Cell","floor":40,"key":"PURGE"},{"data":"Beam Cell","floor":45,"key":"PURGE"},{"data":"Swift Strike+1","floor":46,"key":"PURGE"},{"data":"Beam Cell+1","floor":47,"key":"PURGE"},{"floor":49,"key":"REST"}],"neow_cost":"","seed_source_timestamp":160540762599040,"circlet_count":0,"master_deck":["Gash+1","Streamline+1"],"relics":["Unceasing Top","Peace Pipe","Matryoshka","Lantern","Molten Egg 2","Dream Catcher","Bird Faced Urn","DataDisk","Omamori","Regal Pillow","Anchor","Oddly Smooth Stone","Ice Cream","Pen Nib","PreservedInsect","Strawberry","Turnip","Vajra","Calling Bell","Boot","Gremlin Horn","Thread and Needle","Art of War","Whetstone","Ancient Tea Set","Pear","Potion Belt","Torii","Shuriken"],"potions_floor_usage":[35,35],"damage_taken":[{"damage":0,"enemies":"2 Louse","floor":1,"turns":1},{"damage":0,"enemies":"Small Slimes","floor":4,"turns":1},{"damage":0,"enemies":"Cultist","floor":5,"turns":1},{"damage":0,"enemies":"2 Fungi Beasts","floor":11,"turns":1},{"damage":0,"enemies":"Large Slime","floor":13,"turns":1},{"damage":0,"enemies":"Exordium Thugs","floor":14,"turns":1},{"damage":0,"enemies":"Hexaghost","floor":16,"turns":1},{"damage":0,"enemies":"Shell Parasite","floor":18,"turns":1},{"damage":0,"enemies":"2 Thieves","floor":20,"turns":1},{"damage":0,"enemies":"Sentry and Sphere","floor":22,"turns":1},{"damage":0,"enemies":"Snake Plant","floor":28,"turns":1},{"damage":0,"enemies":"Snecko","floor":31,"turns":1},{"damage":0,"enemies":"Collector","floor":33,"turns":1},{"damage":0,"enemies":"3 Darklings","floor":35,"turns":2},{"damage":0,"enemies":"3 Shapes","floor":37,"turns":5},{"damage":0,"enemies":"2 Orb Walkers","floor":41,"turns":1},{"damage":0,"enemies":"3 Darklings","floor":42,"turns":1},{"damage":0,"enemies":"Spire Growth","floor":44,"turns":1},{"damage":0,"enemies":"Transient","floor":48,"turns":1},{"damage":0,"enemies":"Donu and Deca","floor":50,"turns":1}],"seed_played":"4422932161536179585","potions_obtained":[{"floor":1,"key":"Block Potion"},{"floor":13,"key":"Strength Potion"},{"floor":14,"key":"Poison Potion"},{"floor":44,"key":"Explosive Potion"}],"is_trial":true,"path_per_floor":["M","?","?","M","M","R","R","R","T","?","M","$","M","M","R","B",null,"M","$","M","$","M","R","R","R","T","R","M","R","$","M","R","B",null,"M","?","M","?","$","R","E","M","T","M","R","R","R","M","R","B"],"character_chosen":"DEFECT","items_purchased":["Streamline+1","Sadistic Nature"],"campfire_rested":1,"item_purchase_floors":[19,21],"current_hp_per_floor":[75,68,73,77,80,80,80,80,80,80,80,80,80,80,80,80,80,80,80,80,80,80,80,80,80,80,80,87,87,87,87,87,87,87,87,87,87,83,83,83,83,93,93,93,93,93,93,93,93,93],"gold":180,"neow_bonus":"","is_prod":false,"is_daily":false,"chose_seed":false,"campfire_upgraded":1,"win_rate":0,"timestamp":1539541166,"path_taken":["M","?","?","?","M","R","R","R","T","?","M","$","M","M","R","BOSS","M","$","M","$","M","R","R","R","T","R","M","R","$","M","R","BOSS","M","?","?","?","$","R","E","?","T","M","R","R","R","M","R","BOSS"],"build_version":"2018-10-11","purchased_purges":2,"victory":true,"max_hp_per_floor":[75,75,80,80,80,80,80,80,80,80,80,80,80,80,80,80,80,80,80,80,80,80,80,80,80,80,80,87,87,87,87,87,87,87,87,87,87,83,83,83,83,93,93,93,93,93,93,93,93,93],"card_choices":[{"not_picked":["Static Discharge","Loop"],"picked":"Beam Cell","floor":0},{"not_picked":["Rebound","Turbo"],"picked":"Coolheaded","floor":0},{"not_picked":["Rebound","Go for the Eyes"],"picked":"Good Instincts","floor":0},{"not_picked":["Mind Blast","Go for the Eyes"],"picked":"Beam Cell","floor":0},{"not_picked":["Hologram","Blizzard"],"picked":"Gash","floor":0},{"not_picked":["Ball Lightning","Stack"],"picked":"Bandage Up","floor":0},{"not_picked":["Barrage","Sweeping Beam"],"picked":"Purity","floor":0},{"not_picked":["Self Repair","Stack"],"picked":"Beam Cell","floor":0},{"not_picked":["Hologram","Discovery"],"picked":"Beam Cell","floor":0},{"not_picked":["Compile Driver","Stack"],"picked":"Beam Cell","floor":0},{"not_picked":["Cold Snap","Hologram"],"picked":"Double Energy","floor":0},{"not_picked":["Ball Lightning","Rebound"],"picked":"Swift Strike","floor":0},{"not_picked":["Ball Lightning","PanicButton"],"picked":"Trip","floor":0},{"not_picked":["Stack","Rebound"],"picked":"Steam","floor":0},{"not_picked":["Cold Snap","Steam"],"picked":"Beam Cell","floor":0},{"not_picked":["Flash of Steel+1","Echo Form","Blind"],"picked":"SKIP","floor":41}],"player_experience":53705,"relics_obtained":[{"floor":1,"key":"Matryoshka"},{"floor":4,"key":"Lantern"},{"floor":5,"key":"Molten Egg 2"},{"floor":9,"key":"Dream Catcher"},{"floor":9,"key":"Bird Faced Urn"},{"floor":11,"key":"DataDisk"},{"floor":13,"key":"Omamori"},{"floor":14,"key":"Regal Pillow"},{"floor":18,"key":"Anchor"},{"floor":20,"key":"Oddly Smooth Stone"},{"floor":22,"key":"Ice Cream"},{"floor":26,"key":"Pen Nib"},{"floor":26,"key":"PreservedInsect"},{"floor":28,"key":"Strawberry"},{"floor":31,"key":"Turnip"},{"floor":33,"key":"Vajra"},{"floor":34,"key":"Boot"},{"floor":34,"key":"Gremlin Horn"},{"floor":34,"key":"Thread and Needle"},{"floor":35,"key":"Art of War"},{"floor":37,"key":"Whetstone"},{"floor":41,"key":"Ancient Tea Set"},{"floor":42,"key":"Pear"},{"floor":43,"key":"Potion Belt"},{"floor":44,"key":"Torii"},{"floor":48,"key":"Shuriken"}],"event_choices":[{"event_name":"Golden Wing","player_choice":"Card Removal","floor":2,"damage_taken":0},{"event_name":"Big Fish","player_choice":"Donut","floor":3,"damage_taken":0},{"event_name":"The Woman in Blue","player_choice":"Bought 0 Potions","floor":10,"damage_taken":0},{"event_name":"SecretPortal","player_choice":"Rejected Portal.","floor":36,"damage_taken":0},{"event_name":"Winding Halls","player_choice":"Max HP","floor":38,"damage_taken":0}],"is_beta":false,"boss_relics":[{"not_picked":["Nuclear Battery","Cursed Key","Sozu"]},{"not_picked":["Astrolabe","Runic Pyramid"],"picked":"Calling Bell"}],"items_purged_floors":[12,39],"is_endless":false,"potions_floor_spawned":[1,13,14,16,22,31,44],"ascension_level":0}