{"gold_per_floor":[117,117,117,132,45,72,72,103,103,63,79,79,79,79,79,79],"floor_reached":16,"playtime":1049,"items_purged":[],"score":111,"play_id":"d658bbef-8874-4af8-bffd-daea2e9ee5f0","local_time":"20181017131022","is_ascension_mode":true,"campfire_choices":[{"data":"Scrape","floor":7,"key":"SMITH"},{"floor":12,"key":"REST"},{"floor":15,"key":"REST"}],"neow_cost":"NONE","seed_source_timestamp":422012487975360,"circlet_count":0,"master_deck":["Strike_B+1","Strike_B","Defend_B","Defend_B+1","Defend_B","Defend_B","Zap","Dualcast","Hologram","Hello World","Scrape+1","Hologram","Hello World","Static Discharge","Self Repair","Steam"],"relics":["White Beast Statue","Shuriken","Potion Belt","Bottled Tornado","Boot"],"potions_floor_usage":[8,8,16],"damage_taken":[{"damage":7,"enemies":"Small Slimes","floor":1,"turns":2},{"damage":1,"enemies":"2 Louse","floor":4,"turns":3},{"damage":27,"enemies":"Lagavulin","floor":6,"turns":8},{"damage":29,"enemies":"3 Sentries","floor":8,"turns":8},{"damage":13,"enemies":"Jaw Worm","floor":11,"turns":4},{"damage":23,"enemies":"Slime Boss","floor":16,"turns":7}],"seed_played":"2272886746142885847","potions_obtained":[{"floor":1,"key":"SpeedPotion"},{"floor":4,"key":"LiquidBronze"},{"floor":6,"key":"Regen Potion"},{"floor":8,"key":"SteroidPotion"},{"floor":11,"key":"Weak Potion"}],"is_trial":false,"path_per_floor":["M","?","?","M","$","E","R","E","T","$","M","R","?","?","R"],"character_chosen":"DEFECT","items_purchased":["Scrape","Hologram","Self Repair"],"campfire_rested":2,"item_purchase_floors":[5,5,10],"current_hp_per_floor":[68,61,61,60,60,33,33,19,19,19,13,35,28,13,35,12],"gold":79,"neow_bonus":"BOSS_RELIC","is_prod":false,"is_daily":false,"chose_seed":false,"campfire_upgraded":1,"win_rate":0,"timestamp":1539799822,"path_taken":["M","?","?","M","$","E","R","E","T","$","M","R","?","?","R","BOSS"],"build_version":"2018-10-11","purchased_purges":0,"victory":false,"max_hp_per_floor":[75,75,75,75,75,75,75,75,75,75,75,75,75,75,75,75],"card_choices":[{"not_picked":["Turbo","Beam Cell"],"picked":"Hologram","floor":1},{"not_picked":["Compile Driver","Doom and Gloom"],"picked":"Hello World","floor":4},{"not_picked":["Reinforced Body","Thunder Strike"],"picked":"Hello World","floor":6},{"not_picked":["Rebound","Beam Cell"],"picked":"Static Discharge","floor":8},{"not_picked":["Barrage","Doom and Gloom"],"picked":"Steam","floor":11}],"player_experience":98953,"relics_obtained":[{"floor":6,"key":"Shuriken"},{"floor":8,"key":"Potion Belt"},{"floor":9,"key":"Bottled Tornado"}],"event_choices":[{"event_name":"Golden Wing","player_choice":"Card Removal","floor":2,"damage_taken":0},{"event_name":"Bonfire Elementals","player_choice":"BASIC","floor":3,"damage_taken":0},{"event_name":"Scrap Ooze","player_choice":"success","floor":13,"damage_taken":7},{"event_name":"Shining Light","player_choice":"Entered Light","floor":14,"damage_taken":0}],"is_beta":false,"boss_relics":[],"items_purged_floors":[],"is_endless":false,"potions_floor_spawned":[1,4,6,8,11],"killed_by":"Slime Boss","ascension_level":1}