{"path_per_floor":["M","M","$","?","M","E","?","E","T"],"character_chosen":"DEFECT","items_purchased":[],"gold_per_floor":[117,129,54,54,64,89,89,123,150,150],"floor_reached":10,"campfire_rested":0,"playtime":241,"item_purchase_floors":[],"current_hp_per_floor":[56,58,58,58,65,47,47,28,28,0],"items_purged":["Strike_B"],"gold":150,"score":106,"play_id":"0b7af5b2-d01e-47df-b397-d72edeca2253","local_time":"20180530022506","is_prod":false,"is_daily":false,"chose_seed":false,"is_ascension_mode":true,"campfire_upgraded":0,"win_rate":0,"timestamp":1527639906,"campfire_choices":[],"path_taken":["M","M","$","?","M","E","?","E","T","?"],"build_version":"2018-05-28","seed_source_timestamp":169015775202825,"purchased_purges":1,"victory":false,"master_deck":["Strike_B","Strike_B","Strike_B","Defend_B","Defend_B","Defend_B","Defend_B","Zap","Dualcast","Self Repair","Gash","BootSequence","Injury"],"max_hp_per_floor":[75,75,75,75,75,75,75,75,75,75],"relics":["Cracked Core","Ancient Tea Set","Anchor","Golden Idol","Bronze Scales","Vajra"],"card_choices":[{"not_picked":["Barrage","Hello World"],"picked":"Self Repair","floor":1},{"not_picked":["Go for the Eyes","Conserve Battery"],"picked":"Gash","floor":2},{"not_picked":["Cold Snap","Lockon"],"picked":"BootSequence","floor":5},{"not_picked":["Heatsinks","Meteor Strike","Rebound"],"picked":"SKIP","floor":6},{"not_picked":["Ball Lightning","Redo","Streamline"],"picked":"SKIP","floor":8}],"player_experience":117711,"potions_floor_usage":[6,8,10],"damage_taken":[{"damage":12,"enemies":"Jaw Worm","floor":1,"turns":3},{"damage":5,"enemies":"2 Louse","floor":2,"turns":2},{"damage":0,"enemies":"Small Slimes","floor":5,"turns":3},{"damage":25,"enemies":"Gremlin Nob","floor":6,"turns":4},{"damage":26,"enemies":"3 Sentries","floor":8,"turns":7},{"damage":35,"enemies":"Gremlin Nob","floor":10,"turns":4}],"relics_obtained":[{"floor":6,"key":"Anchor"},{"floor":8,"key":"Bronze Scales"},{"floor":9,"key":"Vajra"}],"event_choices":[{"event_name":"Liars Game","player_choice":"disagreed","floor":4,"damage_taken":0},{"event_name":"Golden Idol","player_choice":"Take Wound","floor":7,"damage_taken":0},{"event_name":"Dead Adventurer","player_choice":"Searched \u00271\u0027 times","floor":10,"damage_taken":0}],"boss_relics":[],"items_purged_floors":[3],"potions_floor_spawned":[5,6,8],"seed_played":"-5184872672930027453","killed_by":"Gremlin Nob","ascension_level":8,"potions_obtained":[{"floor":5,"key":"LiquidBronze"},{"floor":6,"key":"AttackPotion"},{"floor":8,"key":"Energy Potion"}],"is_trial":false}