{"gold_per_floor":[117,135,135,155,178,178,203,203,203,219,237,12,46,62,62,185,185,201,301,325,54,70,70,110,130,130,255,273,288,288,48,48,172,172,193,209,46,69,90,90,106,106,106,28,40,14,14,35,35,35,35,35,16,55,55],"floor_reached":55,"playtime":3293,"items_purged":["Strike_G","Strike_G","Finisher"],"score":720,"play_id":"719cc59f-9772-4708-bf65-22a39f6b8872","local_time":"20190401231038","is_ascension_mode":false,"campfire_choices":[{"data":"Corpse Explosion","floor":6.0,"key":"SMITH"},{"data":"Noxious Fumes","floor":8.0,"key":"SMITH"},{"floor":15.0,"key":"REST"},{"data":"Leg Sweep","floor":23.0,"key":"SMITH"},{"floor":30.0,"key":"REST"},{"data":"Noxious Fumes","floor":32.0,"key":"SMITH"},{"floor":40.0,"key":"REST"},{"floor":45.0,"key":"RECALL"},{"floor":47.0,"key":"REST"},{"floor":49.0,"key":"REST"},{"data":"Caltrops","floor":52.0,"key":"SMITH"}],"neow_cost":"NONE","seed_source_timestamp":0,"circlet_count":0,"master_deck":["Survivor","Neutralize","Leg Sweep","Dodge and Roll","Noxious Fumes+1","Deadly Poison","Corpse Explosion+1","Leg Sweep+1","Noxious Fumes+1","Dash","Backstab","Deflect","Burst","Blur+1","Caltrops+1","The Bomb","Deflect+1","Backstab+1","Acrobatics","Blur","Die Die Die","Prepared","Blur","Concentrate","Calculated Gamble+1","Footwork+1","Backflip","Parasite","PiercingWail","Blur+1"],"special_seed":0,"relics":["Ring of the Snake","Golden Idol","Ornamental Fan","Membership Card","Blue Candle","Empty Cage","Bronze Scales","Happy Flower","The Courier","Peace Pipe","Gremlin Horn","Matryoshka","Bag of Preparation","Pandora\u0027s Box","Oddly Smooth Stone","MawBank","Shuriken"],"potions_floor_usage":[54,55],"damage_taken":[{"damage":0.0,"enemies":"Small Slimes","floor":1.0,"turns":5.0},{"damage":0.0,"enemies":"2 Louse","floor":2.0,"turns":4.0},{"damage":0.0,"enemies":"Cultist","floor":4.0,"turns":4.0},{"damage":2.0,"enemies":"2 Fungi Beasts","floor":5.0,"turns":4.0},{"damage":0.0,"enemies":"Looter","floor":7.0,"turns":5.0},{"damage":6.0,"enemies":"Exordium Wildlife","floor":10.0,"turns":3.0},{"damage":13.0,"enemies":"Exordium Thugs","floor":11.0,"turns":5.0},{"damage":20.0,"enemies":"Gremlin Nob","floor":13.0,"turns":5.0},{"damage":5.0,"enemies":"Lots of Slimes","floor":14.0,"turns":2.0},{"damage":15.0,"enemies":"The Guardian","floor":16.0,"turns":8.0},{"damage":4.0,"enemies":"Spheric Guardian","floor":18.0,"turns":4.0},{"damage":4.0,"enemies":"Chosen","floor":20.0,"turns":7.0},{"damage":0.0,"enemies":"Snecko","floor":22.0,"turns":7.0},{"damage":4.0,"enemies":"Book of Stabbing","floor":24.0,"turns":7.0},{"damage":0.0,"enemies":"Centurion and Healer","floor":25.0,"turns":5.0},{"damage":7.0,"enemies":"Colosseum Slavers","floor":27.0,"turns":3.0},{"damage":25.0,"enemies":"Colosseum Nobs","floor":27.0,"turns":5.0},{"damage":0.0,"enemies":"Shelled Parasite and Fungi","floor":28.0,"turns":6.0},{"damage":4.0,"enemies":"3 Cultists","floor":29.0,"turns":3.0},{"damage":17.0,"enemies":"Collector","floor":33.0,"turns":10.0},{"damage":14.0,"enemies":"Orb Walker","floor":35.0,"turns":4.0},{"damage":15.0,"enemies":"3 Darklings","floor":36.0,"turns":3.0},{"damage":11.0,"enemies":"Writhing Mass","floor":38.0,"turns":9.0},{"damage":10.0,"enemies":"Maw","floor":39.0,"turns":8.0},{"damage":2.0,"enemies":"3 Darklings","floor":41.0,"turns":4.0},{"damage":0.0,"enemies":"Spire Growth","floor":48.0,"turns":6.0},{"damage":17.0,"enemies":"Time Eater","floor":50.0,"turns":16.0},{"damage":51,"enemies":"Shield and Spear","floor":54,"turns":9},{"damage":71,"enemies":"The Heart","floor":55,"turns":3}],"seed_played":"-8699304323175138908","potions_obtained":[{"floor":2.0,"key":"Poison Potion"},{"floor":7.0,"key":"Weak Potion"},{"floor":10.0,"key":"Energy Potion"},{"floor":16.0,"key":"PowerPotion"},{"floor":20.0,"key":"PowerPotion"},{"floor":24.0,"key":"Ancient Potion"},{"floor":35.0,"key":"Strength Potion"},{"floor":41.0,"key":"Poison Potion"},{"floor":48.0,"key":"Fruit Juice"}],"is_trial":false,"path_per_floor":["M","M","?","M","M","R","M","R","T","M","M","$","E","M","R","B",null,"M","?","M","$","M","R","E","M","T","?","M","M","R","$","R","B",null,"M","M","$","M","M","R","M","?","T","?","R","$","R","M","R","B",null,"R","$","E","B"],"character_chosen":"THE_SILENT","items_purchased":["Membership Card","Dash","Bronze Scales","Caltrops","Regen Potion","The Bomb","Blur","Matryoshka","Bag of Preparation","Footwork","Oddly Smooth Stone","Backflip","PiercingWail","LiquidBronze","Block Potion"],"campfire_rested":5,"item_purchase_floors":[12,12,21,21,21,21,31,31,31,37,37,37,46,46,53],"current_hp_per_floor":[70,70,65,65,63,63,63,63,63,57,44,44,24,19,38,23,65,61,61,57,57,57,57,53,53,53,36,36,32,51,51,51,34,65,51,36,36,25,15,34,32,32,32,32,32,32,51,56,70,53,70,70,70,19,0],"gold":55,"neow_bonus":"TRANSFORM_CARD","is_prod":false,"is_daily":false,"chose_seed":false,"campfire_upgraded":5,"win_rate":0,"timestamp":1554181838,"path_taken":["M","M","?","M","M","R","M","R","T","M","M","$","E","M","R","BOSS","M","?","M","?","M","R","E","M","T","?","M","M","R","$","R","BOSS","M","M","$","M","M","R","M","?","T","?","R","$","R","M","R","BOSS","R","$","E","BOSS"],"build_version":"2019-01-23","purchased_purges":3,"victory":false,"max_hp_per_floor":[70,70,65,65,65,65,65,65,65,65,65,65,65,65,65,65,65,65,65,65,65,65,65,65,65,65,65,65,65,65,65,65,65,65,65,65,65,65,65,65,65,65,65,65,65,65,65,70,70,70,70,70,70,70,70],"card_choices":[{"not_picked":["Cloak And Dagger","Deflect"],"picked":"Dodge and Roll","floor":1.0},{"not_picked":["Concentrate","Quick Slash"],"picked":"Noxious Fumes","floor":2.0},{"not_picked":["Outmaneuver","Cloak And Dagger"],"picked":"Deadly Poison","floor":4.0},{"not_picked":["Slice","Prepared"],"picked":"Corpse Explosion","floor":5.0},{"not_picked":["Quick Slash","Setup","Cloak And Dagger"],"picked":"SKIP","floor":7.0},{"not_picked":["Outmaneuver","Dagger Spray"],"picked":"Leg Sweep","floor":10.0},{"not_picked":["Backflip","Doppelganger"],"picked":"Noxious Fumes","floor":11.0},{"not_picked":["Outmaneuver","Terror"],"picked":"Backstab","floor":13.0},{"not_picked":["Riddle With Holes","Acrobatics"],"picked":"Deflect","floor":14.0},{"not_picked":["Venomology","Storm of Steel"],"picked":"Burst","floor":16.0},{"not_picked":["Quick Slash+1","Endless Agony+1"],"picked":"Blur+1","floor":18.0},{"not_picked":["Finisher","Accuracy+1","Deadly Poison"],"picked":"SKIP","floor":20.0},{"not_picked":["Poisoned Stab","Terror"],"picked":"Deflect+1","floor":22.0},{"not_picked":["Dagger Spray","Prepared","Infinite Blades+1"],"picked":"SKIP","floor":24.0},{"not_picked":["Escape Plan","Poisoned Stab"],"picked":"Backstab+1","floor":25.0},{"not_picked":["Reflex","Slice+1"],"picked":"Acrobatics","floor":27.0},{"not_picked":["Reflex","Escape Plan","Underhanded Strike+1"],"picked":"SKIP","floor":28.0},{"not_picked":["Poisoned Stab","Noxious Fumes","Choke"],"picked":"SKIP","floor":29.0},{"not_picked":["Bullet Time","Doppelganger"],"picked":"Die Die Die","floor":33.0},{"not_picked":["Blade Dance+1","Dagger Spray","Prepared+1"],"picked":"SKIP","floor":35.0},{"not_picked":["Setup+1","Leg Sweep"],"picked":"Calculated Gamble+1","floor":36.0},{"not_picked":["Poisoned Stab","Calculated Gamble","Slice+1"],"picked":"SKIP","floor":38.0},{"not_picked":["Dagger Spray+1","Dagger Throw+1","Slice"],"picked":"SKIP","floor":39.0},{"not_picked":["Riddle With Holes+1","Quick Slash+1","Underhanded Strike+1"],"picked":"SKIP","floor":41.0},{"not_picked":["Slice+1","Storm of Steel"],"picked":"Blur+1","floor":48.0},{"not_picked":["Slice+1","Prepared","Noxious Fumes"],"picked":"SKIP","floor":54}],"player_experience":166429,"relics_obtained":[{"floor":9.0,"key":"Ornamental Fan"},{"floor":13.0,"key":"Blue Candle"},{"floor":24.0,"key":"Happy Flower"},{"floor":26.0,"key":"The Courier"},{"floor":27.0,"key":"Peace Pipe"},{"floor":27.0,"key":"Gremlin Horn"},{"floor":43.0,"key":"MawBank"},{"floor":54,"key":"Shuriken"}],"event_choices":[{"damage_healed":0.0,"max_hp_gain":0.0,"max_hp_loss":5.0,"gold_gain":0.0,"event_name":"Golden Idol","player_choice":"Lose Max HP","floor":3.0,"gold_loss":0.0,"damage_taken":0.0,"relics_obtained":["Golden Idol"]},{"damage_healed":0.0,"max_hp_gain":0.0,"max_hp_loss":0.0,"gold_gain":100.0,"event_name":"Golden Shrine","player_choice":"Pray","floor":19.0,"gold_loss":0.0,"damage_taken":0.0},{"damage_healed":0.0,"max_hp_gain":0.0,"max_hp_loss":0.0,"gold_gain":0.0,"event_name":"Colosseum","player_choice":"Fight","floor":27.0,"gold_loss":0.0,"damage_taken":0.0},{"damage_healed":0.0,"max_hp_gain":0.0,"max_hp_loss":0.0,"gold_gain":0.0,"event_name":"Colosseum","player_choice":"Fought Nobs","floor":27.0,"gold_loss":0.0,"damage_taken":0.0},{"damage_healed":0.0,"max_hp_gain":0.0,"max_hp_loss":0.0,"gold_gain":0.0,"event_name":"Mysterious Sphere","player_choice":"Ignored","floor":42.0,"gold_loss":0.0,"damage_taken":0.0},{"cards_removed":["Cloak And Dagger"],"damage_healed":0.0,"max_hp_gain":0.0,"max_hp_loss":0.0,"gold_gain":0.0,"event_name":"Designer","player_choice":"Upgrade and Remove","floor":44.0,"gold_loss":90.0,"damage_taken":0.0,"cards_upgraded":["Footwork"]}],"is_beta":false,"boss_relics":[{"not_picked":["Velvet Choker","Fusion Hammer"],"picked":"Empty Cage"},{"not_picked":["Coffee Dripper","Orrery"],"picked":"Pandora\u0027s Box"}],"items_purged_floors":[21,31,37],"is_endless":false,"potions_floor_spawned":[2,7,10,16,20,24,25,35,41,48],"killed_by":"The Heart","ascension_level":0}