{"gold_per_floor":[117,137,137,98,114,114,129,145,145,171,189,189,200,229,229,331,331,311,311,311,323,334,334,334],"floor_reached":24,"playtime":3500,"items_purged":[],"score":221,"play_id":"8bfd32fd-2bab-4dc1-9210-377e9c460d8b","local_time":"20190407232640","is_ascension_mode":true,"campfire_choices":[{"data":"Dagger Spray","floor":6,"key":"SMITH"},{"floor":12,"key":"REST"},{"floor":15,"key":"REST"},{"floor":23,"key":"REST"}],"neow_cost":"NONE","seed_source_timestamp":268582041007526,"circlet_count":0,"master_deck":["Defend_G","Defend_G","Defend_G","Defend_G","Defend_G","Strike_G","Strike_G","Strike_G","Strike_G","Strike_G","Survivor","Neutralize","Cloak And Dagger","Dagger Spray+1","Leg Sweep","Heel Hook","PiercingWail","Infinite Blades","Flying Knee","Backstab","Backflip","Dodge and Roll","Slice","Backflip","Malaise","Footwork","Decay","Dagger Throw+1","Backstab","PiercingWail+1"],"relics":["Ring of the Snake","Dream Catcher","Bag of Preparation","Smiling Mask","Question Card","WingedGreaves","Black Star","Enchiridion"],"potions_floor_usage":[10,14],"damage_taken":[{"damage":6,"enemies":"Jaw Worm","floor":1,"turns":8},{"damage":1,"enemies":"Cultist","floor":2,"turns":6},{"damage":1,"enemies":"2 Louse","floor":5,"turns":3},{"damage":1,"enemies":"Blue Slaver","floor":7,"turns":4},{"damage":8,"enemies":"Exordium Wildlife","floor":8,"turns":8},{"damage":20,"enemies":"Lagavulin","floor":10,"turns":11},{"damage":0,"enemies":"3 Louse","floor":11,"turns":3},{"damage":0,"enemies":"Lots of Slimes","floor":13,"turns":1},{"damage":8,"enemies":"3 Sentries","floor":14,"turns":7},{"damage":54,"enemies":"Slime Boss","floor":16,"turns":16},{"damage":3,"enemies":"2 Thieves","floor":18,"turns":5},{"damage":0,"enemies":"3 Byrds","floor":21,"turns":8},{"damage":19,"enemies":"Centurion and Healer","floor":22,"turns":7},{"damage":54,"enemies":"Slavers","floor":24,"turns":6}],"seed_played":"-2109937656304120653","potions_obtained":[{"floor":2,"key":"LiquidBronze"},{"floor":5,"key":"LiquidBronze"},{"floor":13,"key":"LiquidBronze"},{"floor":16,"key":"Dexterity Potion"},{"floor":21,"key":"SpeedPotion"},{"floor":22,"key":"Fire Potion"}],"is_trial":false,"path_per_floor":["M","M","?","$","M","R","M","M","T","E","M","R","M","E","R","B",null,"M","?","?","M","M","R","E"],"character_chosen":"THE_SILENT","items_purchased":["Leg Sweep"],"campfire_rested":3,"item_purchase_floors":[4],"current_hp_per_floor":[64,63,63,63,62,62,61,53,53,33,33,54,54,46,67,13,70,67,51,51,51,32,53,0],"gold":334,"neow_bonus":"RANDOM_COMMON_RELIC","is_prod":false,"is_daily":false,"chose_seed":false,"campfire_upgraded":1,"win_rate":0,"timestamp":1554694000,"path_taken":["M","M","?","$","M","R","M","?","T","E","M","R","M","E","R","BOSS","M","?","?","M","M","R","E"],"build_version":"2019-01-23","purchased_purges":0,"victory":false,"max_hp_per_floor":[70,70,70,70,70,70,70,70,70,70,70,70,70,70,70,70,70,70,70,70,70,70,70,70],"card_choices":[{"not_picked":["Prepared","Choke"],"picked":"Cloak And Dagger","floor":1},{"not_picked":["Underhanded Strike","Outmaneuver"],"picked":"Dagger Spray","floor":2},{"not_picked":["Escape Plan","Predator"],"picked":"Heel Hook","floor":5},{"not_picked":["Masterful Stab","Prepared"],"picked":"PiercingWail","floor":7},{"not_picked":["Heel Hook","Phantasmal Killer"],"picked":"Infinite Blades","floor":8},{"not_picked":["Tactician","Underhanded Strike"],"picked":"Flying Knee","floor":10},{"not_picked":["Heel Hook","Underhanded Strike","Prepared"],"picked":"Backstab","floor":11},{"not_picked":["Slice","Leg Sweep","Deflect"],"picked":"Backflip","floor":12},{"not_picked":["Flying Knee","Poisoned Stab","Doppelganger"],"picked":"Dodge and Roll","floor":13},{"not_picked":["Outmaneuver","Blade Dance","All Out Attack"],"picked":"Slice","floor":14},{"not_picked":["Flechettes","Predator","Finisher"],"picked":"Backflip","floor":15},{"not_picked":["Wraith Form v2","Tools of the Trade","Unload"],"picked":"Malaise","floor":16},{"not_picked":["PiercingWail+1","Crippling Poison","Flying Knee"],"picked":"Footwork","floor":18},{"not_picked":["Endless Agony","Backflip","Flechettes"],"picked":"Dagger Throw+1","floor":21},{"not_picked":["Blade Dance","Setup+1","Expertise"],"picked":"Backstab","floor":22},{"not_picked":["All Out Attack","Cloak And Dagger","Leg Sweep"],"picked":"PiercingWail+1","floor":23}],"player_experience":93146,"relics_obtained":[{"floor":9,"key":"Smiling Mask"},{"floor":10,"key":"Question Card"},{"floor":14,"key":"WingedGreaves"},{"floor":19,"key":"Enchiridion"}],"event_choices":[{"damage_healed":0,"gold_gain":0,"player_choice":"Gave Potion","damage_taken":0,"relics_obtained":["Bag of Preparation"],"max_hp_gain":0,"max_hp_loss":0,"event_name":"WeMeetAgain","floor":3,"gold_loss":0},{"damage_healed":0,"gold_gain":0,"player_choice":"Obtained Book","damage_taken":16,"max_hp_gain":0,"max_hp_loss":0,"event_name":"Cursed Tome","floor":19,"gold_loss":0},{"damage_healed":0,"gold_gain":0,"player_choice":"Smashed Altar","damage_taken":0,"max_hp_gain":0,"max_hp_loss":0,"event_name":"Forgotten Altar","floor":20,"gold_loss":0,"cards_obtained":["Decay"]}],"is_beta":false,"boss_relics":[{"not_picked":["Coffee Dripper","Snecko Eye"],"picked":"Black Star"}],"items_purged_floors":[],"is_endless":false,"potions_floor_spawned":[2,5,13,16,21,22],"killed_by":"Slavers","ascension_level":1}