{"gold_per_floor":[111,36,49,49,65,65,93,93,93,93,107,107,25,39,39,140,140,157,172,172,172],"floor_reached":21,"playtime":778,"items_purged":["Strike_B"],"score":179,"play_id":"8ba515b2-6006-4f79-89bb-41a5c1dae561","local_time":"20180903023635","is_ascension_mode":false,"campfire_choices":[{"data":"Zap","floor":6,"key":"SMITH"},{"floor":10,"key":"REST"},{"floor":15,"key":"REST"}],"neow_cost":"","seed_source_timestamp":1631443912071967,"circlet_count":0,"master_deck":["Strike_B","Strike_B","Strike_B","Defend_B","Defend_B","Defend_B","Defend_B","Zap+1","Dualcast","Ball Lightning","Normality","Thunder Strike","Static Discharge"],"relics":["Cracked Core","Dead Branch","Question Card","Nunchaku","Velvet Choker","Frozen Egg 2"],"potions_floor_usage":[7,7,16,19],"damage_taken":[{"damage":7,"enemies":"2 Louse","floor":1,"turns":2},{"damage":0,"enemies":"Cultist","floor":3,"turns":4},{"damage":8,"enemies":"Jaw Worm","floor":5,"turns":3},{"damage":39,"enemies":"3 Sentries","floor":7,"turns":7},{"damage":4,"enemies":"2 Fungi Beasts","floor":11,"turns":4},{"damage":15,"enemies":"Looter","floor":14,"turns":3},{"damage":36,"enemies":"The Guardian","floor":16,"turns":11},{"damage":5,"enemies":"Spheric Guardian","floor":18,"turns":3},{"damage":36,"enemies":"2 Thieves","floor":19,"turns":4},{"damage":47,"enemies":"Snecko","floor":21,"turns":5}],"seed_played":"-8527298693950211950","potions_obtained":[{"floor":3,"key":"FearPotion"},{"floor":5,"key":"Poison Potion"},{"floor":14,"key":"SpeedPotion"},{"floor":18,"key":"AttackPotion"}],"is_trial":false,"path_per_floor":["M","$","M","?","M","R","E","?","T","R","M","?","$","M","R","B",null,"M","M","T"],"character_chosen":"DEFECT","items_purchased":["Static Discharge"],"campfire_rested":2,"item_purchase_floors":[13],"current_hp_per_floor":[68,68,68,68,60,60,21,21,21,43,39,44,44,29,53,17,80,75,39,39,0],"gold":172,"neow_bonus":"","is_prod":false,"is_daily":false,"chose_seed":false,"campfire_upgraded":1,"win_rate":0.0,"timestamp":1535967395,"path_taken":["M","$","M","?","M","R","E","?","T","R","?","?","$","M","R","BOSS","M","?","?","M"],"build_version":"2018-08-30","purchased_purges":1,"victory":false,"max_hp_per_floor":[75,75,75,75,75,75,75,75,75,75,75,80,80,80,80,80,80,80,80,80,80],"card_choices":[{"not_picked":["Turbo","Redo"],"picked":"Ball Lightning","floor":1},{"not_picked":["Darkness","Streamline","Compile Driver"],"picked":"SKIP","floor":3},{"not_picked":["Scrape","Conserve Battery","Streamline"],"picked":"SKIP","floor":5},{"not_picked":["Gash","Self Repair","Fusion"],"picked":"SKIP","floor":7},{"not_picked":["Redo","Force Field","Leap"],"picked":"Thunder Strike","floor":11},{"not_picked":["Barrage","Rebound","Sweeping Beam","Beam Cell"],"picked":"SKIP","floor":14},{"not_picked":["Steam","Sunder","Gash","Go for the Eyes+1"],"picked":"SKIP","floor":18},{"not_picked":["Barrage","Compile Driver","Steam Power+1","Doom and Gloom"],"picked":"SKIP","floor":19}],"player_experience":93632,"relics_obtained":[{"floor":7,"key":"Question Card"},{"floor":9,"key":"Nunchaku"},{"floor":20,"key":"Frozen Egg 2"}],"event_choices":[{"event_name":"Accursed Blacksmith","player_choice":"Rummage","floor":4,"damage_taken":0},{"event_name":"Shining Light","player_choice":"Ignored","floor":8,"damage_taken":0},{"event_name":"Big Fish","player_choice":"Donut","floor":12,"damage_taken":0}],"is_beta":false,"boss_relics":[{"not_picked":["FrozenCore","Empty Cage"],"picked":"Velvet Choker"}],"items_purged_floors":[2],"is_endless":false,"potions_floor_spawned":[3,5,14,18],"killed_by":"Snecko","ascension_level":0}