{"path_per_floor":["M","$","?","?","M","R","E","R","T","E","M","M","?","E","R","B",null,"M","?","?","M","?","R"],"character_chosen":"DEFECT","items_purchased":["BootSequence"],"gold_per_floor":[116,3,3,3,20,20,53,53,80,112,123,138,138,169,169,272,272,284,311,311,325,425,425,425],"floor_reached":24,"campfire_rested":3,"playtime":583,"item_purchase_floors":[2],"current_hp_per_floor":[61,61,58,75,75,75,55,75,75,46,46,46,46,32,54,28,63,59,7,32,13,13,35,0],"items_purged":["Strike_B"],"gold":425,"score":276,"play_id":"a5c62686-a1c4-4cbf-a1aa-9c2634081c2e","local_time":"20180528050053","is_prod":false,"is_daily":false,"chose_seed":false,"is_ascension_mode":true,"campfire_upgraded":1,"win_rate":0,"timestamp":1527476453,"campfire_choices":[{"data":"Beam Cell","floor":6,"key":"SMITH"},{"floor":8,"key":"REST"},{"floor":15,"key":"REST"},{"floor":23,"key":"REST"}],"path_taken":["M","$","?","?","M","R","E","R","T","E","M","M","?","E","R","BOSS","M","?","?","M","?","R","M"],"build_version":"2018-05-25","seed_source_timestamp":5220419492080,"purchased_purges":1,"victory":false,"master_deck":["Strike_B","Strike_B","Strike_B","Defend_B","Defend_B+1","Defend_B+1","Defend_B","Zap+1","Dualcast","Ball Lightning","BootSequence","Beam Cell+1","Ball Lightning","Loop+1","Go for the Eyes","Redo","Echo Form+1","BootSequence","Beam Cell"],"max_hp_per_floor":[75,75,75,75,75,75,75,75,75,75,75,75,75,75,75,75,75,75,75,75,75,75,75,75],"relics":["Cracked Core","Pantograph","Vajra","War Paint","Frozen Egg 2","Sundial","Inserter","Red Mask"],"card_choices":[{"not_picked":["Sweeping Beam","Steam"],"picked":"Ball Lightning","floor":1},{"not_picked":["Stack","Coolheaded"],"picked":"Beam Cell","floor":5},{"not_picked":["Aggregate","Chaos"],"picked":"Ball Lightning","floor":7},{"not_picked":["Doom and Gloom","Streamline"],"picked":"Loop","floor":10},{"not_picked":["Creative AI+1","Lockon"],"picked":"Go for the Eyes","floor":11},{"not_picked":["Chaos","Compile Driver","Steam Power"],"picked":"SKIP","floor":12},{"not_picked":["Steam","Turbo"],"picked":"Redo","floor":14},{"not_picked":["Amplify","Seek"],"picked":"Echo Form+1","floor":16},{"not_picked":["Barrage","Rebound+1"],"picked":"BootSequence","floor":18},{"not_picked":["Stack","Rebound+1"],"picked":"Beam Cell","floor":21}],"player_experience":98688,"potions_floor_usage":[7,16,19,24],"damage_taken":[{"damage":7,"enemies":"Jaw Worm","floor":1,"turns":3},{"damage":0,"enemies":"Small Slimes","floor":5,"turns":2},{"damage":20,"enemies":"Lagavulin","floor":7,"turns":4},{"damage":29,"enemies":"Gremlin Nob","floor":10,"turns":4},{"damage":0,"enemies":"Cultist","floor":11,"turns":3},{"damage":0,"enemies":"Large Slime","floor":12,"turns":3},{"damage":14,"enemies":"3 Sentries","floor":14,"turns":5},{"damage":47,"enemies":"Hexaghost","floor":16,"turns":9},{"damage":4,"enemies":"Shell Parasite","floor":18,"turns":5},{"damage":52,"enemies":"Masked Bandits","floor":19,"turns":5},{"damage":19,"enemies":"Spheric Guardian","floor":21,"turns":4},{"damage":52,"enemies":"Cultist and Chosen","floor":24,"turns":4}],"relics_obtained":[{"floor":7,"key":"Vajra"},{"floor":9,"key":"War Paint"},{"floor":10,"key":"Frozen Egg 2"},{"floor":14,"key":"Sundial"},{"floor":19,"key":"Red Mask"}],"event_choices":[{"event_name":"Scrap Ooze","player_choice":"success","floor":3,"damage_taken":3},{"event_name":"Big Fish","player_choice":"Banana","floor":4,"damage_taken":0},{"event_name":"Liars Game","player_choice":"disagreed","floor":13,"damage_taken":0},{"event_name":"Masked Bandits","player_choice":"Fought over 284 gold","floor":19,"damage_taken":0},{"event_name":"The Library","player_choice":"Heal","floor":20,"damage_taken":0},{"event_name":"Golden Shrine","player_choice":"Pray","floor":22,"damage_taken":0}],"boss_relics":[{"not_picked":["Sozu","Snecko Eye"],"picked":"Inserter"}],"items_purged_floors":[2],"potions_floor_spawned":[5,12,16,21],"seed_played":"-3000490342803076828","killed_by":"Cultist and Chosen","ascension_level":6,"potions_obtained":[{"floor":5,"key":"PowerPotion"},{"floor":12,"key":"Dexterity Potion"},{"floor":16,"key":"FearPotion"},{"floor":21,"key":"Regen Potion"}],"is_trial":false}