{"gold_per_floor":[117,117,117,117,41,41,73,84,84,9,24,89,264,289,289,394,394,414,513,0,0,18,18],"floor_reached":23,"playtime":911,"items_purged":["Strike_B","Consume"],"score":286,"play_id":"edf67dab-e1c1-47ea-bf83-012a205db338","local_time":"20190205225151","is_ascension_mode":true,"campfire_choices":[{"data":"Zap","floor":6,"key":"SMITH"},{"floor":15,"key":"REST"}],"neow_cost":"NONE","seed_source_timestamp":31596099527423,"circlet_count":0,"master_deck":["Defend_B","Defend_B","Defend_B","Defend_B","Zap+1","Dualcast","Storm","Loop","Self Repair","Double Energy","Core Surge","White Noise","Echo Form","Barrage+1","Biased Cognition+1","Cold Snap+1","Self Repair","Master of Strategy"],"relics":["Cracked Core","NeowsBlessing","Art of War","Omamori","Turnip","Bird Faced Urn","Astrolabe","PrismaticShard"],"potions_floor_usage":[12,12,16,22,23],"damage_taken":[{"damage":0,"enemies":"Small Slimes","floor":1,"turns":1},{"damage":0,"enemies":"Lagavulin","floor":7,"turns":1},{"damage":0,"enemies":"Jaw Worm","floor":8,"turns":1},{"damage":3,"enemies":"2 Louse","floor":11,"turns":2},{"damage":30,"enemies":"3 Sentries","floor":12,"turns":6},{"damage":16,"enemies":"Gremlin Nob","floor":14,"turns":4},{"damage":58,"enemies":"The Guardian","floor":16,"turns":11},{"damage":43,"enemies":"2 Thieves","floor":18,"turns":4},{"damage":44,"enemies":"3 Byrds","floor":22,"turns":4},{"damage":20,"enemies":"Book of Stabbing","floor":23,"turns":3}],"seed_played":"-7812641269459776508","potions_obtained":[{"floor":1,"key":"Regen Potion"},{"floor":7,"key":"Ancient Potion"},{"floor":8,"key":"AttackPotion"},{"floor":18,"key":"Swift Potion"},{"floor":22,"key":"Fire Potion"}],"is_trial":false,"path_per_floor":["M","?","?","?","$","R","E","M","T","$","M","?","?","E","R","B",null,"M","?","$","?","M","E"],"character_chosen":"DEFECT","items_purchased":["Loop","Self Repair","PrismaticShard","Master of Strategy"],"campfire_rested":1,"item_purchase_floors":[5,20,20,20],"current_hp_per_floor":[68,68,68,61,61,61,61,61,61,61,65,42,42,33,55,27,63,35,35,35,35,28,20],"gold":18,"neow_bonus":"THREE_ENEMY_KILL","is_prod":false,"is_daily":false,"chose_seed":false,"campfire_upgraded":1,"win_rate":0,"timestamp":1549428711,"path_taken":["M","?","?","?","$","R","E","M","T","$","?","?","?","E","R","BOSS","M","?","$","?","M","E"],"build_version":"2019-01-23","purchased_purges":2,"victory":false,"max_hp_per_floor":[75,75,75,75,75,75,75,75,75,75,75,75,75,75,75,75,75,75,75,75,75,75,75],"card_choices":[{"not_picked":["Conserve Battery","Beam Cell"],"picked":"Storm","floor":1},{"not_picked":["Stack","Darkness"],"picked":"Self Repair","floor":7},{"not_picked":["Steam Power","Barrage"],"picked":"Double Energy","floor":8},{"not_picked":["Streamline","Compile Driver"],"picked":"Core Surge","floor":11},{"not_picked":["Blizzard","Rebound"],"picked":"Consume","floor":12},{"not_picked":["Skim","Streamline"],"picked":"White Noise","floor":14},{"not_picked":["Rainbow","Electrodynamics"],"picked":"Echo Form","floor":16},{"not_picked":["Sweeping Beam","Barrage","Turbo"],"picked":"SKIP","floor":18},{"not_picked":["Iron Wave","Conserve Battery+1","Recycle"],"picked":"SKIP","floor":22}],"player_experience":458419,"relics_obtained":[{"floor":7,"key":"Omamori"},{"floor":12,"key":"Turnip"},{"floor":14,"key":"Bird Faced Urn"}],"event_choices":[{"damage_healed":0,"gold_gain":0,"player_choice":"Ignored","damage_taken":0,"max_hp_gain":0,"max_hp_loss":0,"event_name":"Shining Light","floor":2,"gold_loss":0},{"damage_healed":0,"gold_gain":0,"player_choice":"Box","damage_taken":0,"relics_obtained":["Art of War"],"max_hp_gain":0,"max_hp_loss":0,"event_name":"Big Fish","floor":3,"gold_loss":0,"cards_obtained":["Regret"]},{"cards_removed":["Regret"],"damage_healed":0,"gold_gain":0,"player_choice":"Card Removal","damage_taken":7,"max_hp_gain":0,"max_hp_loss":0,"event_name":"Golden Wing","floor":4,"gold_loss":0},{"damage_healed":0,"gold_gain":0,"player_choice":"Searched \u00272\u0027 times","damage_taken":0,"max_hp_gain":0,"max_hp_loss":0,"event_name":"Dead Adventurer","floor":12,"gold_loss":0},{"damage_healed":0,"gold_gain":175,"player_choice":"AGREE","damage_taken":0,"max_hp_gain":0,"max_hp_loss":0,"event_name":"Liars Game","floor":13,"gold_loss":0,"cards_obtained":["Doubt"]},{"damage_healed":0,"gold_gain":99,"player_choice":"Stole From Cult","damage_taken":0,"max_hp_gain":0,"max_hp_loss":0,"event_name":"Nest","floor":19,"gold_loss":0},{"damage_healed":0,"gold_gain":0,"player_choice":"Ignored","damage_taken":0,"max_hp_gain":0,"max_hp_loss":0,"event_name":"Ghosts","floor":21,"gold_loss":0}],"is_beta":false,"boss_relics":[{"not_picked":["Snecko Eye","Eternal Feather"],"picked":"Astrolabe"}],"items_purged_floors":[10,20],"is_endless":false,"potions_floor_spawned":[1,7,8,18,22],"killed_by":"Book of Stabbing","ascension_level":6}