{"gold_per_floor":[115,190,201,37,37,68,79,98,98,98,112,112,127,145,145,241,241,261,280,299,201,101,101,101],"floor_reached":24,"playtime":2181,"items_purged":["Strike_R","Defend_R"],"score":248,"play_id":"0d48fdcd-9b7d-4a0f-acef-c8ddcd7eb78a","local_time":"20190411233346","is_ascension_mode":true,"campfire_choices":[{"data":"Metamorphosis","floor":10,"key":"SMITH"},{"floor":12,"key":"REST"},{"data":"True Grit","floor":15,"key":"SMITH"},{"floor":23,"key":"REST"}],"neow_cost":"NONE","seed_source_timestamp":615937758464991,"circlet_count":0,"master_deck":["Strike_R","Strike_R","Strike_R","Strike_R","Defend_R","Defend_R","Defend_R","Bash","Pummel","Flame Barrier","Metamorphosis+1","Wild Strike","Demon Form","Shrug It Off","Iron Wave","True Grit+1","Reaper","Fire Breathing","Power Through+1","Armaments"],"relics":["Burning Blood","NeowsBlessing","Potion Belt","Happy Flower","Runic Pyramid"],"potions_floor_usage":[16,19,20,20,24,24],"damage_taken":[{"damage":0,"enemies":"Jaw Worm","floor":1,"turns":1},{"damage":0,"enemies":"Small Slimes","floor":3,"turns":1},{"damage":0,"enemies":"Lagavulin","floor":6,"turns":2},{"damage":6,"enemies":"Cultist","floor":7,"turns":3},{"damage":21,"enemies":"Lots of Slimes","floor":8,"turns":5},{"damage":32,"enemies":"Gremlin Gang","floor":11,"turns":4},{"damage":10,"enemies":"Exordium Wildlife","floor":13,"turns":4},{"damage":0,"enemies":"Large Slime","floor":14,"turns":4},{"damage":33,"enemies":"Hexaghost","floor":16,"turns":9},{"damage":34,"enemies":"Shell Parasite","floor":18,"turns":8},{"damage":36,"enemies":"3 Byrds","floor":19,"turns":5},{"damage":38,"enemies":"Snecko","floor":20,"turns":6},{"damage":48,"enemies":"Cultist and Chosen","floor":24,"turns":7}],"seed_played":"2692822856110607402","potions_obtained":[{"floor":1,"key":"Strength Potion"},{"floor":3,"key":"SpeedPotion"},{"floor":13,"key":"BloodPotion"},{"floor":16,"key":"BloodPotion"},{"floor":18,"key":"Strength Potion"},{"floor":20,"key":"EssenceOfSteel"}],"is_trial":false,"path_per_floor":["M","?","M","$","?","E","M","M","T","R","M","R","M","M","R","B",null,"M","M","M","$","$","R","M"],"character_chosen":"IRONCLAD","items_purchased":["Metamorphosis","Armaments"],"campfire_rested":2,"item_purchase_floors":[4,21],"current_hp_per_floor":[80,69,75,75,80,85,85,70,70,70,44,69,65,71,71,52,85,57,47,15,15,15,40,0],"gold":101,"neow_bonus":"THREE_ENEMY_KILL","is_prod":false,"is_daily":false,"chose_seed":false,"campfire_upgraded":2,"win_rate":0,"timestamp":1555040026,"path_taken":["M","?","M","$","?","E","M","?","T","R","?","R","M","M","R","BOSS","M","M","M","?","$","R","M"],"build_version":"2019-01-23","purchased_purges":2,"victory":false,"max_hp_per_floor":[80,80,80,80,85,85,85,85,85,85,85,85,85,85,85,85,85,85,85,85,85,85,85,85],"card_choices":[{"not_picked":["Dual Wield","Iron Wave"],"picked":"Pummel","floor":1},{"not_picked":["Wild Strike","Battle Trance"],"picked":"Flame Barrier","floor":3},{"not_picked":["Thunderclap","Havoc"],"picked":"Wild Strike","floor":6},{"not_picked":["Clash","Sentinel"],"picked":"Demon Form","floor":7},{"not_picked":["Iron Wave","Headbutt"],"picked":"Shrug It Off","floor":8},{"not_picked":["Pommel Strike","Twin Strike"],"picked":"Iron Wave","floor":11},{"not_picked":["Flex","Berserk"],"picked":"True Grit","floor":13},{"not_picked":["Warcry","Cleave","Rupture"],"picked":"SKIP","floor":14},{"not_picked":["Fiend Fire","Juggernaut"],"picked":"Reaper","floor":16},{"not_picked":["Pommel Strike","Wild Strike","Burning Pact+1"],"picked":"SKIP","floor":18},{"not_picked":["Combust","Reckless Charge"],"picked":"Fire Breathing","floor":19},{"not_picked":["Thunderclap+1","Body Slam"],"picked":"Power Through+1","floor":20}],"player_experience":132622,"relics_obtained":[{"floor":6,"key":"Potion Belt"},{"floor":9,"key":"Happy Flower"}],"event_choices":[{"damage_healed":0,"gold_gain":75,"player_choice":"Gather Gold","damage_taken":11,"max_hp_gain":0,"max_hp_loss":0,"event_name":"World of Goop","floor":2,"gold_loss":0},{"damage_healed":0,"gold_gain":0,"player_choice":"Donut","damage_taken":0,"max_hp_gain":5,"max_hp_loss":0,"event_name":"Big Fish","floor":5,"gold_loss":0}],"is_beta":false,"boss_relics":[{"not_picked":["Snecko Eye","Black Star"],"picked":"Runic Pyramid"}],"items_purged_floors":[21,22],"is_endless":false,"potions_floor_spawned":[1,3,13,16,18,20],"killed_by":"Cultist and Chosen","ascension_level":2}