{"gold_per_floor":[119,130,130,143,160,160,195,195,220,220,248,258,258,272,272,373,373,390,390,400,400],"floor_reached":21,"playtime":2130,"items_purged":[],"score":210,"play_id":"2fc44d56-614f-4eb7-a48e-d197c7383585","local_time":"20190408215648","is_ascension_mode":true,"campfire_choices":[{"floor":6.0,"key":"REST"},{"floor":8.0,"key":"REST"},{"floor":15,"key":"REST"}],"neow_cost":"NONE","seed_source_timestamp":0,"circlet_count":0,"master_deck":["Strike_B+1","Strike_B","Strike_B+1","Strike_B","Defend_B","Defend_B","Defend_B","Zap","Dualcast","Reboot","Cold Snap","Redo","Conserve Battery","Scrape","Loop","Leap","Conserve Battery","Glacier","Creative AI","Leap","Ball Lightning"],"special_seed":0,"relics":["Cracked Core","Blood Vial","Anchor","Bag of Preparation","Runic Pyramid"],"potions_floor_usage":[16,16,16,16,16],"damage_taken":[{"damage":5.0,"enemies":"Small Slimes","floor":1.0,"turns":2.0},{"damage":2.0,"enemies":"Jaw Worm","floor":2.0,"turns":3.0},{"damage":9.0,"enemies":"2 Louse","floor":4.0,"turns":2.0},{"damage":21.0,"enemies":"Exordium Wildlife","floor":5.0,"turns":6.0},{"damage":23.0,"enemies":"Lagavulin","floor":7.0,"turns":6.0},{"damage":15.0,"enemies":"3 Sentries","floor":11.0,"turns":10.0},{"damage":24.0,"enemies":"Lots of Slimes","floor":12.0,"turns":5.0},{"damage":3,"enemies":"Looter","floor":14,"turns":4},{"damage":7,"enemies":"Slime Boss","floor":16,"turns":15},{"damage":3,"enemies":"Chosen","floor":18,"turns":7},{"damage":3,"enemies":"Shell Parasite","floor":20,"turns":17},{"damage":92,"enemies":"Centurion and Healer","floor":21,"turns":14}],"seed_played":"4771842290621995699","potions_obtained":[{"floor":7.0,"key":"SteroidPotion"},{"floor":11.0,"key":"Swift Potion"},{"floor":12.0,"key":"EntropicBrew"}],"is_trial":false,"path_per_floor":["M","M","?","M","M","R","E","R","T","?","E","M","?","M","R","B",null,"M","?","M","M"],"character_chosen":"DEFECT","items_purchased":[],"campfire_rested":3,"item_purchase_floors":[],"current_hp_per_floor":[70,68,53,44,23,45,22,44,44,44,31,9,9,8,30,25,75,72,72,71,0],"gold":400,"neow_bonus":"ONE_RANDOM_RARE_CARD","is_prod":false,"is_daily":false,"chose_seed":false,"campfire_upgraded":0,"win_rate":0,"timestamp":1554775008,"path_taken":["M","M","?","M","M","R","E","R","T","?","E","M","?","M","R","BOSS","M","?","M","M"],"build_version":"2019-01-23","purchased_purges":0,"victory":false,"max_hp_per_floor":[75,75,75,75,75,75,75,75,75,75,75,75,75,75,75,75,75,75,75,75,75],"card_choices":[{"not_picked":["Hologram","Stack"],"picked":"Cold Snap","floor":1.0},{"not_picked":["Chill","Hologram"],"picked":"Redo","floor":2.0},{"not_picked":["Redo","Hologram"],"picked":"Conserve Battery","floor":4.0},{"not_picked":["Hologram","Cold Snap"],"picked":"Scrape","floor":5.0},{"not_picked":["Hologram","Turbo"],"picked":"Loop","floor":7.0},{"not_picked":["FTL","Conserve Battery"],"picked":"Leap","floor":11.0},{"not_picked":["Chill","Compile Driver"],"picked":"Conserve Battery","floor":12.0},{"not_picked":["Force Field","Redo"],"picked":"Glacier","floor":14},{"not_picked":["Amplify","All For One"],"picked":"Creative AI","floor":16},{"not_picked":["Stack","Ball Lightning"],"picked":"Leap","floor":18},{"not_picked":["Rebound","Consume"],"picked":"Ball Lightning","floor":20}],"player_experience":98360,"relics_obtained":[{"floor":7.0,"key":"Blood Vial"},{"floor":9.0,"key":"Anchor"},{"floor":11.0,"key":"Bag of Preparation"}],"event_choices":[{"damage_healed":0.0,"max_hp_gain":0.0,"max_hp_loss":0.0,"gold_gain":0.0,"event_name":"Shining Light","player_choice":"Entered Light","floor":3.0,"gold_loss":0.0,"damage_taken":15.0,"cards_upgraded":["Strike_B","Strike_B"]},{"damage_healed":0.0,"max_hp_gain":0.0,"max_hp_loss":0.0,"gold_gain":0.0,"event_name":"Liars Game","player_choice":"Ignored","floor":10.0,"gold_loss":0.0,"damage_taken":0.0},{"damage_healed":0,"gold_gain":0,"player_choice":"Searched \u00270\u0027 times","damage_taken":0,"max_hp_gain":0,"max_hp_loss":0,"event_name":"Dead Adventurer","floor":13,"gold_loss":0},{"cards_removed":["Defend_B"],"damage_healed":0,"gold_gain":0,"player_choice":"Purged","damage_taken":0,"max_hp_gain":0,"max_hp_loss":0,"event_name":"Purifier","floor":19,"gold_loss":0}],"is_beta":false,"boss_relics":[{"not_picked":["Philosopher\u0027s Stone","Busted Crown"],"picked":"Runic Pyramid"}],"items_purged_floors":[],"is_endless":false,"potions_floor_spawned":[7,11,12],"killed_by":"Centurion and Healer","ascension_level":2}