{"gold_per_floor":[109,109,134,134,152,185,185,223,223,246,162,4,24,49,49,173,173,188,221,221,242,267,267,311,311,311,311,5,5,37,52,52,148,148,160,177,147,160,160,160],"floor_reached":41,"playtime":2295,"items_purged":["Strike_B"],"score":907,"play_id":"feb8f125-6ab6-4e72-a8fd-818accd1a6c1","local_time":"20190228124647","is_ascension_mode":true,"campfire_choices":[{"data":"Defragment","floor":7.0,"key":"SMITH"},{"floor":15.0,"key":"REST"},{"data":"Steam Power","floor":23.0,"key":"SMITH"},{"floor":25.0,"key":"REST"},{"data":"Capacitor","floor":32.0,"key":"SMITH"}],"neow_cost":"NONE","seed_source_timestamp":905413725461088,"circlet_count":0,"master_deck":["Strike_B+1","Strike_B+1","Strike_B+1","Defend_B+1","Defend_B+1","Defend_B+1","Defend_B+1","Zap","Dualcast","Ball Lightning","Coolheaded","Defragment+1","Capacitor+1","Loop","Glacier","Cold Snap","Blizzard","Leap","Undo","Electrodynamics","Steam Power+1","Defragment+1","Cold Snap","Storm","Cold Snap","Thunder Strike"],"special_seed":0,"relics":["Cracked Core","NeowsBlessing","Bloody Idol","DataDisk","Dodecahedron","Calipers","Sundial","Tiny Chest","Velvet Choker","Red Mask","Art of War","Pantograph","Mango","Bronze Scales","Omamori","Inserter"],"potions_floor_usage":[],"damage_taken":[{"damage":0.0,"enemies":"2 Louse","floor":1.0,"turns":1.0},{"damage":0.0,"enemies":"Jaw Worm","floor":5.0,"turns":1.0},{"damage":0.0,"enemies":"3 Sentries","floor":6.0,"turns":1.0},{"damage":17.0,"enemies":"Lagavulin","floor":8.0,"turns":5.0},{"damage":8.0,"enemies":"Small Slimes","floor":10.0,"turns":3.0},{"damage":8.0,"enemies":"Exordium Thugs","floor":13.0,"turns":6.0},{"damage":10.0,"enemies":"Exordium Wildlife","floor":14.0,"turns":4.0},{"damage":11.0,"enemies":"Hexaghost","floor":16.0,"turns":17.0},{"damage":10.0,"enemies":"Shell Parasite","floor":18.0,"turns":6.0},{"damage":0.0,"enemies":"Masked Bandits","floor":19.0,"turns":2.0},{"damage":0.0,"enemies":"Chosen","floor":21.0,"turns":3.0},{"damage":24.0,"enemies":"Gremlin Leader","floor":24.0,"turns":7.0},{"damage":3.0,"enemies":"Book of Stabbing","floor":30.0,"turns":5.0},{"damage":8.0,"enemies":"Snecko","floor":31.0,"turns":5.0},{"damage":7.0,"enemies":"Champ","floor":33.0,"turns":33.0},{"damage":19.0,"enemies":"3 Darklings","floor":35.0,"turns":3.0},{"damage":1.0,"enemies":"3 Shapes","floor":36.0,"turns":3.0},{"damage":33,"enemies":"Writhing Mass","floor":38,"turns":5},{"damage":27,"enemies":"Donu and Deca","floor":40,"turns":8}],"seed_played":"-3994420404199554199","potions_obtained":[{"floor":5.0,"key":"FearPotion"},{"floor":13.0,"key":"Weak Potion"},{"floor":14.0,"key":"Explosive Potion"},{"floor":18.0,"key":"Explosive Potion"},{"floor":19.0,"key":"SpeedPotion"},{"floor":21.0,"key":"Block Potion"},{"floor":31.0,"key":"PowerPotion"},{"floor":35.0,"key":"Swift Potion"},{"floor":37.0,"key":"Fruit Juice"},{"floor":37.0,"key":"Block Potion"}],"is_trial":false,"path_per_floor":["M","?","T","?","M","E","R","E","T","M","$","$","M","M","R","B",null,"M","?","?","M","T","R","E","R","T","?","$","?","E","M","R","B",null,"M","M","?","M","?","B",null],"character_chosen":"DEFECT","items_purchased":["Glacier","Cold Snap","Tiny Chest","Blizzard","Bronze Scales","Storm"],"campfire_rested":2,"item_purchase_floors":[11,11,12,12,28,28],"current_hp_per_floor":[68,68,68,68,68,68,68,51,51,43,43,43,35,25,45,34,60,50,50,69,69,69,69,45,65,79,79,79,79,81,78,78,81,83,69,73,78,50,50,48],"gold":160,"neow_bonus":"THREE_ENEMY_KILL","is_prod":false,"is_daily":false,"chose_seed":false,"campfire_upgraded":3,"win_rate":0,"timestamp":1551379607,"path_taken":["M","?","?","?","M","E","R","E","T","M","?","$","M","M","R","BOSS","M","?","?","?","?","R","E","R","T","?","$","?","E","M","R","BOSS","M","M","?","?","?","BOSS"],"build_version":"2019-01-23","purchased_purges":1,"victory":true,"max_hp_per_floor":[75,69,69,69,69,69,69,69,69,69,69,69,69,69,69,69,69,69,69,69,69,69,69,69,69,83,83,83,83,83,83,83,83,83,83,83,88,88,88,88],"card_choices":[{"not_picked":["Beam Cell","Recycle"],"picked":"Ball Lightning","floor":1.0},{"not_picked":["Barrage","Sunder"],"picked":"Coolheaded","floor":5.0},{"not_picked":["Streamline","Double Energy"],"picked":"Defragment","floor":6.0},{"not_picked":["Conserve Battery","Barrage"],"picked":"Capacitor","floor":8.0},{"not_picked":["BootSequence","Go for the Eyes"],"picked":"Loop","floor":10.0},{"not_picked":["Creative AI","Loop"],"picked":"Leap","floor":13.0},{"not_picked":["Compile Driver","Reprogram"],"picked":"Undo","floor":14.0},{"not_picked":["Biased Cognition","Core Surge"],"picked":"Electrodynamics","floor":16.0},{"not_picked":["Hologram","Steam","Streamline+1"],"picked":"SKIP","floor":18.0},{"not_picked":["Gash","Beam Cell"],"picked":"Steam Power","floor":19.0},{"not_picked":["Reinforced Body+1","Conserve Battery"],"picked":"Defragment+1","floor":21.0},{"not_picked":["Aggregate+1","Turbo"],"picked":"Cold Snap","floor":24.0},{"not_picked":["Rebound","Hologram"],"picked":"Cold Snap","floor":30.0},{"not_picked":["Sunder","Gash","Barrage"],"picked":"SKIP","floor":31.0},{"not_picked":["Core Surge","All For One"],"picked":"Thunder Strike","floor":33.0},{"not_picked":["Go for the Eyes","Melter+1","Beam Cell+1"],"picked":"SKIP","floor":35.0},{"not_picked":["Sweeping Beam+1","Turbo+1","Rip and Tear"],"picked":"SKIP","floor":36.0},{"not_picked":["Rebound","Streamline+1","Beam Cell"],"picked":"SKIP","floor":38}],"player_experience":571546,"relics_obtained":[{"floor":3.0,"key":"DataDisk"},{"floor":6.0,"key":"Dodecahedron"},{"floor":8.0,"key":"Calipers"},{"floor":9.0,"key":"Sundial"},{"floor":19.0,"key":"Red Mask"},{"floor":22.0,"key":"Art of War"},{"floor":24.0,"key":"Pantograph"},{"floor":26.0,"key":"Mango"},{"floor":30.0,"key":"Omamori"}],"event_choices":[{"damage_healed":0.0,"max_hp_gain":0.0,"max_hp_loss":6.0,"gold_gain":0.0,"event_name":"Golden Idol","player_choice":"Lose Max HP","floor":2.0,"gold_loss":0.0,"damage_taken":0.0,"relics_obtained":["Golden Idol"]},{"damage_healed":0.0,"max_hp_gain":0.0,"max_hp_loss":0.0,"gold_gain":0.0,"event_name":"Shining Light","player_choice":"Ignored","floor":4.0,"gold_loss":0.0,"damage_taken":0.0},{"damage_healed":0.0,"max_hp_gain":0.0,"max_hp_loss":0.0,"gold_gain":0.0,"event_name":"Masked Bandits","player_choice":"Fought Bandits","floor":19.0,"gold_loss":0.0,"damage_taken":0.0},{"damage_healed":23.0,"max_hp_gain":0.0,"max_hp_loss":0.0,"gold_gain":0.0,"event_name":"The Library","player_choice":"Heal","floor":20.0,"gold_loss":0.0,"damage_taken":0.0},{"damage_healed":0.0,"max_hp_gain":0.0,"max_hp_loss":0.0,"gold_gain":0.0,"event_name":"Forgotten Altar","player_choice":"Gave Idol","floor":27.0,"relics_lost":["Golden Idol"],"gold_loss":0.0,"damage_taken":0.0,"relics_obtained":["Bloody Idol"]},{"damage_healed":0.0,"max_hp_gain":0.0,"max_hp_loss":0.0,"gold_gain":0.0,"event_name":"Back to Basics","player_choice":"Simplicity","floor":29.0,"gold_loss":0.0,"damage_taken":0.0,"cards_upgraded":["Strike_B","Strike_B","Strike_B","Defend_B","Defend_B","Defend_B","Defend_B"]},{"damage_healed":0.0,"max_hp_gain":0.0,"max_hp_loss":0.0,"gold_gain":0.0,"event_name":"The Woman in Blue","player_choice":"Bought 2 Potions","floor":37.0,"gold_loss":0.0,"damage_taken":0.0},{"damage_healed":0,"gold_gain":0,"player_choice":"Took Portal","damage_taken":0,"max_hp_gain":0,"max_hp_loss":0,"event_name":"SecretPortal","floor":39,"gold_loss":0}],"is_beta":false,"boss_relics":[{"not_picked":["Orrery","Coffee Dripper"],"picked":"Velvet Choker"},{"not_picked":["Astrolabe","Sozu"],"picked":"Inserter"}],"items_purged_floors":[28],"is_endless":false,"potions_floor_spawned":[5,13,14,18,19,21,31,35],"ascension_level":8}