{"gold_per_floor":[113,63,80,80,80,80,104,114,114,114,131,8,8,0,0,105,105,117,87,103,28,28],"floor_reached":22,"playtime":1961,"items_purged":["Regret"],"score":181,"play_id":"86591023-5277-473f-9b88-212c4f5f9732","local_time":"20190325145023","is_ascension_mode":true,"campfire_choices":[{"data":"Strike_B","floor":6,"key":"SMITH"},{"floor":10,"key":"REST"},{"data":"Barrage","floor":15,"key":"SMITH"}],"neow_cost":"NONE","seed_source_timestamp":935548895362752,"circlet_count":0,"master_deck":["Strike_B","Strike_B","Strike_B+1","Strike_B","Defend_B","Defend_B","Defend_B","Defend_B","Coolheaded","Reinforced Body","Barrage+1","Lockon","Defragment","Biased Cognition","White Noise","Coolheaded"],"relics":["Inserter","Blood Vial","Odd Mushroom","Pantograph","Runic Pyramid"],"potions_floor_usage":[11,16,18],"damage_taken":[{"damage":0,"enemies":"Cultist","floor":1,"turns":4},{"damage":0,"enemies":"Small Slimes","floor":3,"turns":4},{"damage":41,"enemies":"The Mushroom Lair","floor":7,"turns":8},{"damage":7,"enemies":"Jaw Worm","floor":8,"turns":7},{"damage":12,"enemies":"3 Louse","floor":11,"turns":5},{"damage":10,"enemies":"Looter","floor":14,"turns":4},{"damage":52,"enemies":"Slime Boss","floor":16,"turns":9},{"damage":38,"enemies":"Shell Parasite","floor":18,"turns":8},{"damage":37,"enemies":"Spheric Guardian","floor":20,"turns":7},{"damage":0,"enemies":"3 Cultists","floor":22,"turns":1}],"seed_played":"2475246999424567902","potions_obtained":[{"floor":8,"key":"GamblersBrew"},{"floor":16,"key":"PowerPotion"},{"floor":19,"key":"Ancient Potion"},{"floor":19,"key":"LiquidBronze"},{"floor":20,"key":"Explosive Potion"}],"is_trial":false,"path_per_floor":["M","?","M","?","?","R","?","M","T","R","M","$","$","M","R","B",null,"M","?","M","$","M"],"character_chosen":"DEFECT","items_purchased":["Defragment","AttackPotion"],"campfire_rested":1,"item_purchase_floors":[12,12],"current_hp_per_floor":[75,75,75,75,75,75,34,29,29,51,41,41,41,33,33,8,75,37,37,2,2,4],"gold":28,"neow_bonus":"BOSS_RELIC","is_prod":false,"is_daily":false,"chose_seed":false,"campfire_upgraded":2,"win_rate":0,"timestamp":1553550623,"path_taken":["M","?","M","?","?","R","?","M","T","R","M","?","$","M","R","BOSS","M","?","?","$","M"],"build_version":"2019-01-23","purchased_purges":1,"victory":false,"max_hp_per_floor":[75,75,75,75,75,75,75,75,75,75,75,75,75,75,75,75,75,75,75,75,75,75],"card_choices":[{"not_picked":["Barrage","Turbo"],"picked":"Coolheaded","floor":1},{"not_picked":["Compile Driver","Go for the Eyes"],"picked":"Reinforced Body","floor":3},{"not_picked":["Compile Driver","Force Field","Beam Cell"],"picked":"SKIP","floor":8},{"not_picked":["Sunder","Stack"],"picked":"Lockon","floor":11},{"not_picked":["Hologram","Heatsinks","Reprogram"],"picked":"SKIP","floor":14},{"not_picked":["All For One","Fission"],"picked":"Biased Cognition","floor":16},{"not_picked":["Skim","Undo"],"picked":"White Noise","floor":18},{"not_picked":["Redo","Beam Cell"],"picked":"Coolheaded","floor":20}],"player_experience":225357,"relics_obtained":[{"floor":7,"key":"Odd Mushroom"},{"floor":9,"key":"Pantograph"}],"event_choices":[{"cards_removed":["Dualcast"],"damage_healed":0,"gold_gain":0,"player_choice":"Card Removal","damage_taken":0,"max_hp_gain":0,"max_hp_loss":0,"event_name":"The Cleric","floor":2,"gold_loss":50},{"damage_healed":0,"gold_gain":0,"player_choice":"Box","damage_taken":0,"relics_obtained":["Blood Vial"],"max_hp_gain":0,"max_hp_loss":0,"event_name":"Big Fish","floor":4,"gold_loss":0,"cards_obtained":["Regret"]},{"damage_healed":0,"gold_gain":0,"cards_transformed":["Zap"],"player_choice":"Change","damage_taken":0,"max_hp_gain":0,"max_hp_loss":0,"event_name":"Living Wall","floor":5,"gold_loss":0,"cards_obtained":["Barrage"]},{"damage_healed":0,"gold_gain":0,"player_choice":"Fought Mushrooms","damage_taken":0,"max_hp_gain":0,"max_hp_loss":0,"event_name":"Mushrooms","floor":7,"gold_loss":0},{"damage_healed":0,"gold_gain":0,"player_choice":"Bought 2 Potions","damage_taken":0,"max_hp_gain":0,"max_hp_loss":0,"event_name":"The Woman in Blue","floor":19,"gold_loss":0}],"is_beta":false,"boss_relics":[{"not_picked":["Cursed Key","Eternal Feather"],"picked":"Runic Pyramid"}],"items_purged_floors":[21],"is_endless":false,"potions_floor_spawned":[8,16,20],"killed_by":"3 Cultists","ascension_level":1}