{"gold_per_floor":[139,154,229,479,9,9,41,41,68,101,117,149,159,171,171,267,267,233,31,31,49,49,77,97,126,126,152,171,171],"floor_reached":29,"playtime":1780,"items_purged":["Regret"],"score":510,"play_id":"4bee8e3d-da4e-45d1-a7b0-21e6bbf89be8","local_time":"20180708021623","is_ascension_mode":true,"campfire_choices":[{"data":"Apotheosis","floor":6,"key":"SMITH"},{"data":"Defragment","floor":8,"key":"SMITH"},{"data":"Defragment","floor":15,"key":"SMITH"}],"neow_cost":"NONE","seed_source_timestamp":0,"circlet_count":0,"master_deck":["Strike_B+1","Strike_B","Strike_B+1","Strike_B","Defend_B","Defend_B","Defend_B","Defend_B","Zap","Dualcast","Gash","Cold Snap","Loop+1","Defragment+1","Apotheosis+1","BootSequence","Defragment+1","Beam Cell","Coolheaded","Turbo","Glacier","Buffer","FTL+1","Barrage+1","Redo","Doom and Gloom+1","Gash","Gash","Rainbow","Barrage"],"special_seed":17720,"relics":["Tiny House","Oddly Smooth Stone","The Courier","DataDisk","Omamori","Orichalcum","Inserter","Lantern","Anchor","Gambling Chip","Symbiotic Virus","Whetstone"],"potions_floor_usage":[10,10,12,13,14,18,23,25],"damage_taken":[{"damage":3,"enemies":"2 Louse","floor":1,"turns":2},{"damage":3,"enemies":"Cultist","floor":2,"turns":4},{"damage":13,"enemies":"Lagavulin","floor":7,"turns":6},{"damage":14,"enemies":"Gremlin Nob","floor":10,"turns":5},{"damage":1,"enemies":"Small Slimes","floor":11,"turns":4},{"damage":0,"enemies":"Lagavulin","floor":12,"turns":7},{"damage":0,"enemies":"Looter","floor":13,"turns":2},{"damage":7,"enemies":"Gremlin Gang","floor":14,"turns":8},{"damage":10,"enemies":"Slime Boss","floor":16,"turns":10},{"damage":1,"enemies":"2 Thieves","floor":18,"turns":5},{"damage":0,"enemies":"Chosen","floor":21,"turns":7},{"damage":0,"enemies":"Gremlin Leader","floor":23,"turns":13},{"damage":15,"enemies":"Slaver and Parasite","floor":24,"turns":8},{"damage":3,"enemies":"Slavers","floor":25,"turns":9},{"damage":13,"enemies":"Book of Stabbing","floor":27,"turns":7},{"damage":25,"enemies":"Sentry and Sphere","floor":28,"turns":5},{"damage":13,"enemies":"Slavers","floor":29,"turns":1}],"seed_played":"5952392564398475268","potions_obtained":[{"floor":0,"key":"EntropicBrew"},{"floor":2,"key":"LiquidBronze"},{"floor":16,"key":"Block Potion"},{"floor":21,"key":"Swift Potion"},{"floor":23,"key":"Poison Potion"},{"floor":28,"key":"Energy Potion"}],"is_trial":false,"path_per_floor":["M","M","?","?","$","R","E","R","T","E","M","E","M","M","R","B",null,"M","$","?","M","?","E","M","E","T","E","M"],"character_chosen":"DEFECT","items_purchased":["Defragment","Apotheosis","Oddly Smooth Stone","Lantern","Barrage","Redo"],"campfire_rested":0,"item_purchase_floors":[5,5,5,19,19,19],"current_hp_per_floor":[70,67,56,56,56,56,43,43,43,29,28,28,28,21,21,11,63,62,62,62,62,62,62,47,44,44,31,6,0],"gold":171,"neow_bonus":"BOSS_RELIC","is_prod":false,"is_daily":false,"chose_seed":false,"campfire_upgraded":3,"win_rate":0,"timestamp":1531041383,"path_taken":["M","M","?","?","$","R","E","R","T","E","M","E","?","M","R","BOSS","M","$","?","M","?","E","M","E","T","E","?","E"],"build_version":"2018-07-05","purchased_purges":1,"victory":false,"max_hp_per_floor":[80,80,80,80,80,80,80,80,80,80,80,80,80,80,80,80,80,80,80,80,80,80,80,80,80,80,80,80,80],"card_choices":[{"not_picked":["Streamline","Rip and Tear"],"picked":"Gash","floor":0},{"not_picked":["Coolheaded","Compile Driver"],"picked":"Cold Snap","floor":1},{"not_picked":["Redo","Ball Lightning"],"picked":"Loop","floor":2},{"not_picked":["Barrage","Hologram"],"picked":"BootSequence","floor":7},{"not_picked":["Ball Lightning","All For One"],"picked":"Defragment","floor":10},{"not_picked":["Rip and Tear","Barrage"],"picked":"Beam Cell","floor":11},{"not_picked":["Ball Lightning","Turbo"],"picked":"Coolheaded","floor":12},{"not_picked":["Rebound","Force Field"],"picked":"Turbo","floor":13},{"not_picked":["Beam Cell","Coolheaded"],"picked":"Glacier","floor":14},{"not_picked":["Thunder Strike","Meteor Strike"],"picked":"Buffer","floor":16},{"not_picked":["Tempest","Force Field"],"picked":"FTL+1","floor":18},{"not_picked":["Sunder","Sweeping Beam+1","Compile Driver"],"picked":"SKIP","floor":21},{"not_picked":["Go for the Eyes","Hologram+1"],"picked":"Doom and Gloom+1","floor":23},{"not_picked":["Lockon+1","Turbo"],"picked":"Gash","floor":24},{"not_picked":["Auto Shields+1","Recycle"],"picked":"Gash","floor":25},{"not_picked":["Steam Power","Stack"],"picked":"Rainbow","floor":27},{"not_picked":["Undo+1","Streamline"],"picked":"Barrage","floor":28}],"player_experience":271718,"relics_obtained":[{"floor":7,"key":"The Courier"},{"floor":9,"key":"DataDisk"},{"floor":10,"key":"Omamori"},{"floor":12,"key":"Orichalcum"},{"floor":23,"key":"Anchor"},{"floor":25,"key":"Gambling Chip"},{"floor":26,"key":"Symbiotic Virus"},{"floor":27,"key":"Whetstone"}],"event_choices":[{"event_name":"World of Goop","player_choice":"Gather Gold","floor":3,"damage_taken":0},{"event_name":"Golden Shrine","player_choice":"Desecrate","floor":4,"damage_taken":0},{"event_name":"Accursed Blacksmith","player_choice":"Forge","floor":20,"damage_taken":0},{"event_name":"Drug Dealer","player_choice":"Ignored","floor":22,"damage_taken":0}],"boss_relics":[{"not_picked":["Runic Dome","Fusion Hammer"],"picked":"Inserter"}],"items_purged_floors":[5],"is_endless":false,"potions_floor_spawned":[2,11,16,21,23,28],"killed_by":"Slavers","ascension_level":7}