{"path_per_floor":["M","?","T","?","M","E","R","T","T","$","E","M","E","?","R","B",null,"M","M","$","?","M","R","?","?","T","M","E","M","R","$","R","B",null,"M","?","M","T","$","E"],"character_chosen":"DEFECT","items_purchased":["Orichalcum","Apotheosis","Whetstone","Boot","Madness+1"],"gold_per_floor":[119,294,318,418,436,466,466,466,466,31,59,74,101,101,101,203,203,220,238,91,91,109,109,109,109,109,125,150,162,162,15,15,110,110,130,130,143,143,41,70,70],"floor_reached":41,"campfire_rested":4,"playtime":1249,"item_purchase_floors":[10,10,20,31,39],"current_hp_per_floor":[70,70,70,70,68,31,53,53,53,53,49,55,53,46,68,53,75,67,64,64,64,56,56,56,56,56,37,18,7,29,29,51,24,75,57,57,43,43,43,8,0],"items_purged":["Doubt"],"gold":70,"score":571,"play_id":"0e0a1769-8104-4e6a-b773-83a1d18f8642","local_time":"20180523010516","is_prod":false,"is_daily":false,"chose_seed":false,"is_ascension_mode":true,"campfire_upgraded":1,"timestamp":1527030316,"campfire_choices":[{"floor":7,"key":"REST"},{"floor":15,"key":"REST"},{"data":"Apotheosis","floor":23,"key":"SMITH"},{"floor":30,"key":"REST"},{"floor":32,"key":"REST"}],"path_taken":["M","?","?","?","M","E","R","?","T","$","E","M","E","?","R","BOSS","M","M","$","?","M","R","?","?","T","M","E","M","R","$","R","BOSS","M","?","M","?","$","E","M"],"build_version":"2018-05-21v2","seed_source_timestamp":6419147646922,"purchased_purges":1,"victory":false,"master_deck":["Strike_B+1","Defend_B","Defend_B+1","Defend_B","Defend_B","Zap+1","Dualcast","Loop","Gash","Self Repair","Apotheosis+1","Axe Kick","Beam Cell","Echo Form","Electrodynamics+1","Static Discharge+1","Consume+1","Glacier+1","Axe Kick+1","Static Discharge+1","Beam Cell","Reinforced Body","Leap+1","Beam Cell+1","Go for the Eyes","Beam Cell+1","Seek+1","Coolheaded+1","Defragment+1","White Noise+1","Madness+1","Rebound"],"max_hp_per_floor":[75,75,75,75,75,75,75,75,75,75,75,75,75,75,75,75,75,75,75,75,75,75,75,75,75,75,75,75,75,75,75,75,75,75,75,75,75,75,75,75,75],"relics":["Cracked Core","Vajra","Juzu Bracelet","Bronze Scales","Pantograph","Orichalcum","War Paint","Cables","Prayer Wheel","Astrolabe","Whetstone","Toxic Egg 2","Question Card","Mercury Hourglass","Boot","Nuclear Battery","Regal Pillow","Lantern"],"card_choices":[{"not_picked":["Capacitor","Ball Lightning"],"picked":"Loop","floor":1},{"not_picked":["Steam","Stack"],"picked":"Gash","floor":5},{"not_picked":["Double Energy","Redo"],"picked":"Self Repair","floor":6},{"not_picked":["Self Repair","Steam"],"picked":"Axe Kick","floor":11},{"not_picked":["Steam Power","Rebound"],"picked":"Beam Cell","floor":12},{"not_picked":["Reinforced Body","Storm"],"picked":"Echo Form","floor":13},{"not_picked":["Thunder Strike","Creative AI"],"picked":"Electrodynamics","floor":16},{"not_picked":["Barrage","Redo"],"picked":"Axe Kick","floor":18},{"not_picked":["Axe Kick","White Noise"],"picked":"Static Discharge+1","floor":18},{"not_picked":["Streamline","Axe Kick"],"picked":"Beam Cell","floor":19},{"not_picked":["Consume","Hologram+1","Fusion+1"],"picked":"SKIP","floor":19},{"not_picked":["Chaos","Cold Snap+1"],"picked":"Reinforced Body","floor":22},{"not_picked":["Blizzard","Heatsinks","Turbo"],"picked":"SKIP","floor":22},{"not_picked":["Streamline+1","Sweeping Beam","Fusion+1"],"picked":"Leap+1","floor":27},{"not_picked":["Capacitor","Ball Lightning","Barrage"],"picked":"Beam Cell+1","floor":27},{"not_picked":["Steam+1","Fusion+1","Fission+1","Ball Lightning"],"picked":"SKIP","floor":28},{"not_picked":["Steam+1","Sweeping Beam","Cold Snap"],"picked":"Go for the Eyes","floor":29},{"not_picked":["Hologram+1","Capacitor","Redo+1"],"picked":"Beam Cell+1","floor":29},{"not_picked":["Biased Cognition","Hyperbeam","Meteor Strike"],"picked":"Seek+1","floor":33},{"not_picked":["Leap+1","Genetic Algorithm+1","Consume+1"],"picked":"Coolheaded+1","floor":35},{"not_picked":["Barrage","Sunder+1","Auto Shields+1"],"picked":"Defragment+1","floor":35},{"not_picked":["Sweeping Beam","Cold Snap+1","Turbo+1"],"picked":"White Noise+1","floor":37},{"not_picked":["Streamline","Barrage+1","Consume+1","Turbo+1"],"picked":"SKIP","floor":37},{"not_picked":["Cold Snap","Redo+1","Ball Lightning"],"picked":"Rebound","floor":40}],"player_experience":87509,"potions_floor_usage":[6,6,13,13,19,27,28,28,35],"damage_taken":[{"damage":5,"enemies":"Small Slimes","floor":1,"turns":3},{"damage":2,"enemies":"Jaw Worm","floor":5,"turns":3},{"damage":37,"enemies":"Gremlin Nob","floor":6,"turns":4},{"damage":14,"enemies":"Lagavulin","floor":11,"turns":5},{"damage":1,"enemies":"Cultist","floor":12,"turns":3},{"damage":12,"enemies":"3 Sentries","floor":13,"turns":3},{"damage":22,"enemies":"Slime Boss","floor":16,"turns":7},{"damage":8,"enemies":"Chosen","floor":18,"turns":4},{"damage":13,"enemies":"Spheric Guardian","floor":19,"turns":5},{"damage":8,"enemies":"3 Cultists","floor":22,"turns":3},{"damage":39,"enemies":"Cultist and Chosen","floor":27,"turns":7},{"damage":29,"enemies":"Slavers","floor":28,"turns":9},{"damage":19,"enemies":"Snake Plant","floor":29,"turns":3},{"damage":61,"enemies":"Automaton","floor":33,"turns":7},{"damage":18,"enemies":"3 Darklings","floor":35,"turns":3},{"damage":21,"enemies":"3 Shapes","floor":37,"turns":5},{"damage":35,"enemies":"Nemesis","floor":40,"turns":3},{"damage":16,"enemies":"Sphere and 2 Shapes","floor":41,"turns":3}],"relics_obtained":[{"floor":3,"key":"Vajra"},{"floor":6,"key":"Juzu Bracelet"},{"floor":8,"key":"Bronze Scales"},{"floor":9,"key":"Pantograph"},{"floor":11,"key":"War Paint"},{"floor":13,"key":"Cables"},{"floor":26,"key":"Question Card"},{"floor":28,"key":"Mercury Hourglass"},{"floor":38,"key":"Regal Pillow"},{"floor":40,"key":"Lantern"}],"event_choices":[{"event_name":"Liars Game","player_choice":"agreed","floor":2,"damage_taken":0},{"event_name":"Golden Shrine","player_choice":"Pray","floor":4,"damage_taken":0},{"event_name":"Scrap Ooze","player_choice":"success","floor":14,"damage_taken":7},{"event_name":"Ghosts","player_choice":"Ignored","floor":21,"damage_taken":0},{"event_name":"Match and Keep!","player_choice":"0 cards matched","floor":24,"damage_taken":0},{"event_name":"The Mausoleum","player_choice":"Yes","floor":25,"damage_taken":0},{"event_name":"Accursed Blacksmith","player_choice":"Forge","floor":36,"damage_taken":0}],"boss_relics":[{"not_picked":["Runic Pyramid","Snecko Eye"],"picked":"Astrolabe"},{"not_picked":["Velvet Choker","Calling Bell"],"picked":"Nuclear Battery"}],"items_purged_floors":[10],"potions_floor_spawned":[1,11,12,16,18,22,27,33],"seed_played":"8576052377728117734","killed_by":"Sphere and 2 Shapes","ascension_level":4,"potions_obtained":[{"floor":11,"key":"Explosive Potion"},{"floor":12,"key":"Energy Potion"},{"floor":16,"key":"GamblersBrew"},{"floor":18,"key":"Poison Potion"},{"floor":22,"key":"Dexterity Potion"},{"floor":27,"key":"Swift Potion"},{"floor":33,"key":"Swift Potion"}],"is_trial":false}