{"gold_per_floor":[117,117,136,157,109,109,140,159,213,213,229,247,247,24,24,143,143,161,76,501,255,279,279,33,54,79,112,124,157,169,201,213,225],"floor_reached":33,"playtime":1596,"items_purged":["Defend_B","Dualcast"],"score":299,"play_id":"6789be81-238a-4a34-80dc-706fd170e30d","local_time":"20181011210027","is_ascension_mode":false,"campfire_choices":[{"floor":6,"key":"REST"},{"data":"Genetic Algorithm","floor":10,"key":"SMITH"},{"data":"Conserve Battery","floor":13,"key":"SMITH"},{"data":"Ball Lightning","floor":15,"key":"SMITH"},{"floor":23,"key":"REST"},{"floor":30,"key":"REST"},{"floor":32,"key":"REST"}],"neow_cost":"NONE","seed_source_timestamp":92991679596689,"circlet_count":0,"master_deck":["Defend_B","Defend_B","Defend_B","Zap","Ball Lightning+1","Genetic Algorithm+1","Steam","Conserve Battery+1","Electrodynamics","Redo+1","Creative AI","Loop","Bite","Bite","Bite","Bite","Bite","Capacitor+1"],"relics":["Cracked Core","Golden Idol","Bottled Flame","Runic Dome","Lantern","Old Coin","Cables","PreservedInsect","Runic Capacitor","MawBank"],"potions_floor_usage":[7,14,16,16,20,25,25,29],"damage_taken":[{"damage":7,"enemies":"Small Slimes","floor":1,"turns":3},{"damage":1,"enemies":"Jaw Worm","floor":3,"turns":3},{"damage":0,"enemies":"2 Louse","floor":4,"turns":2},{"damage":16,"enemies":"3 Sentries","floor":7,"turns":6},{"damage":6,"enemies":"Looter","floor":8,"turns":3},{"damage":1,"enemies":"Large Slime","floor":11,"turns":5},{"damage":1,"enemies":"Blue Slaver","floor":12,"turns":2},{"damage":27,"enemies":"The Guardian","floor":16,"turns":10},{"damage":0,"enemies":"3 Byrds","floor":18,"turns":3},{"damage":14,"enemies":"Colosseum Slavers","floor":20,"turns":4},{"damage":15,"enemies":"Colosseum Nobs","floor":20,"turns":4},{"damage":20,"enemies":"2 Thieves","floor":22,"turns":3},{"damage":10,"enemies":"Snecko","floor":25,"turns":4},{"damage":23,"enemies":"Centurion and Healer","floor":27,"turns":5},{"damage":16,"enemies":"Snake Plant","floor":29,"turns":4},{"damage":21,"enemies":"Chosen and Byrds","floor":31,"turns":5},{"damage":90,"enemies":"Champ","floor":33,"turns":10}],"seed_played":"2210575728427225421","potions_obtained":[{"floor":3,"key":"AttackPotion"},{"floor":8,"key":"GamblersBrew"},{"floor":11,"key":"LiquidBronze"},{"floor":18,"key":"Block Potion"},{"floor":22,"key":"Poison Potion"},{"floor":27,"key":"Energy Potion"}],"is_trial":false,"path_per_floor":["M","?","M","M","?","R","E","M","T","R","M","M","R","$","R","B",null,"M","?","?","$","M","R","$","M","T","M","?","M","R","M","R"],"character_chosen":"DEFECT","items_purchased":["Fire Potion","Fruit Juice","PreservedInsect","Runic Capacitor","Explosive Potion"],"campfire_rested":4,"item_purchase_floors":[14,14,21,24,24],"current_hp_per_floor":[68,50,49,49,49,71,55,49,49,49,50,51,51,56,56,31,80,80,80,53,53,35,59,59,51,51,30,30,24,48,37,61,0],"gold":225,"neow_bonus":"THREE_CARDS","is_prod":false,"is_daily":false,"chose_seed":false,"campfire_upgraded":3,"win_rate":0.0,"timestamp":1539316827,"path_taken":["M","?","M","M","?","R","E","M","T","R","M","M","R","$","R","BOSS","M","?","?","$","M","R","$","M","T","M","?","M","R","M","R","BOSS"],"build_version":"2018-10-11","purchased_purges":2,"victory":false,"max_hp_per_floor":[75,75,75,75,75,75,75,75,75,75,75,75,75,80,80,80,80,80,80,80,80,80,80,80,80,80,80,80,80,80,80,80,80],"card_choices":[{"not_picked":["Gash","Compile Driver"],"picked":"Ball Lightning","floor":0},{"not_picked":["Coolheaded","Streamline","Hologram"],"picked":"SKIP","floor":1},{"not_picked":["Sunder","Barrage","Reinforced Body"],"picked":"SKIP","floor":3},{"not_picked":["Turbo","Cold Snap"],"picked":"Genetic Algorithm","floor":4},{"not_picked":["Steam Power","Rebound"],"picked":"Steam","floor":7},{"not_picked":["Hologram","Coolheaded","Rainbow"],"picked":"SKIP","floor":8},{"not_picked":["Beam Cell","Ball Lightning"],"picked":"Conserve Battery","floor":11},{"not_picked":["Auto Shields","Beam Cell","Seek"],"picked":"SKIP","floor":12},{"not_picked":["Reboot","Thunder Strike"],"picked":"Electrodynamics","floor":16},{"not_picked":["Streamline","Double Energy+1","Coolheaded"],"picked":"SKIP","floor":18},{"not_picked":["Hologram","Compile Driver"],"picked":"Redo+1","floor":20},{"not_picked":["Beam Cell","Turbo"],"picked":"Creative AI","floor":22},{"not_picked":["Compile Driver+1","Turbo+1"],"picked":"Loop","floor":25},{"not_picked":["Auto Shields","Chill","Beam Cell+1"],"picked":"SKIP","floor":27},{"not_picked":["Steam Power","Hello World","Undo"],"picked":"SKIP","floor":29},{"not_picked":["Defragment","Lockon"],"picked":"Capacitor+1","floor":31}],"player_experience":103087,"relics_obtained":[{"floor":7,"key":"Bottled Flame"},{"floor":9,"key":"Blood Vial"},{"floor":20,"key":"Old Coin"},{"floor":20,"key":"Cables"},{"floor":26,"key":"MawBank"}],"event_choices":[{"event_name":"Golden Idol","player_choice":"Take Damage","floor":2,"damage_taken":0},{"event_name":"World of Goop","player_choice":"Left","floor":5,"damage_taken":0},{"event_name":"Addict","player_choice":"Obtained Relic","floor":19,"damage_taken":0},{"event_name":"Colosseum","player_choice":"Fight","floor":20,"damage_taken":0},{"event_name":"Colosseum","player_choice":"Fought Nobs","floor":20,"damage_taken":0},{"event_name":"Vampires","player_choice":"Became a vampire (Vial)","floor":28,"damage_taken":0}],"is_beta":false,"boss_relics":[{"not_picked":["Cursed Key","Ectoplasm"],"picked":"Runic Dome"}],"items_purged_floors":[14,21],"is_endless":false,"potions_floor_spawned":[3,8,11,18,22,27],"killed_by":"Champ","ascension_level":0}