{"gold_per_floor":[118,6,6,22,22,51,51,51,76,93,119,119,130,148,148,251,251,239,239,164,177,194,194,229,229,229,15,15,29,29,29],"floor_reached":31,"playtime":1140,"items_purged":["Strike_B"],"score":342,"play_id":"dc3d066e-eb09-4c74-bae1-00518ac924e1","local_time":"20190201014422","is_ascension_mode":true,"campfire_choices":[{"floor":7,"key":"REST"},{"floor":12,"key":"REST"},{"floor":15,"key":"REST"},{"floor":23,"key":"REST"}],"neow_cost":"NONE","seed_source_timestamp":800531692132206,"circlet_count":0,"master_deck":["Zap","Dualcast","Echo Form","Melter","Glacier","Cold Snap","BootSequence","Cold Snap","Buffer","Barrage","Thunder Strike","Ball Lightning","Hyperbeam","Glacier","Beam Cell","Ball Lightning+1","Capacitor","Apotheosis+1","Self Repair","Glacier+1","Necronomicurse"],"relics":["Cracked Core","Boot","Regal Pillow","Lantern","Pandora\u0027s Box","Singing Bowl","Toxic Egg 2","MutagenicStrength","Necronomicon"],"potions_floor_usage":[16,16,24,24,24],"damage_taken":[{"damage":6,"enemies":"Cultist","floor":1,"turns":4},{"damage":7,"enemies":"Jaw Worm","floor":4,"turns":3},{"damage":20,"enemies":"Gremlin Nob","floor":6,"turns":5},{"damage":1,"enemies":"Small Slimes","floor":10,"turns":3},{"damage":38,"enemies":"Lagavulin","floor":11,"turns":8},{"damage":4,"enemies":"Blue Slaver","floor":13,"turns":3},{"damage":14,"enemies":"2 Fungi Beasts","floor":14,"turns":3},{"damage":32,"enemies":"Hexaghost","floor":16,"turns":12},{"damage":11,"enemies":"2 Thieves","floor":18,"turns":4},{"damage":0,"enemies":"Spheric Guardian","floor":21,"turns":2},{"damage":32,"enemies":"Shelled Parasite and Fungi","floor":22,"turns":4},{"damage":13,"enemies":"Book of Stabbing","floor":24,"turns":5},{"damage":12,"enemies":"Chosen and Byrds","floor":29,"turns":6},{"damage":29,"enemies":"3 Cultists","floor":31,"turns":4}],"seed_played":"5823777629732181462","potions_obtained":[{"floor":4,"key":"AttackPotion"},{"floor":6,"key":"PowerPotion"},{"floor":11,"key":"Energy Potion"},{"floor":16,"key":"Poison Potion"},{"floor":18,"key":"Poison Potion"},{"floor":24,"key":"SteroidPotion"},{"floor":29,"key":"Weak Potion"}],"is_trial":false,"path_per_floor":["M","$","?","M","$","E","R","?","T","M","E","R","M","M","R","B",null,"M","?","?","M","M","R","E","?","T","$","?","M","?","M"],"character_chosen":"DEFECT","items_purchased":["Glacier","Apotheosis+1","Self Repair"],"campfire_rested":4,"item_purchase_floors":[2,27,27],"current_hp_per_floor":[62,62,50,43,43,23,60,65,65,64,26,65,61,47,80,48,72,61,46,46,46,14,54,43,43,43,43,43,41,25,0],"gold":29,"neow_bonus":"ONE_RANDOM_RARE_CARD","is_prod":false,"is_daily":false,"chose_seed":false,"campfire_upgraded":0,"win_rate":0,"timestamp":1548981862,"path_taken":["M","?","?","M","$","E","R","?","T","M","E","R","M","M","R","BOSS","M","?","?","M","M","R","E","?","T","$","?","M","?","M"],"build_version":"2019-01-23","purchased_purges":1,"victory":false,"max_hp_per_floor":[75,75,75,75,75,75,75,80,80,80,80,80,80,80,80,80,80,80,85,85,85,85,85,87,87,87,87,87,87,87,87],"card_choices":[{"not_picked":["Turbo","Static Discharge"],"picked":"Melter","floor":1},{"not_picked":["Loop","Hologram"],"picked":"Cold Snap","floor":4},{"not_picked":["Storm","Turbo"],"picked":"BootSequence","floor":6},{"not_picked":["Recycle","Leap","Hologram"],"picked":"SKIP","floor":10},{"not_picked":["Tempest","Sunder","Lockon"],"picked":"SKIP","floor":11},{"not_picked":["Hyperbeam","Leap"],"picked":"Cold Snap","floor":13},{"not_picked":["Static Discharge","Sunder","Skim"],"picked":"SKIP","floor":14},{"not_picked":["Thunder Strike","Reboot"],"picked":"Buffer","floor":16},{"not_picked":["Lockon+1","Heatsinks"],"picked":"Beam Cell","floor":18},{"not_picked":["Barrage+1","Steam"],"picked":"Ball Lightning+1","floor":21},{"not_picked":["Ball Lightning","Stack"],"picked":"Capacitor","floor":22},{"not_picked":["Hyperbeam","Cold Snap","Steam Power"],"picked":"Singing Bowl","floor":24},{"not_picked":["Double Energy+1","Cold Snap"],"picked":"Glacier+1","floor":29}],"player_experience":173636,"relics_obtained":[{"floor":6,"key":"Regal Pillow"},{"floor":11,"key":"Lantern"},{"floor":24,"key":"Singing Bowl"},{"floor":26,"key":"Toxic Egg 2"},{"floor":30,"key":"Necronomicon"}],"event_choices":[{"damage_healed":0,"gold_gain":0,"player_choice":"Success","damage_taken":12,"relics_obtained":["Boot"],"max_hp_gain":0,"max_hp_loss":0,"event_name":"Scrap Ooze","floor":3,"gold_loss":0},{"damage_healed":0,"gold_gain":0,"player_choice":"Donut","damage_taken":0,"max_hp_gain":5,"max_hp_loss":0,"event_name":"Big Fish","floor":8,"gold_loss":0},{"damage_healed":0,"gold_gain":0,"player_choice":"Shed Blood","damage_taken":20,"max_hp_gain":5,"max_hp_loss":0,"event_name":"Forgotten Altar","floor":19,"gold_loss":0},{"cards_removed":["Steam"],"damage_healed":0,"gold_gain":0,"player_choice":"Gave Gold","damage_taken":0,"max_hp_gain":0,"max_hp_loss":0,"event_name":"Beggar","floor":20,"gold_loss":75},{"cards_removed":["Biased Cognition"],"damage_healed":0,"gold_gain":0,"player_choice":"Elegance","damage_taken":0,"max_hp_gain":0,"max_hp_loss":0,"event_name":"Back to Basics","floor":25,"gold_loss":0},{"damage_healed":0,"gold_gain":0,"player_choice":"Inject Mutagens","damage_taken":0,"relics_obtained":["MutagenicStrength"],"max_hp_gain":0,"max_hp_loss":0,"event_name":"Drug Dealer","floor":28,"gold_loss":0},{"damage_healed":0,"gold_gain":0,"player_choice":"Obtained Book","damage_taken":16,"max_hp_gain":0,"max_hp_loss":0,"event_name":"Cursed Tome","floor":30,"gold_loss":0}],"is_beta":false,"boss_relics":[{"not_picked":["Runic Dome","Velvet Choker"],"picked":"Pandora\u0027s Box"}],"items_purged_floors":[2],"is_endless":false,"potions_floor_spawned":[4,6,11,16,18,24,29],"killed_by":"3 Cultists","ascension_level":6}