{"path_per_floor":["M","?","?","?","$","R","E","R","T","E","$","R","M","M","R","B",null,"M","?","?","T","M","E","$","?","T","R","M","R","E","M","R","B",null,"M","$","?","?","M","R","M","M","T","?","E","M","M","M","R","B"],"character_chosen":"DEFECT","items_purchased":["Regal Pillow","FTL+1","Gash+1"],"gold_per_floor":[111,111,111,111,36,36,61,61,112,145,45,45,55,65,65,164,164,174,204,204,230,244,274,80,80,106,106,124,124,149,149,149,249,249,265,58,111,111,130,130,141,154,154,154,187,200,212,224,224,224],"floor_reached":51,"campfire_rested":5,"playtime":2147,"item_purchase_floors":[24,24,36],"current_hp_per_floor":[74,74,59,52,52,74,71,71,78,61,61,61,70,82,82,54,75,76,52,52,52,62,12,12,12,12,51,50,82,54,61,61,29,69,66,66,11,11,22,61,81,62,62,62,49,48,34,44,82,82],"items_purged":["Strike_B","Strike_B","Writhe"],"gold":224,"score":991,"play_id":"0aae32dd-8e7a-44d4-9d25-5f265d6c718a","local_time":"20180527034213","is_prod":false,"is_daily":false,"chose_seed":false,"is_ascension_mode":true,"campfire_upgraded":4,"win_rate":0,"timestamp":1527385333,"campfire_choices":[{"floor":6,"key":"REST"},{"data":"White Noise","floor":8,"key":"SMITH"},{"data":"Self Repair","floor":12,"key":"SMITH"},{"data":"Defragment","floor":15,"key":"SMITH"},{"floor":27,"key":"REST"},{"floor":29,"key":"REST"},{"data":"Reinforced Body","floor":32,"key":"SMITH"},{"floor":40,"key":"REST"},{"floor":49,"key":"REST"}],"path_taken":["M","?","?","?","?","R","E","R","T","E","$","R","M","M","R","BOSS","M","?","?","?","M","E","$","?","T","R","M","R","E","?","R","BOSS","M","$","?","?","?","R","M","M","T","?","E","M","?","M","R","BOSS"],"build_version":"2018-05-25","seed_source_timestamp":360526138920375,"purchased_purges":3,"victory":true,"master_deck":["Strike_B+1","Defend_B","Defend_B+1","Defend_B","Zap+1","Dualcast","Melter","White Noise+1","Self Repair+1","Defragment+1","Cold Snap+1","Thunder Strike+1","Beam Cell+1","Redo","Ball Lightning+1","FTL+1","Reinforced Body+1","Echo Form","All For One+1","Blizzard+1","Gash+1","Fusion+1","Go for the Eyes+1","Seek","Scrape+1","BootSequence","Glacier","Consume"],"max_hp_per_floor":[75,75,75,75,75,75,75,75,82,82,82,82,82,82,82,82,82,82,82,82,82,82,82,82,82,82,82,82,82,82,82,82,82,82,82,82,82,82,82,82,82,82,82,82,82,82,82,82,82,82],"relics":["Cracked Core","Torii","Kunai","Strawberry","Molten Egg 2","White Beast Statue","Red Mask","Happy Flower","Lantern","Regal Pillow","Ancient Tea Set","Bag of Marbles","Anchor","Inserter","Girya","Dream Catcher","Shovel"],"card_choices":[{"not_picked":["Barrage","Hologram"],"picked":"Melter","floor":1},{"not_picked":["Aggregate","Stack"],"picked":"White Noise","floor":7},{"not_picked":["Static Discharge","Tempest"],"picked":"Self Repair","floor":10},{"not_picked":["Compile Driver+1","Stack"],"picked":"Defragment","floor":13},{"not_picked":["Hello World","Stack"],"picked":"Cold Snap+1","floor":14},{"not_picked":["Electrodynamics","Machine Learning"],"picked":"Thunder Strike+1","floor":16},{"not_picked":["Conserve Battery","Turbo"],"picked":"Beam Cell+1","floor":18},{"not_picked":["Rebound+1","Turbo"],"picked":"Redo","floor":19},{"not_picked":["Skim","Rip and Tear+1"],"picked":"Ball Lightning+1","floor":22},{"not_picked":["Doom and Gloom+1","Storm+1","Lockon+1"],"picked":"SKIP","floor":23},{"not_picked":["Genetic Algorithm","Barrage+1"],"picked":"Reinforced Body","floor":28},{"not_picked":["Steam Power","Hologram"],"picked":"Echo Form","floor":30},{"not_picked":["Hyperbeam+1","Echo Form"],"picked":"All For One+1","floor":33},{"not_picked":["Steam","Turbo"],"picked":"Blizzard+1","floor":35},{"not_picked":["Sweeping Beam+1","Rebound+1","Coolheaded"],"picked":"SKIP","floor":39},{"not_picked":["Loop","Undo"],"picked":"Fusion+1","floor":41},{"not_picked":["Undo","Blizzard+1"],"picked":"Go for the Eyes+1","floor":42},{"not_picked":["Cold Snap+1","Blizzard+1"],"picked":"Scrape+1","floor":45},{"not_picked":["Sunder+1","Rebound+1"],"picked":"BootSequence","floor":46},{"not_picked":["Stack","Storm+1","Hologram+1"],"picked":"SKIP","floor":47},{"not_picked":["Rebound+1","Coolheaded+1"],"picked":"Glacier","floor":48},{"not_picked":["Blizzard+1","Biased Cognition"],"picked":"Consume","floor":49}],"player_experience":96541,"potions_floor_usage":[16,16,19,19,23,23,23,28,30,31,37,37,39,41,42,45,47,48,48,50],"damage_taken":[{"damage":1,"enemies":"2 Louse","floor":1,"turns":2},{"damage":3,"enemies":"3 Sentries","floor":7,"turns":7},{"damage":17,"enemies":"Lagavulin","floor":10,"turns":6},{"damage":1,"enemies":"Small Slimes","floor":13,"turns":3},{"damage":0,"enemies":"Jaw Worm","floor":14,"turns":3},{"damage":38,"enemies":"Hexaghost","floor":16,"turns":9},{"damage":9,"enemies":"3 Byrds","floor":18,"turns":5},{"damage":41,"enemies":"Masked Bandits","floor":19,"turns":5},{"damage":0,"enemies":"Spheric Guardian","floor":22,"turns":3},{"damage":60,"enemies":"Gremlin Leader","floor":23,"turns":7},{"damage":11,"enemies":"Snecko","floor":28,"turns":3},{"damage":38,"enemies":"Book of Stabbing","floor":30,"turns":6},{"damage":0,"enemies":"Cultist and Chosen","floor":31,"turns":2},{"damage":52,"enemies":"Champ","floor":33,"turns":12},{"damage":13,"enemies":"Orb Walker","floor":35,"turns":3},{"damage":65,"enemies":"Mysterious Sphere","floor":37,"turns":5},{"damage":9,"enemies":"Flame Bruiser 1 Orb","floor":39,"turns":7},{"damage":9,"enemies":"Maw","floor":41,"turns":7},{"damage":29,"enemies":"Flame Bruiser 2 Orb","floor":42,"turns":5},{"damage":13,"enemies":"Nemesis","floor":45,"turns":8},{"damage":1,"enemies":"Sphere and 2 Shapes","floor":46,"turns":3},{"damage":14,"enemies":"Transient","floor":47,"turns":5},{"damage":0,"enemies":"Flame Bruiser 2 Orb","floor":48,"turns":5},{"damage":8,"enemies":"Donu and Deca","floor":50,"turns":11}],"relics_obtained":[{"floor":7,"key":"Kunai"},{"floor":9,"key":"Strawberry"},{"floor":10,"key":"Molten Egg 2"},{"floor":19,"key":"Red Mask"},{"floor":21,"key":"Happy Flower"},{"floor":23,"key":"Lantern"},{"floor":26,"key":"Bag of Marbles"},{"floor":30,"key":"Anchor"},{"floor":37,"key":"Girya"},{"floor":43,"key":"Dream Catcher"},{"floor":45,"key":"Shovel"}],"event_choices":[{"event_name":"Living Wall","player_choice":"Forget","floor":2,"damage_taken":0},{"event_name":"Shining Light","player_choice":"Entered Light","floor":3,"damage_taken":0},{"event_name":"Scrap Ooze","player_choice":"success","floor":4,"damage_taken":7},{"event_name":"Masked Bandits","player_choice":"Fought over 174 gold","floor":19,"damage_taken":0},{"event_name":"The Lab","player_choice":"Got Potions","floor":20,"damage_taken":0},{"event_name":"The Mausoleum","player_choice":"Yes","floor":25,"damage_taken":0},{"event_name":"Mysterious Sphere","player_choice":"Fight","floor":37,"damage_taken":0},{"event_name":"Match and Keep!","player_choice":"1 cards matched","floor":44,"damage_taken":0}],"boss_relics":[{"not_picked":["Ectoplasm","Velvet Choker"],"picked":"White Beast Statue"},{"not_picked":["Philosopher\u0027s Stone","Astrolabe"],"picked":"Inserter"}],"items_purged_floors":[5,11,36],"potions_floor_spawned":[7,13,16,18,19,22,23,28,30,31,33,35,37,39,41,42,45,46,47,48],"seed_played":"1727696157168893263","ascension_level":5,"potions_obtained":[{"floor":7,"key":"LiquidBronze"},{"floor":13,"key":"Block Potion"},{"floor":16,"key":"Weak Potion"},{"floor":18,"key":"Poison Potion"},{"floor":19,"key":"Explosive Potion"},{"floor":20,"key":"Energy Potion"},{"floor":20,"key":"Energy Potion"},{"floor":22,"key":"AttackPotion"},{"floor":23,"key":"Swift Potion"},{"floor":28,"key":"Dexterity Potion"},{"floor":30,"key":"SmokeBomb"},{"floor":33,"key":"Poison Potion"},{"floor":35,"key":"SkillPotion"},{"floor":37,"key":"Block Potion"},{"floor":39,"key":"Regen Potion"},{"floor":41,"key":"AttackPotion"},{"floor":42,"key":"Dexterity Potion"},{"floor":45,"key":"Dexterity Potion"},{"floor":46,"key":"Explosive Potion"},{"floor":47,"key":"SkillPotion"},{"floor":48,"key":"Ancient Potion"}],"is_trial":false}