{"gold_per_floor":[115,127,127,127,145,178,178,207,230,230,249,3,23,55,55,157,157,173,193,268,23,35,65,65,65,365,380,407,424,442,453,453,453],"floor_reached":33,"playtime":3628,"items_purged":[],"score":384,"play_id":"e4eb1f22-2870-4d63-a25a-a37df491687d","local_time":"20190329211543","is_ascension_mode":true,"campfire_choices":[{"floor":7,"key":"REST"},{"floor":15,"key":"REST"},{"floor":24,"key":"REST"},{"floor":32,"key":"REST"}],"neow_cost":"NONE","seed_source_timestamp":3457263206892,"circlet_count":0,"master_deck":["Defend_G","Defend_G+1","Defend_G","Defend_G","Defend_G","Strike_G","Strike_G","Strike_G","Strike_G","Survivor","Neutralize+1","Dagger Throw","Quick Slash+1","Doppelganger","Quick Slash+1","Terror","Concentrate","Deflect","Crippling Poison","Malaise","Leg Sweep","Deadly Poison","Calculated Gamble","Sucker Punch","All Out Attack+1","Backflip+1","Crippling Poison+1"],"relics":["Ring of the Snake","Orichalcum","Centennial Puzzle","Bronze Scales","Oddly Smooth Stone","Bottled Lightning","Sundial","Whetstone","Sozu","Matryoshka","Potion Belt","Boot","Old Coin","Letter Opener"],"potions_floor_usage":[11,14,18],"damage_taken":[{"damage":0,"enemies":"Cultist","floor":1,"turns":5},{"damage":2,"enemies":"2 Louse","floor":2,"turns":5},{"damage":1,"enemies":"Jaw Worm","floor":5,"turns":3},{"damage":23,"enemies":"Lagavulin","floor":6,"turns":10},{"damage":14,"enemies":"3 Sentries","floor":8,"turns":7},{"damage":6,"enemies":"Large Slime","floor":11,"turns":5},{"damage":11,"enemies":"Lots of Slimes","floor":13,"turns":4},{"damage":0,"enemies":"Lagavulin","floor":14,"turns":7},{"damage":3,"enemies":"Slime Boss","floor":16,"turns":7},{"damage":2,"enemies":"2 Thieves","floor":18,"turns":3},{"damage":0,"enemies":"3 Byrds","floor":19,"turns":2},{"damage":1,"enemies":"Cultist and Chosen","floor":22,"turns":6},{"damage":28,"enemies":"Slavers","floor":23,"turns":6},{"damage":3,"enemies":"Shelled Parasite and Fungi","floor":27,"turns":6},{"damage":33,"enemies":"Gremlin Leader","floor":28,"turns":7},{"damage":12,"enemies":"Snake Plant","floor":29,"turns":3},{"damage":0,"enemies":"Centurion and Healer","floor":30,"turns":6},{"damage":1,"enemies":"Cultist and Chosen","floor":31,"turns":5},{"damage":28,"enemies":"Collector","floor":33,"turns":7}],"seed_played":"-6699725396372303668","potions_obtained":[{"floor":8,"key":"Weak Potion"},{"floor":13,"key":"GamblersBrew"},{"floor":16,"key":"Strength Potion"}],"is_trial":false,"path_per_floor":["M","?","?","M","T","?","M","$"],"character_chosen":"THE_SILENT","items_purchased":["Sundial","Matryoshka"],"campfire_rested":4,"item_purchase_floors":[12,21],"current_hp_per_floor":[70,68,54,54,53,30,51,37,37,37,31,31,20,20,41,38,70,68,68,61,61,60,32,53,53,53,50,17,5,5,4,25,0],"gold":453,"neow_bonus":"RANDOM_COMMON_RELIC","is_prod":false,"is_daily":false,"chose_seed":false,"campfire_upgraded":0,"win_rate":0,"timestamp":1553890543,"path_taken":["M","?","?","?","?","E","R","E","T","?","M","$","M","E","R","BOSS","M","M","?","$","?","E","R","?","T","M","E","M","M","M","R","BOSS"],"build_version":"2019-01-23","purchased_purges":0,"victory":false,"max_hp_per_floor":[70,70,70,70,70,70,70,70,70,70,70,70,70,70,70,70,70,70,70,70,70,70,70,70,70,70,70,70,70,70,70,70,70],"card_choices":[{"not_picked":["Slice","Underhanded Strike"],"picked":"Dagger Throw","floor":1},{"not_picked":["Prepared","Blade Dance"],"picked":"Quick Slash","floor":2},{"not_picked":["Underhanded Strike","Dagger Spray"],"picked":"Doppelganger","floor":5},{"not_picked":["Bane","Eviscerate"],"picked":"Quick Slash","floor":6},{"not_picked":["Heel Hook","Flying Knee"],"picked":"Terror","floor":8},{"not_picked":["Skewer","Cloak And Dagger"],"picked":"Concentrate","floor":11},{"not_picked":["Finisher","Outmaneuver"],"picked":"Deflect","floor":13},{"not_picked":["Escape Plan","Terror"],"picked":"Crippling Poison","floor":14},{"not_picked":["Corpse Explosion","Night Terror"],"picked":"Malaise","floor":16},{"not_picked":["Sucker Punch","Quick Slash"],"picked":"Leg Sweep","floor":18},{"not_picked":["Dodge and Roll+1","Sucker Punch"],"picked":"Deadly Poison","floor":19},{"not_picked":["Prepared","Deflect"],"picked":"Calculated Gamble","floor":22},{"not_picked":["Slice","Dagger Spray"],"picked":"Sucker Punch","floor":23},{"not_picked":["Bouncing Flask","Terror"],"picked":"All Out Attack+1","floor":27},{"not_picked":["Tactician","Slice+1"],"picked":"Backflip+1","floor":28},{"not_picked":["PiercingWail","Blade Dance","Reflex+1"],"picked":"SKIP","floor":29},{"not_picked":["Dodge and Roll+1","Tactician"],"picked":"Crippling Poison+1","floor":30},{"not_picked":["Grand Finale","Dodge and Roll","Blade Dance+1"],"picked":"SKIP","floor":31}],"player_experience":166422,"relics_obtained":[{"floor":6,"key":"Centennial Puzzle"},{"floor":8,"key":"Bronze Scales"},{"floor":9,"key":"Oddly Smooth Stone"},{"floor":10,"key":"Bottled Lightning"},{"floor":14,"key":"Whetstone"},{"floor":23,"key":"Potion Belt"},{"floor":26,"key":"Boot"},{"floor":26,"key":"Old Coin"},{"floor":28,"key":"Letter Opener"}],"event_choices":[{"damage_healed":0,"gold_gain":0,"player_choice":"Entered Light","damage_taken":14,"max_hp_gain":0,"max_hp_loss":0,"event_name":"Shining Light","floor":3,"gold_loss":0,"cards_upgraded":["Defend_G","Neutralize"]},{"cards_removed":["Strike_G"],"damage_healed":0,"gold_gain":0,"player_choice":"Offered Basic","damage_taken":0,"max_hp_gain":0,"max_hp_loss":0,"event_name":"Bonfire Elementals","floor":4,"gold_loss":0},{"damage_healed":0,"gold_gain":75,"player_choice":"Touch","damage_taken":7,"max_hp_gain":0,"max_hp_loss":0,"event_name":"FaceTrader","floor":20,"gold_loss":0}],"is_beta":false,"boss_relics":[{"not_picked":["Black Star","Ring of the Serpent"],"picked":"Sozu"}],"items_purged_floors":[],"is_endless":false,"potions_floor_spawned":[8,13,16,23,27,31],"killed_by":"Collector","ascension_level":3}