{"gold_per_floor":[219,144,158,175,188,188,202,219,244,52,64,64],"floor_reached":12,"playtime":1145,"items_purged":["Strike_B"],"score":74,"play_id":"b1aecaac-e02a-4451-bcbf-66bd6d71223d","local_time":"20180903022323","is_ascension_mode":false,"campfire_choices":[{"floor":6,"key":"REST"}],"neow_cost":"NONE","seed_source_timestamp":1630275759945562,"circlet_count":0,"master_deck":["Strike_B","Strike_B","Strike_B","Defend_B","Defend_B","Defend_B","Defend_B","Zap","Dualcast","Capacitor","Tempest","Capacitor","Ball Lightning","Ball Lightning"],"relics":["Cracked Core","Ancient Tea Set","Happy Flower"],"potions_floor_usage":[3,11,11,12],"damage_taken":[{"damage":4,"enemies":"Cultist","floor":1,"turns":4},{"damage":11,"enemies":"Jaw Worm","floor":3,"turns":2},{"damage":5,"enemies":"Small Slimes","floor":4,"turns":3},{"damage":23,"enemies":"3 Louse","floor":5,"turns":3},{"damage":11,"enemies":"Blue Slaver","floor":7,"turns":5},{"damage":21,"enemies":"Large Slime","floor":8,"turns":6},{"damage":10,"enemies":"Exordium Thugs","floor":11,"turns":3},{"damage":12,"enemies":"Blue Slaver","floor":12,"turns":1}],"seed_played":"-8761384839735898886","potions_obtained":[{"floor":1,"key":"Energy Potion"},{"floor":7,"key":"SpeedPotion"},{"floor":8,"key":"AttackPotion"},{"floor":11,"key":"Energy Potion"}],"is_trial":false,"path_per_floor":["M","$","M","M","M","R","M","M","T","$","M"],"character_chosen":"DEFECT","items_purchased":["Happy Flower","Explosive Potion"],"campfire_rested":1,"item_purchase_floors":[10,10],"current_hp_per_floor":[71,71,60,55,32,54,43,22,22,22,12,0],"gold":64,"neow_bonus":"HUNDRED_GOLD","is_prod":false,"is_daily":false,"chose_seed":false,"campfire_upgraded":0,"win_rate":0.0,"timestamp":1535966603,"path_taken":["M","?","M","M","M","R","M","M","T","$","M","M"],"build_version":"2018-08-30","purchased_purges":1,"victory":false,"max_hp_per_floor":[75,75,75,75,75,75,75,75,75,75,75,75],"card_choices":[{"not_picked":["Static Discharge","Doom and Gloom"],"picked":"Capacitor","floor":1},{"not_picked":["Gash","Beam Cell"],"picked":"Tempest","floor":3},{"not_picked":["Barrage","Heatsinks","Force Field"],"picked":"SKIP","floor":4},{"not_picked":["Doom and Gloom","Steam"],"picked":"Capacitor","floor":5},{"not_picked":["Fusion","Steam","Barrage"],"picked":"SKIP","floor":7},{"not_picked":["Stack","Turbo"],"picked":"Ball Lightning","floor":8},{"not_picked":["Rebound","Gash"],"picked":"Ball Lightning","floor":11}],"player_experience":92487,"relics_obtained":[{"floor":9,"key":"Ancient Tea Set"}],"event_choices":[],"is_beta":false,"boss_relics":[],"items_purged_floors":[2],"is_endless":false,"potions_floor_spawned":[1,7,8,11],"killed_by":"Blue Slaver","ascension_level":0}