{"path_per_floor":["M","?","M","M","M","R","E","$","T","M","$","?","M","M","R","B",null,"M","M","$","?","M"],"character_chosen":"THE_SILENT","items_purchased":["Noxious Fumes","Catalyst","Juzu Bracelet"],"gold_per_floor":[115,115,127,141,151,151,183,0,0,15,15,0,14,27,27,131,131,143,157,14,14,29],"floor_reached":23,"campfire_rested":2,"playtime":2454,"current_hp_per_floor":[65,47,44,43,31,52,44,44,44,43,43,43,29,9,45,30,70,34,21,21,21,13],"items_purged":["Strike_G"],"gold":29,"score":195,"play_id":"bce8246b-2340-4a76-836b-58a73f08a21d","is_prod":false,"is_daily":false,"is_ascension_mode":false,"campfire_upgraded":0,"path_taken":["M","?","?","M","M","R","E","$","T","M","$","?","M","M","R","BOSS","M","M","$","?","M","M"],"build_version":"2018-02-15-PROD1","purchased_purges":1,"victory":false,"master_deck":["Defend_G","Defend_G","Defend_G","Defend_G","Defend_G","Strike_G","Strike_G","Strike_G","Strike_G","Survivor","Neutralize","Noxious Fumes","Distraction","Dodge and Roll","Poisoned Stab","Backflip","Noxious Fumes","Catalyst","Poisoned Stab","Envenom","Prepared","Decay"],"max_hp_per_floor":[70,70,70,70,70,70,70,70,70,70,70,70,70,70,70,70,70,70,70,70,70,70],"relics":["Ring of the Snake","Girya","Regal Pillow","Bronze Scales","Lizard Tail","Juzu Bracelet"],"card_choices":[{"not_picked":["Deadly Poison","Dagger Spray"],"picked":"Noxious Fumes"},{"not_picked":["Flying Knee","Dagger Spray"],"picked":"Distraction"},{"not_picked":["Phantasmal Killer","Cloak And Dagger"],"picked":"Dodge and Roll"},{"not_picked":["PiercingWail","Outmaneuver"],"picked":"Poisoned Stab"},{"not_picked":["Flying Knee","Malaise"],"picked":"Backflip"},{"not_picked":["Dodge and Roll","Underhanded Strike"],"picked":"Poisoned Stab"},{"not_picked":["Glass Knife","Night Terror"],"picked":"Envenom"},{"not_picked":["Accuracy","Endless Agony"],"picked":"Prepared"}],"player_experience":99876,"potions_floor_usage":[16,16,19,22,22],"damage_taken":[{"damage":5,"enemies":"2 Louse","floor":1,"turns":3},{"damage":3,"enemies":"Jaw Worm","floor":3,"turns":5},{"damage":1,"enemies":"Cultist","floor":4,"turns":4},{"damage":12,"enemies":"3 Louse","floor":5,"turns":5},{"damage":8,"enemies":"3 Sentries","floor":7,"turns":8},{"damage":1,"enemies":"Large Slime","floor":10,"turns":6},{"damage":14,"enemies":"Exordium Thugs","floor":13,"turns":5},{"damage":20,"enemies":"Gremlin Gang","floor":14,"turns":4},{"damage":15,"enemies":"Hexaghost","floor":16,"turns":8},{"damage":36,"enemies":"2 Thieves","floor":18,"turns":5},{"damage":13,"enemies":"Shell Parasite","floor":19,"turns":6},{"damage":53,"enemies":"Cultist and Chosen","floor":22,"turns":7},{"damage":18,"enemies":"Snake Plant","floor":23,"turns":2}],"event_choices":[{"event_name":"Scrap Ooze","player_choice":"success","floor":2,"damage_taken":18},{"event_name":"World of Goop","player_choice":"Left","floor":12,"damage_taken":0},{"event_name":"Forgotten Altar","player_choice":"Smashed Altar","floor":21,"damage_taken":0}],"boss_relics":[{"not_picked":["White Beast Statue","Runic Dome"],"picked":"Lizard Tail"}],"potions_floor_spawned":[1,13,14,18],"seed_played":"2336521324643896461","killed_by":"Snake Plant","ascension_level":0,"is_trial":false}