{"gold_per_floor":[116,5,21,39,39,73,73,147,172,172],"floor_reached":10,"playtime":431,"items_purged":["Strike_B"],"score":84,"play_id":"4996e269-244a-4c6e-9289-1d14919a5abf","local_time":"20190411195510","is_ascension_mode":true,"campfire_choices":[],"neow_cost":"NONE","seed_source_timestamp":95870779987400,"circlet_count":0,"master_deck":["Strike_B","Strike_B","Strike_B","Defend_B","Defend_B","Defend_B","Defend_B","Zap","Dualcast","Meteor Strike","Gash","Scrape","Cold Snap","Streamline","Sweeping Beam","Gash"],"relics":["Cracked Core","Golden Idol","Potion Belt","FaceOfCleric","Tiny Chest","Orichalcum"],"potions_floor_usage":[8],"damage_taken":[{"damage":7,"enemies":"Jaw Worm","floor":1,"turns":3},{"damage":0,"enemies":"2 Louse","floor":3,"turns":3},{"damage":0,"enemies":"Cultist","floor":4,"turns":3},{"damage":27,"enemies":"3 Sentries","floor":6,"turns":7},{"damage":18,"enemies":"Gremlin Nob","floor":8,"turns":4},{"damage":24,"enemies":"Lagavulin","floor":10,"turns":3}],"seed_played":"-136898380629987889","potions_obtained":[{"floor":4,"key":"SteroidPotion"}],"is_trial":false,"path_per_floor":["M","$","M","M","?","E","?","E","T","E"],"character_chosen":"DEFECT","items_purchased":["Scrape"],"campfire_rested":0,"item_purchase_floors":[2],"current_hp_per_floor":[68,68,68,68,68,41,41,24,24,0],"gold":172,"neow_bonus":"ONE_RANDOM_RARE_CARD","is_prod":false,"is_daily":false,"chose_seed":false,"campfire_upgraded":0,"win_rate":0,"timestamp":1555037710,"path_taken":["M","$","M","M","?","E","?","E","T","E"],"build_version":"2019-01-23","purchased_purges":1,"victory":false,"max_hp_per_floor":[75,75,75,75,69,69,69,70,70,70],"card_choices":[{"not_picked":["Compile Driver","Streamline"],"picked":"Gash","floor":1},{"not_picked":["Consume","Beam Cell"],"picked":"Cold Snap","floor":3},{"not_picked":["Barrage","Coolheaded"],"picked":"Streamline","floor":4},{"not_picked":["Melter","Defragment"],"picked":"Sweeping Beam","floor":6},{"not_picked":["Sunder","Coolheaded"],"picked":"Gash","floor":8}],"player_experience":780078,"relics_obtained":[{"floor":6,"key":"Potion Belt"},{"floor":8,"key":"Tiny Chest"},{"floor":9,"key":"Orichalcum"}],"event_choices":[{"damage_healed":0,"gold_gain":0,"player_choice":"Lose Max HP","damage_taken":0,"relics_obtained":["Golden Idol"],"max_hp_gain":0,"max_hp_loss":6,"event_name":"Golden Idol","floor":5,"gold_loss":0},{"damage_healed":0,"gold_gain":0,"player_choice":"Trade","damage_taken":0,"relics_obtained":["FaceOfCleric"],"max_hp_gain":0,"max_hp_loss":0,"event_name":"FaceTrader","floor":7,"gold_loss":0}],"is_beta":false,"boss_relics":[],"items_purged_floors":[2],"is_endless":false,"potions_floor_spawned":[4],"killed_by":"Lagavulin","ascension_level":2}