{"gold_per_floor":[114,124,124,124,135,135,62,62,75,18,18,43,62,62,62,2,2,2],"floor_reached":18,"playtime":434,"items_purged":["Strike_B"],"score":215,"play_id":"f5736958-021a-41cc-adad-bac30649f41a","local_time":"20190329005338","is_ascension_mode":true,"campfire_choices":[{"data":"ReplayGash","floor":8,"key":"SMITH"},{"floor":15,"key":"REST"},{"floor":17,"key":"REST"}],"neow_cost":"NONE","seed_source_timestamp":704661779434451,"circlet_count":0,"master_deck":["AscendersBane","Strike_B","Strike_B","Strike_B","Defend_B","Defend_B","Defend_B","Defend_B","Zap","Dualcast","Rebound","ReplayGash+1","Cold Snap","ReplayTheSpireMod:Faulty Equipment","Coolheaded","Leap","Panic Button","FIFO Queue"],"relics":["Cracked Core","NeowsBlessing","ReplayTheSpireMod:CursedCoin","ReplayFunnel","Strawberry","The Courier"],"potions_floor_usage":[9],"damage_taken":[{"damage":0,"enemies":"Small Slimes","floor":1,"turns":1},{"damage":0,"enemies":"2 Louse","floor":2,"turns":1},{"damage":0,"enemies":"Jaw Worm","floor":5,"turns":1},{"damage":13,"enemies":"3 Louse","floor":9,"turns":3},{"damage":36,"enemies":"Gremlin Nob","floor":12,"turns":6},{"damage":10,"enemies":"Lots of Slimes","floor":13,"turns":6},{"damage":68,"enemies":"Fading Forest","floor":18,"turns":7}],"seed_played":"-1389505775638424176","potions_obtained":[{"floor":1,"key":"LiquidBronze"},{"floor":13,"key":"Energy Potion"}],"is_trial":false,"path_per_floor":["M","M","PTL","PTL","M","?","$","R","M","$","T","E","M","?","R","$","R","B"],"character_chosen":"DEFECT","items_purchased":["ReplayTheSpireMod:CursedCoin","Coolheaded","ReplayFunnel","Panic Button"],"campfire_rested":2,"item_purchase_floors":[7,7,7,10],"current_hp_per_floor":[64,64,64,64,64,64,64,64,51,51,58,22,12,12,35,35,58,0],"gold":2,"neow_bonus":"THREE_ENEMY_KILL","is_prod":false,"is_daily":false,"chose_seed":false,"campfire_upgraded":1,"win_rate":0,"timestamp":1553838818,"path_taken":["M","M","PTL","PTL","M","?","$","R","M","$","T","E","M","?","R","?","R","BOSS"],"build_version":"2019-01-23","purchased_purges":1,"victory":false,"max_hp_per_floor":[71,71,71,71,71,71,71,71,71,71,78,78,78,78,78,78,78,78],"card_choices":[{"not_picked":["Undo","Stack"],"picked":"Rebound","floor":1},{"not_picked":["Beam Cell","Force Field"],"picked":"ReplayGash","floor":2},{"not_picked":["Hologram","Multi-Cast"],"picked":"Cold Snap","floor":5},{"not_picked":["Streamline","Barrage"],"picked":"Leap","floor":9},{"not_picked":["ReplaySort","Rainbow","ReplaySolidLightProjector"],"picked":"SKIP","floor":12},{"not_picked":["White Noise","Compile Driver"],"picked":"FIFO Queue","floor":13}],"player_experience":865847,"relics_obtained":[{"floor":11,"key":"Strawberry"},{"floor":12,"key":"The Courier"}],"event_choices":[{"damage_healed":0,"gold_gain":0,"player_choice":"Leave","damage_taken":0,"max_hp_gain":0,"max_hp_loss":0,"event_name":"The Cleric","floor":6,"gold_loss":0},{"damage_healed":0,"gold_gain":0,"player_choice":"Ignored","damage_taken":0,"max_hp_gain":0,"max_hp_loss":0,"event_name":"Golden Wing","floor":14,"gold_loss":0}],"is_beta":false,"boss_relics":[],"items_purged_floors":[16],"is_endless":false,"potions_floor_spawned":[1,13],"killed_by":"Fading Forest","ascension_level":19}