{"path_per_floor":["M","?","?","$","M","E","R","E","T","M","R","E","M","?","R","B",null,"M","?","?"],"character_chosen":"DEFECT","items_purchased":[],"gold_per_floor":[111,111,71,71,83,111,111,141,141,158,158,192,205,205,205,310,310,323,248,248,248],"floor_reached":21,"campfire_rested":3,"playtime":728,"current_hp_per_floor":[62,62,62,62,57,37,59,39,39,35,57,39,39,44,66,29,75,65,65,65,0],"items_purged":[],"gold":248,"score":234,"play_id":"aeb14269-ec2d-4e90-81ef-5576755375fb","local_time":"20180519033859","is_prod":false,"is_daily":false,"chose_seed":false,"is_ascension_mode":true,"campfire_upgraded":0,"timestamp":1526693939,"campfire_choices":[{"floor":7,"key":"REST"},{"floor":11,"key":"REST"},{"floor":15,"key":"REST"}],"path_taken":["M","?","?","?","M","E","R","E","T","M","R","E","M","?","R","BOSS","M","?","?","?"],"build_version":"2018-05-17","seed_source_timestamp":1185077084742118,"purchased_purges":0,"victory":false,"master_deck":["Strike_B","Strike_B","Defend_B","Defend_B","Defend_B","Defend_B","Zap","Dualcast","Streamline","Gash","Glacier+1","Coolheaded+1","Coolheaded+1","Creative AI"],"max_hp_per_floor":[75,75,75,75,75,75,75,75,75,75,75,75,75,75,75,75,75,75,75,75,75],"relics":["Cracked Core","Toxic Egg 2","Omamori","Bottled Lightning","Orichalcum","Inserter"],"card_choices":[{"not_picked":["Steam","Coolheaded"],"picked":"Streamline","floor":1},{"not_picked":["Tempest","Blizzard"],"picked":"Gash","floor":5},{"not_picked":["Ball Lightning","Lockon"],"picked":"Glacier","floor":6},{"not_picked":["Steam Power+1","Biased Cognition"],"picked":"Coolheaded+1","floor":8},{"not_picked":["Fusion+1","Stack+1","Heatsinks"],"picked":"SKIP","floor":10},{"not_picked":["Darkness+1","Go for the Eyes"],"picked":"Capacitor","floor":12},{"not_picked":["Axe Kick","Doom and Gloom"],"picked":"Coolheaded+1","floor":13},{"not_picked":["Biased Cognition","Multi-Cast+1"],"picked":"Creative AI","floor":16},{"not_picked":["Stack+1","Storm","Rebound"],"picked":"SKIP","floor":18}],"player_experience":77856,"potions_floor_usage":[6,6,12,21,21,21],"damage_taken":[{"damage":13,"enemies":"Small Slimes","floor":1,"turns":6},{"damage":5,"enemies":"2 Louse","floor":5,"turns":2},{"damage":20,"enemies":"Gremlin Nob","floor":6,"turns":5},{"damage":20,"enemies":"3 Sentries","floor":8,"turns":7},{"damage":4,"enemies":"Cultist","floor":10,"turns":3},{"damage":18,"enemies":"Lagavulin","floor":12,"turns":9},{"damage":0,"enemies":"Blue Slaver","floor":13,"turns":4},{"damage":37,"enemies":"The Guardian","floor":16,"turns":13},{"damage":10,"enemies":"Chosen","floor":18,"turns":7},{"damage":90,"enemies":"Masked Bandits","floor":21,"turns":5}],"relics_obtained":[{"floor":6,"key":"Toxic Egg 2"},{"floor":8,"key":"Omamori"},{"floor":9,"key":"Bottled Lightning"},{"floor":12,"key":"Orichalcum"}],"event_choices":[{"event_name":"Golden Idol","player_choice":"Ignored","floor":2,"damage_taken":0},{"event_name":"The Woman in Blue","player_choice":"Bought 3 Potions","floor":3,"damage_taken":0},{"event_name":"Bonfire Elementals","player_choice":"COMMON","floor":14,"damage_taken":0},{"event_name":"Beggar","player_choice":"Gave Gold","floor":19,"damage_taken":0},{"event_name":"Ghosts","player_choice":"Ignored","floor":20,"damage_taken":0},{"event_name":"Masked Bandits","player_choice":"Fought over 248 gold","floor":21,"damage_taken":0}],"boss_relics":[{"not_picked":["Astrolabe","White Beast Statue"],"picked":"Inserter"}],"potions_floor_spawned":[8,12,16],"seed_played":"-7780827367664322222","killed_by":"Masked Bandits","ascension_level":4,"potions_obtained":[{"floor":3,"key":"SkillPotion"},{"floor":3,"key":"Block Potion"},{"floor":3,"key":"SneckoOil"},{"floor":8,"key":"EssenceOfSteel"},{"floor":12,"key":"Explosive Potion"},{"floor":16,"key":"Regen Potion"}],"is_trial":false}