{"gold_per_floor":[112,126,146,156,175,210,210,239,239,239,239,272,285,302,302,397,397,411,411,148,161,194,224,236,267,267,267,277,277,61,91,103,213,225,256,268,299,323,38,63,82,97,143,174,193,193,54,66,66,66],"floor_reached":51,"playtime":4850,"items_purged":[],"score":973,"play_id":"b4d04198-3cb7-42f5-89bf-6fb4a3d2184f","local_time":"20181031183432","is_ascension_mode":true,"campfire_choices":[{"floor":7,"key":"REST"},{"floor":10,"key":"REST"},{"floor":15,"key":"REST"},{"floor":27,"key":"REST"},{"data":"Infinite Blades","floor":32,"key":"SMITH"},{"floor":46,"key":"REST"},{"floor":49,"key":"REST"}],"neow_cost":"NONE","seed_source_timestamp":227780016858543,"circlet_count":0,"master_deck":["Defend_G","Defend_G","Defend_G+1","Defend_G","Strike_G","Strike_G","Strike_G","Survivor","Neutralize","Masterful Stab","Riddle With Holes","Deadly Poison","Predator","Deadly Poison","Venomology","Corpse Explosion","Dagger Spray","Storm of Steel","Caltrops+1","Predator","Flying Knee+1","Riddle With Holes","Dagger Spray","Choke","Glass Knife","Night Terror","Blade Dance","Venomology","Storm of Steel+1","Clumsy","Normality","Normality","Riddle With Holes+1","Cloak And Dagger+1","Storm of Steel","Discovery+1","Parasite","Infernal Blade+1","Armaments","Immolate","Redo","Jack Of All Trades","Bandage Up","Pommel Strike+1"],"relics":["Snecko Eye","The Courier","Vajra","Tough Bandages","Bottled Lightning","Black Star","Nilry\u0027s Codex","Mercury Hourglass","Red Mask","Torii","Dead Branch","Pocketwatch","Gambling Chip","Bottled Flame","Matryoshka","Bronze Scales","MawBank","Calling Bell","Bag of Preparation","Blue Candle","Turnip","PrismaticShard","Kunai","Pear","Anchor","Happy Flower","War Paint","Ancient Tea Set"],"potions_floor_usage":[8,8,13,13,14,14,16,18,21,21,22,22,23,24,25,35,35,35,35,35,35,37,37,38,40,40,41,42,44,45,48,48,50,50],"damage_taken":[{"damage":12,"enemies":"2 Louse","floor":1,"turns":6},{"damage":0,"enemies":"Cultist","floor":2,"turns":4},{"damage":4,"enemies":"Small Slimes","floor":3,"turns":4},{"damage":5,"enemies":"2 Fungi Beasts","floor":4,"turns":3},{"damage":0,"enemies":"Large Slime","floor":5,"turns":4},{"damage":8,"enemies":"Gremlin Nob","floor":6,"turns":3},{"damage":24,"enemies":"3 Sentries","floor":8,"turns":7},{"damage":8,"enemies":"Lagavulin","floor":12,"turns":5},{"damage":0,"enemies":"3 Louse","floor":13,"turns":3},{"damage":4,"enemies":"Exordium Wildlife","floor":14,"turns":2},{"damage":41,"enemies":"The Guardian","floor":16,"turns":10},{"damage":2,"enemies":"Chosen","floor":18,"turns":3},{"damage":0,"enemies":"Spheric Guardian","floor":21,"turns":1},{"damage":0,"enemies":"Masked Bandits","floor":22,"turns":2},{"damage":0,"enemies":"Gremlin Leader","floor":23,"turns":5},{"damage":3,"enemies":"Snake Plant","floor":24,"turns":3},{"damage":13,"enemies":"Slavers","floor":25,"turns":4},{"damage":0,"enemies":"Centurion and Healer","floor":28,"turns":3},{"damage":1,"enemies":"Gremlin Leader","floor":31,"turns":3},{"damage":8,"enemies":"Automaton","floor":33,"turns":5},{"damage":1,"enemies":"3 Darklings","floor":35,"turns":3},{"damage":0,"enemies":"Orb Walker","floor":37,"turns":2},{"damage":1,"enemies":"Jaw Worm Horde","floor":38,"turns":2},{"damage":19,"enemies":"Giant Head","floor":40,"turns":6},{"damage":1,"enemies":"Writhing Mass","floor":41,"turns":5},{"damage":14,"enemies":"Maw","floor":42,"turns":5},{"damage":3,"enemies":"Reptomancer","floor":44,"turns":3},{"damage":11,"enemies":"Transient","floor":45,"turns":5},{"damage":1,"enemies":"Writhing Mass","floor":48,"turns":4},{"damage":96,"enemies":"Awakened One","floor":50,"turns":9}],"seed_played":"2659128556744466681","potions_obtained":[{"floor":3,"key":"Dexterity Potion"},{"floor":5,"key":"Weak Potion"},{"floor":8,"key":"Swift Potion"},{"floor":13,"key":"Dexterity Potion"},{"floor":21,"key":"GhostInAJar"},{"floor":23,"key":"PowerPotion"},{"floor":28,"key":"EntropicBrew"},{"floor":37,"key":"Strength Potion"},{"floor":42,"key":"Dexterity Potion"}],"is_trial":false,"path_per_floor":["M","M","M","M","M","E","R","E","T","R","?","E","M","M","R","B",null,"M","?","$","M","?","E","M","E","T","R","M","?","$","E","R","B",null,"M","?","M","M","$","E","M","M","T","E","M","R","$","M","R","B"],"character_chosen":"THE_SILENT","items_purchased":["GhostInAJar","Mercury Hourglass","Matryoshka","Blade Dance","Storm of Steel","PrismaticShard","Jack Of All Trades","Bandage Up"],"campfire_rested":6,"item_purchase_floors":[20,20,30,30,39,39,47,47],"current_hp_per_floor":[58,58,54,49,49,41,62,38,38,59,59,51,51,47,68,27,70,68,52,52,52,52,52,49,36,36,57,57,57,57,56,56,48,70,69,69,69,68,68,59,58,44,44,41,30,54,54,53,77,8],"gold":66,"neow_bonus":"BOSS_RELIC","is_prod":false,"is_daily":false,"chose_seed":false,"campfire_upgraded":1,"win_rate":0,"timestamp":1541028872,"path_taken":["M","M","M","M","M","E","R","E","T","R","?","E","M","M","R","BOSS","M","?","$","M","?","E","M","E","T","R","M","?","$","E","R","BOSS","M","?","M","?","?","E","M","M","T","E","M","R","$","M","R","BOSS"],"build_version":"2018-10-25v2","purchased_purges":0,"victory":true,"max_hp_per_floor":[70,70,70,70,70,70,70,70,70,70,70,70,70,70,70,70,70,70,70,70,70,70,70,70,70,70,70,70,70,70,70,70,70,70,70,70,70,70,70,80,80,80,80,80,80,80,80,80,80,80],"card_choices":[{"not_picked":["Deflect","Quick Slash"],"picked":"Masterful Stab","floor":1},{"not_picked":["Dodge and Roll","Deadly Poison"],"picked":"Riddle With Holes","floor":2},{"not_picked":["Slice","Poisoned Stab"],"picked":"Deadly Poison","floor":3},{"not_picked":["Heel Hook","Well Laid Plans"],"picked":"Predator","floor":4},{"not_picked":["Poisoned Stab","Backflip"],"picked":"Deadly Poison","floor":5},{"not_picked":["PiercingWail","Footwork"],"picked":"Venomology","floor":6},{"not_picked":["Deflect","Cloak And Dagger"],"picked":"Corpse Explosion","floor":8},{"not_picked":["Underhanded Strike","Prepared","Doppelganger"],"picked":"SKIP","floor":12},{"not_picked":["Accuracy","Well Laid Plans","PiercingWail"],"picked":"SKIP","floor":13},{"not_picked":["Dodge and Roll","Prepared"],"picked":"Dagger Spray","floor":14},{"not_picked":["A Thousand Cuts","Malaise"],"picked":"Storm of Steel","floor":16},{"not_picked":["Deflect+1","Quick Slash"],"picked":"Caltrops+1","floor":18},{"not_picked":["Outmaneuver","Acrobatics+1"],"picked":"Predator","floor":21},{"not_picked":["Finisher","Acrobatics"],"picked":"Flying Knee+1","floor":22},{"not_picked":["Cloak And Dagger","Dagger Spray"],"picked":"Riddle With Holes","floor":23},{"not_picked":["Dagger Throw+1","Bouncing Flask+1"],"picked":"Infinite Blades","floor":24},{"not_picked":["Escape Plan+1","Leg Sweep+1"],"picked":"Dagger Spray","floor":25},{"not_picked":["Caltrops","Bane"],"picked":"Choke","floor":28},{"not_picked":["Prepared","Blur"],"picked":"Venomology","floor":31},{"not_picked":["Die Die Die","Doppelganger"],"picked":"Storm of Steel","floor":33},{"not_picked":["Dash+1","Sucker Punch+1"],"picked":"Riddle With Holes+1","floor":35},{"not_picked":["Backflip+1","Eviscerate","Dodge and Roll"],"picked":"SKIP","floor":37},{"not_picked":["Flying Knee","Poisoned Stab+1"],"picked":"Cloak And Dagger+1","floor":38},{"not_picked":["Carnage","Dropkick+1"],"picked":"Discovery+1","floor":40},{"not_picked":["Whirlwind+1","Ball Lightning"],"picked":"Infernal Blade+1","floor":41},{"not_picked":["Perfected Strike+1","Eviscerate+1"],"picked":"Armaments","floor":42},{"not_picked":["Doppelganger","Perfected Strike"],"picked":"Immolate","floor":44},{"not_picked":["Footwork","Underhanded Strike"],"picked":"Redo","floor":45},{"not_picked":["Flame Barrier","Capacitor"],"picked":"Pommel Strike+1","floor":48}],"player_experience":240903,"relics_obtained":[{"floor":6,"key":"The Courier"},{"floor":8,"key":"Vajra"},{"floor":9,"key":"Tough Bandages"},{"floor":12,"key":"Bottled Lightning"},{"floor":19,"key":"Nilry\u0027s Codex"},{"floor":22,"key":"Red Mask"},{"floor":23,"key":"Torii"},{"floor":23,"key":"Dead Branch"},{"floor":25,"key":"Pocketwatch"},{"floor":25,"key":"Gambling Chip"},{"floor":26,"key":"Bottled Flame"},{"floor":31,"key":"Bronze Scales"},{"floor":31,"key":"MawBank"},{"floor":34,"key":"Bag of Preparation"},{"floor":34,"key":"Blue Candle"},{"floor":34,"key":"Turnip"},{"floor":40,"key":"Kunai"},{"floor":40,"key":"Pear"},{"floor":43,"key":"Anchor"},{"floor":43,"key":"Happy Flower"},{"floor":44,"key":"War Paint"},{"floor":44,"key":"Ancient Tea Set"}],"event_choices":[{"cards_removed":["Strike_G"],"damage_healed":0,"gold_gain":0,"player_choice":"Purged","damage_taken":0,"max_hp_gain":0,"max_hp_loss":0,"event_name":"Purifier","floor":11,"gold_loss":0},{"damage_healed":0,"gold_gain":0,"player_choice":"Obtained Book","damage_taken":16,"max_hp_gain":0,"max_hp_loss":0,"event_name":"Cursed Tome","floor":19,"gold_loss":0},{"damage_healed":0,"gold_gain":0,"player_choice":"Fought Bandits","damage_taken":0,"max_hp_gain":0,"max_hp_loss":0,"event_name":"Masked Bandits","floor":22,"gold_loss":0},{"damage_healed":0,"gold_gain":0,"cards_transformed":["Defend_G","Strike_G"],"player_choice":"Became Test Subject","damage_taken":0,"max_hp_gain":0,"max_hp_loss":0,"event_name":"Drug Dealer","floor":29,"gold_loss":0,"cards_obtained":["Glass Knife","Night Terror"]},{"cards_removed":["Infinite Blades"],"damage_healed":0,"gold_gain":0,"player_choice":"Removed Power","damage_taken":0,"max_hp_gain":0,"max_hp_loss":0,"event_name":"Falling","floor":36,"gold_loss":0}],"is_beta":false,"boss_relics":[{"not_picked":["Eternal Feather","White Beast Statue"],"picked":"Black Star"},{"not_picked":["Lizard Tail","Coffee Dripper"],"picked":"Calling Bell"}],"items_purged_floors":[],"is_endless":false,"potions_floor_spawned":[3,5,8,13,21,23,28,33,35,37,42,44],"ascension_level":2}