{"path_per_floor":["M","?","?","?","T","R","?","E","T","?","E","R","$","M","R"],"character_chosen":"DEFECT","items_purchased":[],"gold_per_floor":[115,115,115,115,115,115,138,169,169,134,161,161,86,100,100,100],"floor_reached":16,"campfire_rested":2,"playtime":368,"item_purchase_floors":[],"current_hp_per_floor":[74,71,71,71,71,71,55,33,33,51,34,56,56,54,75,0],"items_purged":["Strike_B"],"gold":100,"score":130,"play_id":"af614d56-817f-41ca-821f-02e1f3b887d6","local_time":"20180526152012","is_prod":false,"is_daily":false,"chose_seed":false,"is_ascension_mode":true,"campfire_upgraded":1,"win_rate":0,"timestamp":1527340812,"campfire_choices":[{"data":"Zap","floor":6,"key":"SMITH"},{"floor":12,"key":"REST"},{"floor":15,"key":"REST"}],"path_taken":["M","?","?","?","?","R","?","E","T","?","E","R","?","M","R","BOSS"],"build_version":"2018-05-25","seed_source_timestamp":317772148318410,"purchased_purges":1,"victory":false,"master_deck":["Strike_B","Strike_B","Defend_B","Defend_B","Defend_B","Defend_B","Zap+1","Dualcast","Defragment","Leap","Doom and Gloom","Capacitor"],"max_hp_per_floor":[75,75,75,75,75,75,75,75,75,75,75,75,75,75,75,75],"relics":["Cracked Core","Symbiotic Virus","Juzu Bracelet","Bottled Lightning","Odd Mushroom","Turnip","Matryoshka","Bottled Flame"],"card_choices":[{"not_picked":["Compile Driver","Hologram","Rebound"],"picked":"SKIP","floor":1},{"not_picked":["Cold Snap","Skim"],"picked":"Defragment","floor":7},{"not_picked":["Cold Snap","Storm"],"picked":"Leap","floor":8},{"not_picked":["Turbo","Streamline"],"picked":"Doom and Gloom","floor":11},{"not_picked":["Stack","Reinforced Body"],"picked":"Capacitor","floor":14}],"player_experience":96173,"potions_floor_usage":[8,16],"damage_taken":[{"damage":1,"enemies":"Cultist","floor":1,"turns":3},{"damage":16,"enemies":"The Mushroom Lair","floor":7,"turns":4},{"damage":22,"enemies":"Gremlin Nob","floor":8,"turns":4},{"damage":17,"enemies":"3 Sentries","floor":11,"turns":6},{"damage":2,"enemies":"2 Louse","floor":14,"turns":2},{"damage":75,"enemies":"Hexaghost","floor":16,"turns":9}],"relics_obtained":[{"floor":5,"key":"Bottled Lightning"},{"floor":7,"key":"Odd Mushroom"},{"floor":8,"key":"Turnip"},{"floor":9,"key":"Matryoshka"},{"floor":11,"key":"Bottled Flame"}],"event_choices":[{"event_name":"Scrap Ooze","player_choice":"success","floor":2,"damage_taken":3},{"event_name":"Wheel of Change","player_choice":"Relic","floor":3,"damage_taken":0},{"event_name":"Liars Game","player_choice":"disagreed","floor":4,"damage_taken":0},{"event_name":"Mushrooms","player_choice":"Fought Mushrooms","floor":7,"damage_taken":0},{"event_name":"The Cleric","player_choice":"Healed","floor":10,"damage_taken":0}],"boss_relics":[],"items_purged_floors":[13],"potions_floor_spawned":[7,8],"seed_played":"2423972299096274546","killed_by":"Hexaghost","ascension_level":5,"potions_obtained":[{"floor":7,"key":"LiquidBronze"},{"floor":8,"key":"Fire Potion"}],"is_trial":false}