{"gold_per_floor":[119,130,200,213,226,226,245,276,276,276,288,306,306,316,316,316],"floor_reached":16,"playtime":691,"items_purged":[],"score":106,"play_id":"13af9663-b51b-48c3-af8a-541249a6b5c0","local_time":"20181124230053","is_ascension_mode":false,"campfire_choices":[{"data":"Uppercut","floor":6,"key":"SMITH"},{"data":"Armaments","floor":15,"key":"SMITH"}],"neow_cost":"TEN_PERCENT_HP_LOSS","seed_source_timestamp":686799624939275,"circlet_count":0,"master_deck":["Strike_R","Strike_R","Strike_R","Strike_R","Defend_R","Defend_R","Defend_R","Defend_R","Bash","Reaper","Thunderclap","Clothesline","Inflame","Uppercut+1","Shockwave","Sentinel","Burning Pact","Demon Form","Armaments+1"],"relics":["Burning Blood","Pen Nib","Bag of Preparation"],"potions_floor_usage":[14,16,16,16],"damage_taken":[{"damage":2,"enemies":"Small Slimes","floor":1,"turns":5},{"damage":11,"enemies":"Jaw Worm","floor":2,"turns":4},{"damage":1,"enemies":"Cultist","floor":4,"turns":5},{"damage":19,"enemies":"Blue Slaver","floor":5,"turns":3},{"damage":0,"enemies":"Large Slime","floor":7,"turns":5},{"damage":10,"enemies":"Gremlin Nob","floor":8,"turns":4},{"damage":9,"enemies":"Looter","floor":11,"turns":3},{"damage":19,"enemies":"2 Fungi Beasts","floor":12,"turns":4},{"damage":33,"enemies":"Gremlin Gang","floor":14,"turns":7},{"damage":54,"enemies":"Slime Boss","floor":16,"turns":8}],"seed_played":"4258558504703846045","potions_obtained":[{"floor":2,"key":"Regen Potion"},{"floor":4,"key":"Poison Potion"},{"floor":11,"key":"Explosive Potion"},{"floor":14,"key":"Fire Potion"}],"is_trial":false,"path_per_floor":["M","M","?","M","M","R","M","E","T","?","M","M","?","M","R","B"],"character_chosen":"IRONCLAD","items_purchased":[],"campfire_rested":0,"item_purchase_floors":[],"current_hp_per_floor":[72,67,67,72,59,59,71,67,67,67,64,61,61,48,48,0],"gold":316,"neow_bonus":"THREE_RARE_CARDS","is_prod":false,"is_daily":false,"chose_seed":false,"campfire_upgraded":2,"win_rate":0.0,"timestamp":1543122053,"path_taken":["M","M","?","M","M","R","M","E","T","?","M","?","?","M","R","BOSS"],"build_version":"2018-11-15","purchased_purges":0,"victory":false,"max_hp_per_floor":[72,72,72,72,72,72,72,72,72,72,72,72,72,72,72,72],"card_choices":[{"not_picked":["Barricade","Dark Embrace"],"picked":"Reaper","floor":0},{"not_picked":["Pommel Strike","Rampage"],"picked":"Thunderclap","floor":1},{"not_picked":["Headbutt","Pommel Strike"],"picked":"Clothesline","floor":2},{"not_picked":["Pommel Strike","Headbutt"],"picked":"Inflame","floor":4},{"not_picked":["Limit Break","Corruption"],"picked":"Uppercut","floor":5},{"not_picked":["Dropkick","Havoc"],"picked":"Shockwave","floor":7},{"not_picked":["Anger","Heavy Blade"],"picked":"Sentinel","floor":8},{"not_picked":["True Grit","Anger"],"picked":"Burning Pact","floor":11},{"not_picked":["Heavy Blade","Shrug It Off"],"picked":"Demon Form","floor":12},{"not_picked":["Body Slam","Sever Soul"],"picked":"Armaments","floor":14}],"player_experience":35847,"relics_obtained":[{"floor":8,"key":"Pen Nib"},{"floor":9,"key":"Bag of Preparation"}],"event_choices":[{"damage_healed":0,"gold_gain":70,"player_choice":"Gained Gold","damage_taken":0,"max_hp_gain":0,"max_hp_loss":0,"event_name":"Golden Wing","floor":3,"gold_loss":0},{"cards_removed":["Strike_R"],"damage_healed":0,"gold_gain":0,"player_choice":"Purged","damage_taken":0,"max_hp_gain":0,"max_hp_loss":0,"event_name":"Purifier","floor":10,"gold_loss":0},{"damage_healed":0,"gold_gain":0,"player_choice":"Searched \u00270\u0027 times","damage_taken":0,"max_hp_gain":0,"max_hp_loss":0,"event_name":"Dead Adventurer","floor":13,"gold_loss":0}],"is_beta":false,"boss_relics":[],"items_purged_floors":[],"is_endless":false,"potions_floor_spawned":[2,4,11,14],"killed_by":"Slime Boss","ascension_level":0}