{"path_per_floor":["M","?","?","$","M","E","$","R","T","M","E","?","M","M","R","B",null,"M","M","$"],"character_chosen":"IRONCLAD","items_purchased":["Inflame","Vajra"],"gold_per_floor":[111,111,111,33,47,85,85,85,85,101,132,132,150,168,168,293,331,346,365,133],"floor_reached":21,"campfire_rested":2,"playtime":937,"current_hp_per_floor":[80,73,53,53,59,65,65,80,80,78,71,55,52,49,73,19,85,71,61,61],"items_purged":["Strike_R"],"gold":133,"score":214,"play_id":"3f6b2a5e-ce96-4ff3-8d68-968bd4472a50","is_prod":false,"is_daily":false,"is_ascension_mode":false,"campfire_upgraded":0,"path_taken":["M","?","?","$","M","E","$","R","T","M","E","?","M","M","R","BOSS","M","M","$","M"],"build_version":"2018-02-22-PROD2","purchased_purges":1,"victory":false,"master_deck":["Strike_R","Strike_R+1","Strike_R+1","Strike_R+1","Defend_R","Defend_R","Defend_R","Defend_R","Iron Wave+1","Inflame","Rupture+1","Iron Wave","Flex","Juggernaut","Iron Wave","Sword Boomerang+1"],"max_hp_per_floor":[80,80,80,80,80,80,80,80,80,80,80,80,80,80,80,80,85,85,85,85],"relics":["Burning Blood","NeowsBlessing","Golden Idol","Bottled Tornado","Ice Cream","Whetstone","Tiny House","Vajra"],"card_choices":[{"not_picked":["Wild Strike","Twin Strike"],"picked":"Iron Wave"},{"not_picked":["Feel No Pain","Limit Break"],"picked":"Rupture"},{"not_picked":["Disarm","Clash"],"picked":"Iron Wave"},{"not_picked":["Cleave","Heavy Blade"],"picked":"Flex"},{"not_picked":["Immolate","Reaper"],"picked":"Juggernaut"},{"not_picked":["Sword Boomerang","Pommel Strike"],"picked":"Iron Wave"},{"not_picked":["Seeing Red","True Grit"],"picked":"Sword Boomerang"}],"player_experience":24658,"potions_floor_usage":[11,14,16,16,19,19],"damage_taken":[{"damage":0,"enemies":"2 Louse","floor":1,"turns":1},{"damage":0,"enemies":"Jaw Worm","floor":5,"turns":1},{"damage":0,"enemies":"3 Sentries","floor":6,"turns":1},{"damage":8,"enemies":"Small Slimes","floor":10,"turns":4},{"damage":13,"enemies":"Gremlin Nob","floor":11,"turns":4},{"damage":9,"enemies":"Blue Slaver","floor":13,"turns":4},{"damage":9,"enemies":"Exordium Thugs","floor":14,"turns":5},{"damage":60,"enemies":"The Guardian","floor":16,"turns":16},{"damage":20,"enemies":"Shell Parasite","floor":18,"turns":6},{"damage":16,"enemies":"3 Byrds","floor":19,"turns":7},{"damage":41,"enemies":"Cultist and Chosen","floor":21,"turns":5}],"event_choices":[{"event_name":"Golden Wing","player_choice":"Card Removal","floor":2,"damage_taken":0},{"event_name":"Golden Idol","player_choice":"Take Damage","floor":3,"damage_taken":0},{"event_name":"Shining Light","player_choice":"Entered Light","floor":12,"damage_taken":0}],"boss_relics":[{"not_picked":["Black Blood","Snecko Eye"],"picked":"Tiny House"}],"potions_floor_spawned":[5,6,13,14,16],"seed_played":"-1765397959888466740","killed_by":"Cultist and Chosen","ascension_level":0,"is_trial":false}