{"gold_per_floor":[112,130,8,28,41,41,53,53,53,67,125,125,145,170,170,265,265,283,134,154,154,170,170,189,189,259,259,259,285,295,307,307,408,408,425,64,81,181,181,181,194,194,194,204,204,1,54,65,65,65],"floor_reached":51,"playtime":2703,"items_purged":["Meteor Strike","Steam Power"],"score":656,"play_id":"63295c00-b64b-457d-bcd5-809c302b147d","local_time":"20190130191704","is_ascension_mode":false,"campfire_choices":[{"data":"Double Energy","floor":6,"key":"SMITH"},{"data":"Static Discharge","floor":8,"key":"SMITH"},{"data":"Creative AI","floor":12,"key":"SMITH"},{"data":"Defragment","floor":15,"key":"SMITH"},{"floor":23,"key":"REST"},{"data":"Reboot","floor":25,"key":"SMITH"},{"data":"Double Energy","floor":27,"key":"SMITH"},{"floor":32,"key":"REST"},{"data":"Capacitor","floor":40,"key":"SMITH"},{"data":"Zap","floor":42,"key":"SMITH"},{"data":"Mayhem","floor":49,"key":"SMITH"}],"neow_cost":"NONE","seed_source_timestamp":102010351155649,"circlet_count":0,"master_deck":["Zap+1","Dualcast","Blizzard","Tempest","Cold Snap","Static Discharge+1","Double Energy+1","Self Repair","Capacitor+1","Coolheaded","Creative AI+1","Defragment+1","Reboot+1","Machine Learning","Machine Learning","Steam","Redo","Double Energy+1","Defragment","Coolheaded+1","Genetic Algorithm","Melter","Undo+1","Conserve Battery+1","Biased Cognition","Recycle+1","Blizzard+1","Master of Strategy","Mayhem+1","Parasite","Tempest+1","Coolheaded+1"],"relics":["Cracked Core","Centennial Puzzle","Boot","Tiny Chest","Matryoshka","Pandora\u0027s Box","Bag of Preparation","Symbiotic Virus","Shuriken","Nuclear Battery","Gremlin Horn","Prayer Wheel","Ancient Tea Set","Cables","Chemical X","Vajra"],"potions_floor_usage":[16,16,20,30,31,31,33,37,38],"damage_taken":[{"damage":1,"enemies":"Cultist","floor":1,"turns":3},{"damage":0,"enemies":"Small Slimes","floor":2,"turns":3},{"damage":4,"enemies":"2 Louse","floor":4,"turns":2},{"damage":10,"enemies":"Exordium Wildlife","floor":5,"turns":2},{"damage":6,"enemies":"Large Slime","floor":7,"turns":4},{"damage":10,"enemies":"Looter","floor":10,"turns":3},{"damage":15,"enemies":"Lagavulin","floor":11,"turns":5},{"damage":6,"enemies":"Red Slaver","floor":13,"turns":3},{"damage":5,"enemies":"Gremlin Nob","floor":14,"turns":3},{"damage":27,"enemies":"Slime Boss","floor":16,"turns":6},{"damage":13,"enemies":"Shell Parasite","floor":18,"turns":4},{"damage":10,"enemies":"Chosen","floor":20,"turns":2},{"damage":15,"enemies":"3 Cultists","floor":22,"turns":3},{"damage":3,"enemies":"Snecko","floor":24,"turns":5},{"damage":43,"enemies":"Slavers","floor":29,"turns":3},{"damage":11,"enemies":"Snake Plant","floor":30,"turns":4},{"damage":1,"enemies":"Shelled Parasite and Fungi","floor":31,"turns":6},{"damage":39,"enemies":"Collector","floor":33,"turns":12},{"damage":0,"enemies":"3 Shapes","floor":35,"turns":3},{"damage":6,"enemies":"3 Darklings","floor":37,"turns":3},{"damage":8,"enemies":"Mind Bloom Boss Battle","floor":38,"turns":10},{"damage":6,"enemies":"Maw","floor":41,"turns":6},{"damage":0,"enemies":"Jaw Worm Horde","floor":44,"turns":4},{"damage":5,"enemies":"Writhing Mass","floor":48,"turns":3},{"damage":32,"enemies":"Time Eater","floor":50,"turns":7}],"seed_played":"-6110706938106768631","potions_obtained":[{"floor":2,"key":"Fire Potion"},{"floor":11,"key":"SkillPotion"},{"floor":13,"key":"SteroidPotion"},{"floor":14,"key":"AttackPotion"},{"floor":16,"key":"GamblersBrew"},{"floor":18,"key":"Fire Potion"},{"floor":20,"key":"SpeedPotion"},{"floor":30,"key":"Weak Potion"},{"floor":33,"key":"AttackPotion"},{"floor":35,"key":"FearPotion"},{"floor":37,"key":"Energy Potion"},{"floor":44,"key":"Fire Potion"}],"is_trial":false,"path_per_floor":["M","M","$","M","M","R","M","R","T","M","E","R","M","E","R","B",null,"M","$","M","?","M","R","M","R","T","R","?","E","M","M","R","B",null,"M","$","M","?","$","R","M","R","T","M","?","$","T","M","R","B",null],"character_chosen":"DEFECT","items_purchased":["Cold Snap","Static Discharge","Defragment","Gremlin Horn","Chemical X"],"campfire_rested":2,"item_purchase_floors":[3,3,19,36,46],"current_hp_per_floor":[74,74,74,70,60,60,61,61,61,58,50,50,51,53,53,26,75,62,62,52,52,37,59,63,63,63,63,63,27,23,29,51,19,75,75,75,75,74,74,74,75,75,75,75,65,65,65,60,60,28],"gold":65,"neow_bonus":"RANDOM_COMMON_RELIC","is_prod":false,"is_daily":false,"chose_seed":false,"campfire_upgraded":9,"win_rate":0,"timestamp":1548897424,"path_taken":["M","M","$","?","M","R","M","R","T","M","E","R","M","E","R","BOSS","M","$","M","?","M","R","M","R","T","R","?","E","?","M","R","BOSS","M","?","M","?","?","R","M","R","T","M","?","$","?","M","R","BOSS"],"build_version":"2019-01-23","purchased_purges":2,"victory":true,"max_hp_per_floor":[75,75,75,75,75,75,75,75,75,75,75,75,75,75,75,75,75,75,75,75,75,75,75,75,75,75,75,75,75,75,75,75,75,75,75,75,75,75,75,75,75,75,75,75,75,75,75,75,75,75],"card_choices":[{"not_picked":["Barrage","BootSequence"],"picked":"Blizzard","floor":1},{"not_picked":["Turbo","Conserve Battery"],"picked":"Tempest","floor":2},{"not_picked":["Chill","Ball Lightning"],"picked":"Double Energy","floor":4},{"not_picked":["Hologram","Beam Cell"],"picked":"Self Repair","floor":5},{"not_picked":["Conserve Battery","Tempest"],"picked":"Capacitor","floor":7},{"not_picked":["Sunder","Redo"],"picked":"Coolheaded","floor":10},{"not_picked":["Darkness","Capacitor"],"picked":"Creative AI","floor":11},{"not_picked":["Conserve Battery","Beam Cell"],"picked":"Defragment","floor":13},{"not_picked":["Streamline","Sunder","Beam Cell"],"picked":"SKIP","floor":14},{"not_picked":["Rainbow","Meteor Strike"],"picked":"Reboot","floor":16},{"not_picked":["Barrage","Go for the Eyes"],"picked":"Double Energy","floor":18},{"not_picked":["Consume+1","Compile Driver"],"picked":"Coolheaded+1","floor":20},{"not_picked":["Hello World","Steam","Hologram"],"picked":"SKIP","floor":22},{"not_picked":["Coolheaded","Compile Driver+1","Chill+1"],"picked":"SKIP","floor":24},{"not_picked":["Streamline","Beam Cell"],"picked":"Undo+1","floor":29},{"not_picked":["Rebound","Go for the Eyes+1","Machine Learning"],"picked":"SKIP","floor":30},{"not_picked":["Streamline","Barrage"],"picked":"Conserve Battery+1","floor":31},{"not_picked":["Rainbow","Fission"],"picked":"Biased Cognition","floor":33},{"not_picked":["Redo","Steam","Rebound"],"picked":"SKIP","floor":35},{"not_picked":["Stack+1","Go for the Eyes+1","Steam"],"picked":"SKIP","floor":37},{"not_picked":["Streamline+1","FTL+1"],"picked":"Recycle+1","floor":41},{"not_picked":["Leap+1","Conserve Battery","Gash"],"picked":"SKIP","floor":41},{"not_picked":["Stack+1","Fusion+1"],"picked":"Blizzard+1","floor":44},{"not_picked":["Sweeping Beam","Coolheaded","Barrage"],"picked":"SKIP","floor":44},{"not_picked":["Panacea","Trip"],"picked":"Master of Strategy","floor":45},{"not_picked":["Forethought","Dramatic Entrance"],"picked":"Mayhem","floor":45},{"not_picked":["Steam","Blizzard+1"],"picked":"Tempest+1","floor":48},{"not_picked":["Compile Driver","Darkness"],"picked":"Coolheaded+1","floor":48}],"player_experience":435532,"relics_obtained":[{"floor":9,"key":"Boot"},{"floor":11,"key":"Tiny Chest"},{"floor":14,"key":"Matryoshka"},{"floor":26,"key":"Bag of Preparation"},{"floor":26,"key":"Symbiotic Virus"},{"floor":29,"key":"Shuriken"},{"floor":38,"key":"Prayer Wheel"},{"floor":43,"key":"Ancient Tea Set"},{"floor":43,"key":"Cables"},{"floor":47,"key":"Vajra"}],"event_choices":[{"damage_healed":0,"gold_gain":0,"cards_transformed":["Aggregate","Turbo"],"player_choice":"Became Test Subject","damage_taken":0,"max_hp_gain":0,"max_hp_loss":0,"event_name":"Drug Dealer","floor":21,"gold_loss":0,"cards_obtained":["Genetic Algorithm","Melter"]},{"damage_healed":0,"gold_gain":0,"player_choice":"Bought 0 Potions","damage_taken":0,"max_hp_gain":0,"max_hp_loss":0,"event_name":"The Woman in Blue","floor":28,"gold_loss":0},{"damage_healed":0,"gold_gain":0,"player_choice":"Fight","damage_taken":0,"max_hp_gain":0,"max_hp_loss":0,"event_name":"MindBloom","floor":38,"gold_loss":0},{"damage_healed":0,"gold_gain":0,"player_choice":"Memory 3","damage_taken":10,"max_hp_gain":0,"max_hp_loss":0,"event_name":"SensoryStone","floor":45,"gold_loss":0}],"is_beta":false,"boss_relics":[{"not_picked":["Snecko Eye","Coffee Dripper"],"picked":"Pandora\u0027s Box"},{"not_picked":["FrozenCore","Black Star"],"picked":"Nuclear Battery"}],"items_purged_floors":[19,36],"is_endless":false,"potions_floor_spawned":[2,11,13,14,16,18,20,30,33,35,37,44],"ascension_level":0}