{"gold_per_floor":[118,118,130,156,443,455,40,40,64,89,101,101,135,147,147,147],"floor_reached":16,"playtime":478,"items_purged":["Regret"],"score":266,"play_id":"58bd0e94-88da-48f6-bf2f-085a26bffd73","local_time":"20190413222825","is_ascension_mode":true,"campfire_choices":[{"data":"Defragment","floor":6.0,"key":"SMITH"},{"data":"Buffer","floor":8.0,"key":"SMITH"},{"data":"Defragment","floor":15.0,"key":"SMITH"}],"neow_cost":"NONE","seed_source_timestamp":25382262267567,"circlet_count":0,"master_deck":["AscendersBane","Strike_B","Strike_B","Strike_B","Strike_B","Defend_B","Defend_B","Defend_B","Defend_B","Zap","Dualcast","Defragment+1","Regret","Buffer+1","Compile Driver","Conserve Battery","Coolheaded","Defragment+1"],"special_seed":0,"relics":["Cracked Core","NeowsBlessing","MawBank","Centennial Puzzle","Bronze Scales","Lantern","Oddly Smooth Stone","Ancient Tea Set","Omamori"],"potions_floor_usage":[16],"damage_taken":[{"damage":0.0,"enemies":"Cultist","floor":1.0,"turns":1.0},{"damage":0.0,"enemies":"2 Louse","floor":4.0,"turns":1.0},{"damage":0.0,"enemies":"Gremlin Nob","floor":10.0,"turns":1.0},{"damage":8.0,"enemies":"Small Slimes","floor":11.0,"turns":2.0},{"damage":24.0,"enemies":"3 Sentries","floor":13.0,"turns":10.0},{"damage":3.0,"enemies":"Exordium Thugs","floor":14.0,"turns":5.0},{"damage":29,"enemies":"Slime Boss","floor":16,"turns":9}],"seed_played":"-5775968819132708268","potions_obtained":[{"floor":1.0,"key":"EssenceOfSteel"},{"floor":11.0,"key":"PowerPotion"}],"is_trial":false,"path_per_floor":["M","?","?","M","?","R","$","R","T","E","M","T","E","M","R","B"],"character_chosen":"DEFECT","items_purchased":["Centennial Puzzle","Bronze Scales","Conserve Battery"],"campfire_rested":0,"item_purchase_floors":[7,7,7],"current_hp_per_floor":[64,64,64,64,64,64,64,64,64,64,56,56,32,29,29,0],"gold":147,"neow_bonus":"THREE_ENEMY_KILL","is_prod":false,"is_daily":false,"chose_seed":false,"campfire_upgraded":3,"win_rate":0,"timestamp":1555187305,"path_taken":["M","?","?","?","?","R","?","R","T","E","M","?","E","?","R","BOSS"],"build_version":"2019-04-04","purchased_purges":1,"victory":false,"max_hp_per_floor":[71,71,71,71,71,71,71,71,71,71,71,71,71,71,71,71],"card_choices":[{"not_picked":["Force Field","Conserve Battery"],"picked":"Defragment","floor":1.0},{"not_picked":["Force Field","Rebound","Barrage"],"picked":"SKIP","floor":4.0},{"not_picked":["Rebound","Sweeping Beam"],"picked":"Coolheaded","floor":10.0},{"not_picked":["White Noise","Scrape"],"picked":"Defragment","floor":11.0},{"not_picked":["Melter","Streamline","Turbo"],"picked":"SKIP","floor":13.0},{"not_picked":["Turbo","Hyperbeam","Storm"],"picked":"SKIP","floor":14.0}],"player_experience":1120401,"relics_obtained":[{"floor":9.0,"key":"Lantern"},{"floor":10.0,"key":"Oddly Smooth Stone"},{"floor":12.0,"key":"Ancient Tea Set"},{"floor":13.0,"key":"Omamori"}],"event_choices":[{"damage_healed":0.0,"max_hp_gain":0.0,"max_hp_loss":0.0,"gold_gain":0.0,"event_name":"Big Fish","player_choice":"Box","floor":2.0,"gold_loss":0.0,"damage_taken":0.0,"relics_obtained":["MawBank"],"cards_obtained":["Regret"]},{"damage_healed":0.0,"max_hp_gain":0.0,"max_hp_loss":0.0,"gold_gain":0.0,"event_name":"Match and Keep!","player_choice":"2 cards matched","floor":3.0,"gold_loss":0.0,"damage_taken":0.0,"cards_obtained":["Buffer","Compile Driver"]},{"damage_healed":0.0,"max_hp_gain":0.0,"max_hp_loss":0.0,"gold_gain":275.0,"event_name":"Golden Shrine","player_choice":"Desecrate","floor":5.0,"gold_loss":0.0,"damage_taken":0.0,"cards_obtained":["Regret"]}],"is_beta":true,"boss_relics":[],"items_purged_floors":[7],"is_endless":false,"potions_floor_spawned":[1,11,14],"killed_by":"Slime Boss","ascension_level":20}