{"gold_per_floor":[365,515,5,5,5,5,30,30,30,46,11,11,86,101,101,178,178,190,0,0,0,14,14],"floor_reached":23,"playtime":798,"items_purged":[],"score":358,"play_id":"6485df5d-2a65-4736-be68-25387bac8e59","local_time":"20190318172509","is_ascension_mode":true,"campfire_choices":[{"floor":6.0,"key":"REST"},{"floor":8.0,"key":"REST"},{"data":"Zap","floor":12.0,"key":"SMITH"},{"data":"White Noise","floor":15.0,"key":"SMITH"}],"neow_cost":"PERCENT_DAMAGE","seed_source_timestamp":0,"circlet_count":0,"master_deck":["AscendersBane","Strike_B+1","Strike_B","Strike_B","Strike_B","Defend_B","Defend_B","Defend_B","Defend_B","Zap+1","Dualcast","Cold Snap","Doubt","Cold Snap","Self Repair","Bandage Up+1","Rebound","Skim","White Noise+1","Amplify","Auto Shields","Rebound","Rebound","Rebound","Ball Lightning+1"],"special_seed":0,"relics":["Cracked Core","Cables","Bottled Lightning","Pantograph","Orrery"],"potions_floor_usage":[22],"damage_taken":[{"damage":1.0,"enemies":"Cultist","floor":1.0,"turns":4.0},{"damage":30.0,"enemies":"3 Sentries","floor":7.0,"turns":10.0},{"damage":3.0,"enemies":"2 Louse","floor":10.0,"turns":3.0},{"damage":5.0,"enemies":"Small Slimes","floor":14.0,"turns":2.0},{"damage":18.0,"enemies":"Slime Boss","floor":16.0,"turns":11.0},{"damage":21.0,"enemies":"Spheric Guardian","floor":18.0,"turns":4.0},{"damage":8,"enemies":"Chosen","floor":22,"turns":4},{"damage":65,"enemies":"Slavers","floor":23,"turns":4}],"seed_played":"-2009800573893302945","potions_obtained":[{"floor":1.0,"key":"SpeedPotion"},{"floor":14.0,"key":"FocusPotion"},{"floor":21,"key":"AttackPotion"},{"floor":21,"key":"FairyPotion"}],"is_trial":false,"path_per_floor":["M","?","$","?","$","R","E","R","T","M","?","R","?","M","R","B",null,"M","?","$","?","M","E"],"character_chosen":"DEFECT","items_purchased":["Cables","Cold Snap","Self Repair","Bandage Up"],"campfire_rested":2,"item_purchase_floors":[3,3,3,3],"current_hp_per_floor":[45,45,45,24,24,45,28,49,49,59,71,71,60,61,61,59,68,54,54,54,54,59,7],"gold":14,"neow_bonus":"TWO_FIFTY_GOLD","is_prod":false,"is_daily":false,"chose_seed":false,"campfire_upgraded":2,"win_rate":0,"timestamp":1552947909,"path_taken":["M","?","$","?","$","R","E","R","T","M","?","R","?","M","R","BOSS","M","?","$","?","?","E"],"build_version":"2019-01-23","purchased_purges":0,"victory":false,"max_hp_per_floor":[71,71,71,71,71,71,71,71,71,71,71,71,71,71,71,71,71,71,71,71,71,71,71],"card_choices":[{"not_picked":["Tempest","Hologram"],"picked":"Cold Snap","floor":1.0},{"not_picked":["Ball Lightning","Melter"],"picked":"Rebound","floor":7.0},{"not_picked":["Beam Cell","Aggregate"],"picked":"Skim","floor":10.0},{"not_picked":["Barrage","Turbo"],"picked":"White Noise","floor":14.0},{"not_picked":["Seek","Thunder Strike"],"picked":"Amplify","floor":16.0},{"not_picked":["Aggregate","Conserve Battery"],"picked":"Auto Shields","floor":17.0},{"not_picked":["FTL","Reinforced Body"],"picked":"Rebound","floor":17.0},{"not_picked":["Conserve Battery","Turbo"],"picked":"Rebound","floor":17.0},{"not_picked":["Skim","Gash"],"picked":"Rebound","floor":17.0},{"not_picked":["Go for the Eyes","Consume+1","Blizzard"],"picked":"SKIP","floor":18.0},{"not_picked":["Steam","Creative AI"],"picked":"Ball Lightning+1","floor":22}],"player_experience":758723,"relics_obtained":[{"floor":7.0,"key":"Bottled Lightning"},{"floor":9.0,"key":"Pantograph"}],"event_choices":[{"damage_healed":0.0,"max_hp_gain":0.0,"max_hp_loss":0.0,"gold_gain":150.0,"event_name":"Liars Game","player_choice":"AGREE","floor":2.0,"gold_loss":0.0,"damage_taken":0.0,"cards_obtained":["Doubt"]},{"damage_healed":0.0,"max_hp_gain":0.0,"max_hp_loss":0.0,"gold_gain":0.0,"event_name":"Shining Light","player_choice":"Entered Light","floor":4.0,"gold_loss":0.0,"damage_taken":21.0,"cards_upgraded":["Bandage Up","Strike_B"]},{"damage_healed":17.0,"max_hp_gain":0.0,"max_hp_loss":0.0,"gold_gain":0.0,"event_name":"The Cleric","player_choice":"Healed","floor":11.0,"gold_loss":35.0,"damage_taken":0.0},{"damage_healed":0.0,"max_hp_gain":0.0,"max_hp_loss":0.0,"gold_gain":75.0,"event_name":"World of Goop","player_choice":"Gather Gold","floor":13.0,"gold_loss":0.0,"damage_taken":11.0},{"damage_healed":0,"gold_gain":0,"player_choice":"Paid Fearfully","damage_taken":0,"max_hp_gain":0,"max_hp_loss":0,"event_name":"Masked Bandits","floor":19,"gold_loss":190},{"damage_healed":0,"gold_gain":0,"player_choice":"Got Potions","damage_taken":0,"max_hp_gain":0,"max_hp_loss":0,"event_name":"Lab","floor":21,"gold_loss":0}],"is_beta":false,"boss_relics":[{"not_picked":["Pandora\u0027s Box","Black Star"],"picked":"Orrery"}],"items_purged_floors":[],"is_endless":false,"potions_floor_spawned":[1,14],"killed_by":"Slavers","ascension_level":16}