{"gold_per_floor":[219,219,239,239,239,239,255,275,300,300,48,65,65,65,65,214,214,224,224,124,142,158,158,188,188,213,57,57,75,75,86,86,86],"floor_reached":33,"playtime":1897,"items_purged":["Defend_B","Decay"],"score":308,"play_id":"f4087def-fe6b-400b-b92d-22562ddc0236","local_time":"20190326225625","is_ascension_mode":true,"campfire_choices":[{"data":"Hello World","floor":6.0,"key":"SMITH"},{"floor":13.0,"key":"REST"},{"data":"Zap","floor":15.0,"key":"SMITH"},{"floor":23,"key":"REST"},{"data":"Auto Shields","floor":25,"key":"SMITH"},{"data":"Zap","floor":28,"key":"SMITH"},{"data":"Go for the Eyes","floor":30,"key":"SMITH"},{"data":"Conserve Battery","floor":32,"key":"SMITH"}],"neow_cost":"NONE","seed_source_timestamp":0,"circlet_count":0,"master_deck":["Strike_B+1","Defend_B","Zap+1","Dualcast+1","Hello World+1","Fusion+1","Auto Shields+1","Magnetism","Core Surge","Hologram+1","Rainbow+1","Self Repair+1","Sweeping Beam+1","Zap+1","Go for the Eyes+1","Conserve Battery+1","Coolheaded+1","Seek"],"special_seed":0,"relics":["Cracked Core","Vajra","Bag of Marbles","Astrolabe","Boot","Strawberry"],"potions_floor_usage":[24,29,33],"damage_taken":[{"damage":0.0,"enemies":"2 Louse","floor":1.0,"turns":2.0},{"damage":1.0,"enemies":"Cultist","floor":3.0,"turns":3.0},{"damage":7.0,"enemies":"Jaw Worm","floor":7.0,"turns":2.0},{"damage":7.0,"enemies":"Looter","floor":8.0,"turns":4.0},{"damage":7.0,"enemies":"3 Louse","floor":12.0,"turns":4.0},{"damage":9.0,"enemies":"Slime Boss","floor":16.0,"turns":8.0},{"damage":20,"enemies":"3 Byrds","floor":18,"turns":4},{"damage":10,"enemies":"Spheric Guardian","floor":21,"turns":4},{"damage":17,"enemies":"Snecko","floor":22,"turns":5},{"damage":11,"enemies":"Centurion and Healer","floor":24,"turns":5},{"damage":10,"enemies":"3 Cultists","floor":29,"turns":5},{"damage":18,"enemies":"Snecko","floor":31,"turns":4},{"damage":56,"enemies":"Automaton","floor":33,"turns":6}],"seed_played":"5464574793520005854","potions_obtained":[{"floor":1.0,"key":"Block Potion"},{"floor":7.0,"key":"Strength Potion"},{"floor":12.0,"key":"SkillPotion"},{"floor":18,"key":"Block Potion"},{"floor":21,"key":"LiquidBronze"},{"floor":24,"key":"Weak Potion"},{"floor":29,"key":"SmokeBomb"}],"is_trial":false,"path_per_floor":["M","?","M","?","?","R","M","M","T","?","$","M","R","?","R","B",null,"M","?","$","M","M","R","M","R","T","$","R","M","R","M","R","B"],"character_chosen":"DEFECT","items_purchased":["Magnetism","Strawberry"],"campfire_rested":2,"item_purchase_floors":[11,27],"current_hp_per_floor":[68,68,67,55,40,40,33,26,26,26,26,19,41,34,34,25,63,43,43,43,43,36,58,57,57,57,64,64,64,64,56,56,0],"gold":86,"neow_bonus":"HUNDRED_GOLD","is_prod":false,"is_daily":false,"chose_seed":false,"campfire_upgraded":6,"win_rate":0,"timestamp":1553658985,"path_taken":["M","?","?","?","?","R","M","M","T","?","?","?","R","?","R","BOSS","M","?","$","M","M","R","M","R","T","$","R","M","R","M","R","BOSS"],"build_version":"2019-01-23","purchased_purges":2,"victory":false,"max_hp_per_floor":[75,75,75,75,75,75,75,75,75,75,75,75,75,75,75,75,75,75,75,75,75,75,75,75,75,75,82,82,82,82,82,82,82],"card_choices":[{"not_picked":["Melter","Reprogram"],"picked":"Hello World","floor":1.0},{"not_picked":["Turbo","Hologram","Aggregate"],"picked":"SKIP","floor":3.0},{"not_picked":["Compile Driver","Static Discharge"],"picked":"Fusion","floor":7.0},{"not_picked":["Force Field","Static Discharge"],"picked":"Auto Shields","floor":8.0},{"not_picked":["Rebound","Self Repair","Doom and Gloom"],"picked":"SKIP","floor":12.0},{"not_picked":["Meteor Strike","Multi-Cast"],"picked":"Core Surge","floor":16.0},{"not_picked":["Gash","Loop"],"picked":"Sweeping Beam+1","floor":18},{"not_picked":["Beam Cell+1","Barrage","Tempest"],"picked":"SKIP","floor":21},{"not_picked":["Rebound","Redo+1"],"picked":"Go for the Eyes","floor":22},{"not_picked":["FTL","Steam"],"picked":"Conserve Battery","floor":24},{"not_picked":["Redo","Compile Driver"],"picked":"Coolheaded+1","floor":29},{"not_picked":["Turbo+1","Leap"],"picked":"Seek","floor":31}],"player_experience":102789,"relics_obtained":[{"floor":9.0,"key":"Bag of Marbles"},{"floor":26,"key":"Boot"}],"event_choices":[{"cards_removed":["Strike_B"],"damage_healed":0.0,"max_hp_gain":0.0,"max_hp_loss":0.0,"gold_gain":0.0,"event_name":"Bonfire Elementals","player_choice":"Offered Basic","floor":2.0,"gold_loss":0.0,"damage_taken":0.0},{"damage_healed":0.0,"max_hp_gain":0.0,"max_hp_loss":0.0,"gold_gain":0.0,"event_name":"Scrap Ooze","player_choice":"Success","floor":4.0,"gold_loss":0.0,"damage_taken":12.0,"relics_obtained":["Vajra"]},{"damage_healed":0.0,"max_hp_gain":0.0,"max_hp_loss":0.0,"gold_gain":0.0,"event_name":"Shining Light","player_choice":"Entered Light","floor":5.0,"gold_loss":0.0,"damage_taken":15.0,"cards_upgraded":["Strike_B","Dualcast"]},{"damage_healed":0.0,"max_hp_gain":0.0,"max_hp_loss":0.0,"gold_gain":0.0,"event_name":"Living Wall","player_choice":"Grow","floor":10.0,"gold_loss":0.0,"damage_taken":0.0,"cards_upgraded":["Fusion"]},{"cards_removed":["Strike_B"],"damage_healed":0.0,"max_hp_gain":0.0,"max_hp_loss":0.0,"gold_gain":0.0,"event_name":"Golden Wing","player_choice":"Card Removal","floor":14.0,"gold_loss":0.0,"damage_taken":7.0},{"damage_healed":0,"gold_gain":0,"player_choice":"2 cards matched","damage_taken":0,"max_hp_gain":0,"max_hp_loss":0,"event_name":"Match and Keep!","floor":19,"gold_loss":0,"cards_obtained":["Decay","Zap"]},{"damage_healed":0,"gold_gain":0,"player_choice":"2 cards matched","damage_taken":0,"max_hp_gain":0,"max_hp_loss":0,"event_name":"Match and Keep!","floor":19,"gold_loss":0,"cards_obtained":["Decay","Zap"]},{"damage_healed":0,"gold_gain":0,"player_choice":"2 cards matched","damage_taken":0,"max_hp_gain":0,"max_hp_loss":0,"event_name":"Match and Keep!","floor":19,"gold_loss":0,"cards_obtained":["Decay","Zap"]}],"is_beta":false,"boss_relics":[{"not_picked":["Cursed Key","Lizard Tail"],"picked":"Astrolabe"}],"items_purged_floors":[11,20],"is_endless":false,"potions_floor_spawned":[1,7,12,18,21,24,29],"killed_by":"Automaton","ascension_level":6}