{"gold_per_floor":[110,110,110,127,147,147,181,181,181,181,193,193,76,86,86,181,181,194,194,212,212],"floor_reached":21,"playtime":2823,"items_purged":[],"score":179,"play_id":"9c83fed3-7b05-459e-81c1-67e303034714","local_time":"20190307192912","is_ascension_mode":false,"campfire_choices":[{"floor":6.0,"key":"REST"},{"floor":10.0,"key":"REST"},{"floor":12.0,"key":"REST"},{"data":"Predator","floor":15.0,"key":"SMITH"}],"neow_cost":"NONE","seed_source_timestamp":0,"circlet_count":0,"master_deck":["Defend_G","Defend_G","Defend_G","Defend_G","Strike_G","Strike_G","Strike_G","Strike_G","Strike_G","Survivor","Neutralize","Leg Sweep","Deflect","Predator+1","Underhanded Strike","Riddle With Holes","Noxious Fumes","Outmaneuver","Dagger Spray","Unload","Underhanded Strike","Iron Wave","Acrobatics"],"special_seed":0,"relics":["Ring of the Snake","Bag of Preparation","Letter Opener","Gremlin Horn","Busted Crown"],"potions_floor_usage":[],"damage_taken":[{"damage":1.0,"enemies":"2 Louse","floor":1.0,"turns":5.0},{"damage":0.0,"enemies":"Small Slimes","floor":4.0,"turns":5.0},{"damage":15.0,"enemies":"Jaw Worm","floor":5.0,"turns":14.0},{"damage":37.0,"enemies":"3 Sentries","floor":7.0,"turns":17.0},{"damage":0.0,"enemies":"Lots of Slimes","floor":11.0,"turns":4.0},{"damage":10.0,"enemies":"Gremlin Gang","floor":14.0,"turns":4.0},{"damage":64.0,"enemies":"Hexaghost","floor":16.0,"turns":16.0},{"damage":9,"enemies":"3 Byrds","floor":18,"turns":6},{"damage":12,"enemies":"Chosen","floor":20,"turns":5},{"damage":58,"enemies":"Centurion and Healer","floor":21,"turns":9}],"seed_played":"6422567550896786691","potions_obtained":[{"floor":5.0,"key":"SpeedPotion"},{"floor":7.0,"key":"SpeedPotion"},{"floor":16.0,"key":"Poison Potion"},{"floor":18,"key":"SteroidPotion"}],"is_trial":false,"path_per_floor":["?","?","?","?","M"],"character_chosen":"THE_SILENT","items_purchased":["Noxious Fumes","Outmaneuver"],"campfire_rested":3,"item_purchase_floors":[13,13],"current_hp_per_floor":[76,64,64,64,49,72,35,35,35,58,58,77,77,67,67,3,77,68,68,56,0],"gold":212,"neow_bonus":"TEN_PERCENT_HP_BONUS","is_prod":false,"is_daily":false,"chose_seed":false,"campfire_upgraded":1,"win_rate":0.0,"timestamp":1551983352,"path_taken":["M","?","?","M","M","R","E","?","T","R","M","R","$","M","R","BOSS","M","?","M","?"],"build_version":"2019-01-23","purchased_purges":0,"victory":false,"max_hp_per_floor":[77,77,77,77,77,77,77,77,77,77,77,77,77,77,77,77,77,77,77,77,77],"card_choices":[{"not_picked":["Acrobatics","Flying Knee"],"picked":"Leg Sweep","floor":1.0},{"not_picked":["Dagger Spray","Prepared"],"picked":"Deflect","floor":4.0},{"not_picked":["Dodge and Roll","Dagger Spray"],"picked":"Predator","floor":5.0},{"not_picked":["Dagger Spray","Flying Knee"],"picked":"Underhanded Strike","floor":7.0},{"not_picked":["Glass Knife","Underhanded Strike"],"picked":"Riddle With Holes","floor":11.0},{"not_picked":["Dodge and Roll","Blade Dance"],"picked":"Dagger Spray","floor":14.0},{"not_picked":["Night Terror","Wraith Form v2"],"picked":"Unload","floor":16.0},{"not_picked":[],"picked":"Underhanded Strike","floor":18},{"not_picked":[],"picked":"Acrobatics","floor":20}],"player_experience":9604,"relics_obtained":[{"floor":7.0,"key":"Letter Opener"},{"floor":9.0,"key":"Gremlin Horn"}],"event_choices":[{"damage_healed":0.0,"max_hp_gain":0.0,"max_hp_loss":0.0,"gold_gain":0.0,"event_name":"Scrap Ooze","player_choice":"Success","floor":2.0,"gold_loss":0.0,"damage_taken":12.0,"relics_obtained":["Bag of Preparation"]},{"damage_healed":0.0,"max_hp_gain":0.0,"max_hp_loss":0.0,"gold_gain":0.0,"event_name":"Liars Game","player_choice":"Ignored","floor":3.0,"gold_loss":0.0,"damage_taken":0.0},{"damage_healed":0.0,"max_hp_gain":0.0,"max_hp_loss":0.0,"gold_gain":0.0,"event_name":"The Cleric","player_choice":"Leave","floor":8.0,"gold_loss":0.0,"damage_taken":0.0},{"cards_removed":["Defend_G"],"damage_healed":0,"gold_gain":0,"player_choice":"Took Card","damage_taken":0,"max_hp_gain":0,"max_hp_loss":0,"event_name":"NoteForYourself","floor":19,"gold_loss":0,"cards_obtained":["Iron Wave"]}],"is_beta":false,"boss_relics":[{"not_picked":["Calling Bell","Ring of the Serpent"],"picked":"Busted Crown"}],"items_purged_floors":[],"is_endless":false,"potions_floor_spawned":[5,7,16,18],"killed_by":"Centurion and Healer","ascension_level":0}