{"gold_per_floor":[118,132,150,325,145,145,175,175,175,200,218,218,247,264,264,359,359,375,375,375,54,64,64,93,104,150,150,53,72,72,101,101,101],"floor_reached":33,"playtime":2895,"items_purged":["Doubt","Strike_R","Strike_R"],"score":343,"play_id":"9ec2cac1-297c-4fde-93af-1cb8fd18add8","local_time":"20190411212243","is_ascension_mode":false,"campfire_choices":[{"data":"Discovery","floor":6,"key":"SMITH"},{"data":"Inflame","floor":8,"key":"SMITH"},{"data":"Body Slam","floor":15,"key":"SMITH"},{"data":"Armaments","floor":23,"key":"SMITH"},{"floor":27,"key":"REST"},{"floor":30,"key":"REST"},{"floor":32,"key":"REST"}],"neow_cost":"NONE","seed_source_timestamp":490499029886455,"circlet_count":0,"master_deck":["Strike_R","Strike_R","Strike_R","Defend_R","Defend_R+1","Defend_R+1","Defend_R","Bash","Armaments+1","Bludgeon","Inflame+1","Discovery+1","Anger","Feed","Body Slam+1","Regret","Wild Strike","Impervious","Battle Trance","RitualDagger","Shrug It Off","Feel No Pain","Whirlwind+1","Havoc+1","Corruption+1","Armaments","Evolve","Armaments+1"],"relics":["Burning Blood","Shuriken","Pantograph","Oddly Smooth Stone","PreservedInsect","Smiling Mask","Black Star","Bronze Scales","Vajra","Bottled Tornado","War Paint","WingedGreaves","Mango"],"potions_floor_usage":[7,14,14,16,16,22,22,29,29],"damage_taken":[{"damage":0,"enemies":"2 Louse","floor":1,"turns":3},{"damage":9,"enemies":"Jaw Worm","floor":2,"turns":5},{"damage":5,"enemies":"Small Slimes","floor":3,"turns":3},{"damage":14,"enemies":"Gremlin Nob","floor":7,"turns":3},{"damage":1,"enemies":"2 Fungi Beasts","floor":11,"turns":3},{"damage":9,"enemies":"Lagavulin","floor":13,"turns":4},{"damage":24,"enemies":"Lots of Slimes","floor":14,"turns":4},{"damage":53,"enemies":"Slime Boss","floor":16,"turns":10},{"damage":35,"enemies":"Chosen","floor":18,"turns":6},{"damage":24,"enemies":"Spheric Guardian","floor":22,"turns":4},{"damage":48,"enemies":"Book of Stabbing","floor":24,"turns":5},{"damage":21,"enemies":"Snake Plant","floor":25,"turns":3},{"damage":49,"enemies":"Cultist and Chosen","floor":29,"turns":6},{"damage":34,"enemies":"Gremlin Leader","floor":31,"turns":6},{"damage":99,"enemies":"Automaton","floor":33,"turns":10}],"seed_played":"5774902187137687190","potions_obtained":[{"floor":0,"key":"Regen Potion"},{"floor":0,"key":"SneckoOil"},{"floor":0,"key":"LiquidBronze"},{"floor":7,"key":"PowerPotion"},{"floor":14,"key":"Ancient Potion"},{"floor":16,"key":"Poison Potion"},{"floor":18,"key":"Strength Potion"},{"floor":24,"key":"BloodPotion"},{"floor":25,"key":"Poison Potion"},{"floor":31,"key":"Weak Potion"}],"is_trial":false,"path_per_floor":["M","M","M","?","$","R","E","R","T","T","M","?","E","M","R","B",null,"M","?","?","$","M","R","E","M","T","R","$","M","R","E","R","B"],"character_chosen":"IRONCLAD","items_purchased":["Discovery","Anger","Bronze Scales","Shrug It Off","Feel No Pain","Armaments"],"campfire_rested":3,"item_purchase_floors":[5,5,21,21,21,28],"current_hp_per_floor":[80,77,78,78,78,78,70,70,70,70,75,75,72,66,66,39,86,60,54,99,99,81,81,39,24,24,53,53,19,48,34,67,0],"gold":101,"neow_bonus":"THREE_SMALL_POTIONS","is_prod":false,"is_daily":false,"chose_seed":false,"campfire_upgraded":4,"win_rate":0.0,"timestamp":1555042963,"path_taken":["M","M","M","?","$","R","E","R","T","?","M","?","E","M","R","BOSS","M","?","?","$","?","R","E","M","T","R","?","M","R","E","R","BOSS"],"build_version":"2019-01-23","purchased_purges":3,"victory":false,"max_hp_per_floor":[80,80,80,80,80,80,80,80,80,80,80,80,80,83,83,86,86,89,89,99,99,99,99,99,99,99,99,99,99,99,113,113,113],"card_choices":[{"not_picked":["Thunderclap","Bloodletting"],"picked":"Armaments","floor":1},{"not_picked":["Warcry","Sword Boomerang"],"picked":"Bludgeon","floor":2},{"not_picked":["Perfected Strike","Iron Wave"],"picked":"Inflame","floor":3},{"not_picked":["Armaments","Shrug It Off"],"picked":"Feed","floor":7},{"not_picked":["Clash","Sword Boomerang"],"picked":"Body Slam","floor":11},{"not_picked":["Pummel","Sword Boomerang"],"picked":"Dark Embrace","floor":13},{"not_picked":["Body Slam","Armaments"],"picked":"Wild Strike","floor":14},{"not_picked":["Limit Break","Demon Form"],"picked":"Impervious","floor":16},{"not_picked":["Sever Soul","Wild Strike"],"picked":"Battle Trance","floor":18},{"not_picked":["Body Slam","Cleave"],"picked":"Whirlwind+1","floor":22},{"not_picked":["Infernal Blade","Flex+1"],"picked":"Havoc+1","floor":24},{"not_picked":["Warcry","Perfected Strike"],"picked":"Corruption+1","floor":25},{"not_picked":["Bloodletting","True Grit"],"picked":"Evolve","floor":29},{"not_picked":["Burning Pact","Perfected Strike"],"picked":"Armaments+1","floor":31}],"player_experience":44859,"relics_obtained":[{"floor":7,"key":"Shuriken"},{"floor":9,"key":"Pantograph"},{"floor":10,"key":"Oddly Smooth Stone"},{"floor":13,"key":"Smiling Mask"},{"floor":24,"key":"Vajra"},{"floor":24,"key":"Bottled Tornado"},{"floor":26,"key":"War Paint"},{"floor":31,"key":"WingedGreaves"},{"floor":31,"key":"Mango"}],"event_choices":[{"damage_healed":0,"gold_gain":175,"player_choice":"AGREE","damage_taken":0,"max_hp_gain":0,"max_hp_loss":0,"event_name":"Liars Game","floor":4,"gold_loss":0,"cards_obtained":["Doubt"]},{"damage_healed":0,"gold_gain":0,"player_choice":"Box","damage_taken":0,"relics_obtained":["PreservedInsect"],"max_hp_gain":0,"max_hp_loss":0,"event_name":"Big Fish","floor":12,"gold_loss":0,"cards_obtained":["Regret"]},{"damage_healed":0,"gold_gain":0,"player_choice":"Joined the Cult","damage_taken":6,"max_hp_gain":0,"max_hp_loss":0,"event_name":"Nest","floor":19,"gold_loss":0,"cards_obtained":["RitualDagger"]},{"cards_removed":["Dark Embrace"],"damage_healed":35,"gold_gain":0,"player_choice":"Offered Rare","damage_taken":0,"max_hp_gain":10,"max_hp_loss":0,"event_name":"Bonfire Elementals","floor":20,"gold_loss":0}],"is_beta":false,"boss_relics":[{"not_picked":["Lizard Tail","Velvet Choker"],"picked":"Black Star"}],"items_purged_floors":[5,21,28],"is_endless":false,"potions_floor_spawned":[7,11,14,16,18,24,25,31],"killed_by":"Automaton","ascension_level":0}