{"gold_per_floor":[113,127,127,52,52,86,86,105,132,170,170,194,229,253,253,382,412,426,426,449,449,349,385,385,416,416,416,431,451,451,487,487,487],"floor_reached":33,"playtime":1756,"items_purged":["Injury","Writhe"],"score":408,"play_id":"117bed4c-829b-46ae-adae-156871e2a120","local_time":"20190204184246","is_ascension_mode":true,"campfire_choices":[{"data":"Fire Breathing","floor":7.0,"key":"SMITH"},{"floor":11.0,"key":"RECALL"},{"data":"Perfected Strike","floor":15.0,"key":"SMITH"},{"floor":24,"key":"REST"},{"floor":27,"key":"REST"},{"floor":30,"key":"REST"},{"floor":32,"key":"REST"}],"neow_cost":"NONE","seed_source_timestamp":68843948869456,"circlet_count":0,"master_deck":["Strike_R+1","Strike_R+1","Strike_R","Strike_R","Strike_R","Defend_R","Defend_R","Defend_R","Defend_R","Bash","Fire Breathing+1","Perfected Strike+1","Ghostly Armor","Warcry","Shrug It Off","Armaments","Pommel Strike","Wild Strike","Wild Strike","Offering","Parasite","Parasite","Clash+1","Wild Strike","Wild Strike+1","Bash","Impervious","Juggernaut","True Grit+1","Clash","Infernal Blade","Battle Trance","Evolve"],"special_seed":0,"relics":["Burning Blood","NeowsBlessing","Golden Idol","CultistMask","Potion Belt","Whetstone","Lantern","Prayer Wheel","Calling Bell","Matryoshka","Tiny Chest","Thread and Needle","Blood Vial","Self Forming Clay","PreservedInsect","Sundial","Juzu Bracelet","Smiling Mask","Mercury Hourglass"],"potions_floor_usage":[20,23,29,33,33,33],"damage_taken":[{"damage":0.0,"enemies":"2 Louse","floor":1.0,"turns":1.0},{"damage":0.0,"enemies":"Small Slimes","floor":2.0,"turns":1.0},{"damage":0.0,"enemies":"3 Sentries","floor":6.0,"turns":2.0},{"damage":0.0,"enemies":"Cultist","floor":8.0,"turns":4.0},{"damage":6.0,"enemies":"Gremlin Nob","floor":10.0,"turns":3.0},{"damage":7.0,"enemies":"Lots of Slimes","floor":12.0,"turns":3.0},{"damage":5.0,"enemies":"3 Sentries","floor":13.0,"turns":7.0},{"damage":3.0,"enemies":"Exordium Wildlife","floor":14.0,"turns":3.0},{"damage":47,"enemies":"The Guardian","floor":16,"turns":15},{"damage":27,"enemies":"Spheric Guardian","floor":18,"turns":4},{"damage":14,"enemies":"Shell Parasite","floor":20,"turns":4},{"damage":33,"enemies":"Book of Stabbing","floor":23,"turns":5},{"damage":14,"enemies":"Slavers","floor":25,"turns":5},{"damage":24,"enemies":"3 Cultists","floor":28,"turns":5},{"damage":18,"enemies":"Sentry and Sphere","floor":29,"turns":4},{"damage":17,"enemies":"Book of Stabbing","floor":31,"turns":3},{"damage":74,"enemies":"Champ","floor":33,"turns":12}],"seed_played":"-4171558587393572844","potions_obtained":[{"floor":8.0,"key":"Fire Potion"},{"floor":10.0,"key":"GamblersBrew"},{"floor":12.0,"key":"Energy Potion"},{"floor":14.0,"key":"Strength Potion"},{"floor":16,"key":"Explosive Potion"},{"floor":18,"key":"Poison Potion"},{"floor":28,"key":"GamblersBrew"},{"floor":29,"key":"Ancient Potion"},{"floor":31,"key":"Poison Potion"}],"is_trial":false,"path_per_floor":["M","M","?","$","?","E","R","M","T","E","R","M","E","M","R","B",null,"M","T","M","?","$","E","R","E","T","R","M","M","R","E","R","B"],"character_chosen":"IRONCLAD","items_purchased":[],"campfire_rested":4,"item_purchase_floors":[],"current_hp_per_floor":[80,80,80,80,80,80,80,80,80,80,80,79,80,80,80,39,80,59,59,53,53,53,28,52,46,46,70,54,44,68,59,80,6],"gold":487,"neow_bonus":"THREE_ENEMY_KILL","is_prod":false,"is_daily":false,"chose_seed":false,"campfire_upgraded":2,"win_rate":0,"timestamp":1549327366,"path_taken":["M","M","?","$","?","E","R","M","T","E","R","M","E","M","R","BOSS","M","?","?","?","$","E","R","E","T","R","M","M","R","E","R","BOSS"],"build_version":"2019-01-23","purchased_purges":2,"victory":false,"max_hp_per_floor":[80,80,80,80,80,80,80,80,80,80,80,80,80,80,80,80,80,80,80,80,80,80,80,80,80,80,80,80,80,80,80,80,80],"card_choices":[{"not_picked":["Twin Strike","Iron Wave"],"picked":"Fire Breathing","floor":1.0},{"not_picked":["Shockwave","Sword Boomerang"],"picked":"Perfected Strike","floor":2.0},{"not_picked":["Pommel Strike","Cleave"],"picked":"Ghostly Armor","floor":6.0},{"not_picked":["Flex","Heavy Blade"],"picked":"Warcry","floor":8.0},{"not_picked":["Thunderclap","Wild Strike"],"picked":"Shrug It Off","floor":10.0},{"not_picked":["Berserk","Wild Strike"],"picked":"Armaments","floor":12.0},{"not_picked":["Havoc","Power Through"],"picked":"Pommel Strike","floor":13.0},{"not_picked":["Disarm","Limit Break"],"picked":"Wild Strike","floor":14.0},{"not_picked":["Havoc","Armaments"],"picked":"Wild Strike","floor":14.0},{"not_picked":["Dark Embrace","Limit Break"],"picked":"Offering","floor":16},{"not_picked":["Iron Wave","True Grit+1"],"picked":"Clash+1","floor":18},{"not_picked":["Flex","Combust"],"picked":"Wild Strike","floor":18},{"not_picked":["Searing Blow+1","Carnage"],"picked":"Wild Strike+1","floor":20},{"not_picked":["Iron Wave+1","Searing Blow","Thunderclap"],"picked":"SKIP","floor":20},{"not_picked":["Evolve","Spot Weakness"],"picked":"Juggernaut","floor":23},{"not_picked":["Searing Blow+1","Iron Wave"],"picked":"True Grit+1","floor":25},{"not_picked":["Shrug It Off","Inflame"],"picked":"Clash","floor":28},{"not_picked":["Clothesline","Iron Wave"],"picked":"Infernal Blade","floor":28},{"not_picked":["Sword Boomerang","Body Slam"],"picked":"Battle Trance","floor":29},{"not_picked":["Shrug It Off+1","Heavy Blade"],"picked":"Evolve","floor":29},{"not_picked":["Carnage","Heavy Blade","Flex+1"],"picked":"SKIP","floor":31}],"player_experience":449427,"relics_obtained":[{"floor":6.0,"key":"Potion Belt"},{"floor":9.0,"key":"Whetstone"},{"floor":10.0,"key":"Lantern"},{"floor":13.0,"key":"Prayer Wheel"},{"floor":17,"key":"Matryoshka"},{"floor":17,"key":"Tiny Chest"},{"floor":17,"key":"Thread and Needle"},{"floor":19,"key":"Blood Vial"},{"floor":19,"key":"Self Forming Clay"},{"floor":23,"key":"PreservedInsect"},{"floor":25,"key":"Sundial"},{"floor":26,"key":"Juzu Bracelet"},{"floor":26,"key":"Smiling Mask"},{"floor":31,"key":"Mercury Hourglass"}],"event_choices":[{"damage_healed":0.0,"max_hp_gain":0.0,"max_hp_loss":0.0,"gold_gain":0.0,"event_name":"Golden Idol","player_choice":"Take Wound","floor":3.0,"gold_loss":0.0,"damage_taken":0.0,"relics_obtained":["Golden Idol"],"cards_obtained":["Injury"]},{"damage_healed":0.0,"max_hp_gain":0.0,"max_hp_loss":0.0,"gold_gain":0.0,"event_name":"FaceTrader","player_choice":"Trade","floor":5.0,"gold_loss":0.0,"damage_taken":0.0,"relics_obtained":["CultistMask"]},{"damage_healed":0,"gold_gain":0,"player_choice":"2 cards matched","damage_taken":0,"max_hp_gain":0,"max_hp_loss":0,"event_name":"Match and Keep!","floor":21,"gold_loss":0,"cards_obtained":["Bash","Impervious"]}],"is_beta":false,"boss_relics":[{"not_picked":["White Beast Statue","Coffee Dripper"],"picked":"Calling Bell"}],"items_purged_floors":[4,22],"is_endless":false,"potions_floor_spawned":[8,10,12,14,16,18,28,29,31],"killed_by":"Champ","ascension_level":2}