{"path_per_floor":["M","M","?","M","M","R","$","?","T","E","R","E","$","M","R","B",null,"M","M","$","M","?","R"],"character_chosen":"IRONCLAD","items_purchased":["Explosive Potion","Anchor","Ornamental Fan"],"gold_per_floor":[114,124,124,149,165,165,115,115,115,156,156,192,49,73,73,192,230,255,278,25,43,43,43],"floor_reached":24,"campfire_rested":1,"playtime":2684,"current_hp_per_floor":[75,80,60,61,67,67,67,67,67,58,58,40,40,45,69,50,85,81,69,69,53,53,53],"items_purged":[],"gold":43,"play_id":"e6a52872-7112-49e5-b254-e0f0697cf31d","is_prod":false,"is_daily":false,"is_ascension_mode":false,"campfire_upgraded":3,"path_taken":["M","M","?","M","M","R","$","?","T","E","R","E","$","M","R","BOSS","M","M","$","M","?","R","M"],"build_version":"2018-01-25-PROD3","purchased_purges":0,"victory":false,"master_deck":["Strike_R","Strike_R","Strike_R","Defend_R","Defend_R","Defend_R","Defend_R","Bash","Sword Boomerang","Rampage","Thunderclap","Rampage+1","Shrug It Off","Anger+1","Metallicize","Clash","Juggernaut","Spot Weakness","Blood for Blood+1","Twin Strike+1","Metallicize"],"max_hp_per_floor":[80,80,80,80,80,80,80,80,80,80,80,80,80,80,80,80,85,85,85,85,85,85,85],"relics":["Burning Blood","Golden Idol","Frozen Eye","Shuriken","Toolbox","Anchor","Tiny House","Ornamental Fan"],"card_choices":[{"not_picked":["Fire Breathing","Pummel"],"picked":"Rampage"},{"not_picked":["Infernal Blade","Dual Wield"],"picked":"Thunderclap"},{"not_picked":["Warcry","Dark Embrace"],"picked":"Rampage"},{"not_picked":["Clothesline","Whirlwind"],"picked":"Shrug It Off"},{"not_picked":["Dual Wield","Sword Boomerang"],"picked":"Anger"},{"not_picked":["Pommel Strike","Warcry"],"picked":"Metallicize"},{"not_picked":["Twin Strike","Body Slam"],"picked":"Clash"},{"not_picked":["Brutality","Fiend Fire"],"picked":"Juggernaut"},{"not_picked":["True Grit","Body Slam"],"picked":"Spot Weakness"},{"not_picked":["Whirlwind","Pummel"],"picked":"Blood for Blood"},{"not_picked":["Power Through","Reckless Charge"],"picked":"Twin Strike"},{"not_picked":["Shrug It Off","Flex"],"picked":"Metallicize"}],"player_experience":25933,"potions_floor_usage":[5,10,10,12,16,19,24],"damage_taken":[{"damage":11,"enemies":"Blue Slaver","floor":1,"turns":4},{"damage":0,"enemies":"2 Louse","floor":2,"turns":2},{"damage":5,"enemies":"Small Slimes","floor":4,"turns":3},{"damage":0,"enemies":"2 Fungi Beasts","floor":5,"turns":2},{"damage":15,"enemies":"3 Sentries","floor":10,"turns":5},{"damage":39,"enemies":"Lagavulin","floor":12,"turns":7},{"damage":5,"enemies":"Red Slaver","floor":14,"turns":3},{"damage":40,"enemies":"The Guardian","floor":16,"turns":9},{"damage":10,"enemies":"2 Thieves","floor":18,"turns":3},{"damage":18,"enemies":"Spheric Guardian","floor":19,"turns":5},{"damage":22,"enemies":"Snake Plant","floor":21,"turns":5},{"damage":70,"enemies":"Chosen and Byrds","floor":24,"turns":7}],"event_choices":[{"event_name":"Golden Idol","player_choice":"Take Damage","floor":3,"damage_taken":0},{"event_name":"Wheel of Change","player_choice":"Card Removal","floor":8,"damage_taken":0},{"event_name":"Drug Dealer","player_choice":"Ignored","floor":22,"damage_taken":0}],"boss_relics":[{"not_picked":["Philosopher\u0027s Stone","Runic Cube"],"picked":"Tiny House"}],"potions_floor_spawned":[1,2,10,12,19],"seed_played":"-5681922206693611389","killed_by":"Chosen and Byrds","ascension_level":0,"is_trial":false}