{"gold_per_floor":[116,132,142,156,172,199,199,234,234,234,234,262,276,309,309,407,407,407,407,407,407,407,407,407,407,407,407,407,407,407,407,407,407,407,407,44,44,44,44,44,44,44,44,44,44,44,44,44,44,44],"floor_reached":51,"playtime":4468,"items_purged":["Strike_B"],"score":889,"play_id":"5fba5772-8ee5-4c9d-95d2-2c607d70e8aa","local_time":"20190330174848","is_ascension_mode":true,"campfire_choices":[{"data":"Streamline","floor":7.0,"key":"SMITH"},{"data":"Fusion","floor":10.0,"key":"SMITH"},{"floor":15.0,"key":"REST"},{"data":"Defragment","floor":24.0,"key":"SMITH"},{"data":"Zap","floor":27.0,"key":"SMITH"},{"floor":29.0,"key":"REST"},{"data":"White Noise","floor":32.0,"key":"SMITH"},{"data":"Loop","floor":41,"key":"SMITH"},{"data":"Echo Form","floor":45,"key":"SMITH"},{"data":"Glacier","floor":49,"key":"SMITH"}],"neow_cost":"NONE","seed_source_timestamp":0,"circlet_count":0,"master_deck":["Strike_B","Strike_B","Defend_B","Defend_B","Defend_B","Defend_B","Zap+1","Dualcast","Self Repair","Compile Driver","FTL","FTL","Streamline+1","White Noise+1","Fusion+1","Defragment+1","Undo","Glacier+1","Biased Cognition","Go for the Eyes+1","Stack","Melter","Defragment+1","Stack+1","Turbo+1","Echo Form+1","Loop+1","Impatience","Capacitor+1","Loop+1","Core Surge"],"special_seed":0,"relics":["Lizard Tail","Art of War","DataDisk","Gremlin Horn","Letter Opener","Dream Catcher","Ectoplasm","Enchiridion","Centennial Puzzle","Matryoshka","Pen Nib","Shuriken","Coffee Dripper","Toolbox","Peace Pipe","Tiny Chest","Bronze Scales","Happy Flower","Ginger"],"potions_floor_usage":[38,40,50,50],"damage_taken":[{"damage":5.0,"enemies":"Small Slimes","floor":1.0,"turns":4.0},{"damage":7.0,"enemies":"Jaw Worm","floor":2.0,"turns":4.0},{"damage":5.0,"enemies":"Cultist","floor":3.0,"turns":5.0},{"damage":8.0,"enemies":"2 Fungi Beasts","floor":4.0,"turns":4.0},{"damage":8.0,"enemies":"Exordium Thugs","floor":5.0,"turns":4.0},{"damage":32.0,"enemies":"Lagavulin","floor":6.0,"turns":7.0},{"damage":25.0,"enemies":"3 Sentries","floor":8.0,"turns":8.0},{"damage":12.0,"enemies":"Lagavulin","floor":12.0,"turns":7.0},{"damage":6.0,"enemies":"3 Louse","floor":13.0,"turns":3.0},{"damage":27.0,"enemies":"Gremlin Nob","floor":14.0,"turns":4.0},{"damage":13.0,"enemies":"Slime Boss","floor":16.0,"turns":7.0},{"damage":13.0,"enemies":"Spheric Guardian","floor":18.0,"turns":6.0},{"damage":13.0,"enemies":"Shell Parasite","floor":21.0,"turns":6.0},{"damage":17.0,"enemies":"Snake Plant","floor":22.0,"turns":6.0},{"damage":0.0,"enemies":"Gremlin Leader","floor":23.0,"turns":5.0},{"damage":20.0,"enemies":"Book of Stabbing","floor":25.0,"turns":7.0},{"damage":8.0,"enemies":"Snecko","floor":30.0,"turns":3.0},{"damage":11.0,"enemies":"Shelled Parasite and Fungi","floor":31.0,"turns":7.0},{"damage":7.0,"enemies":"Automaton","floor":33.0,"turns":9.0},{"damage":8.0,"enemies":"Orb Walker","floor":35.0,"turns":4.0},{"damage":3.0,"enemies":"Mind Bloom Boss Battle","floor":37.0,"turns":5.0},{"damage":35,"enemies":"3 Darklings","floor":38,"turns":5},{"damage":0,"enemies":"Reptomancer","floor":40,"turns":5},{"damage":15,"enemies":"Nemesis","floor":44,"turns":5},{"damage":17,"enemies":"Maw","floor":47,"turns":6},{"damage":31,"enemies":"Time Eater","floor":50,"turns":8}],"seed_played":"2959552564460706767","potions_obtained":[{"floor":2.0,"key":"Explosive Potion"},{"floor":4.0,"key":"Swift Potion"},{"floor":6.0,"key":"Weak Potion"},{"floor":8.0,"key":"SkillPotion"},{"floor":13.0,"key":"FearPotion"},{"floor":14.0,"key":"Weak Potion"},{"floor":16.0,"key":"Strength Potion"},{"floor":20.0,"key":"Energy Potion"},{"floor":25.0,"key":"SteroidPotion"},{"floor":31.0,"key":"Dexterity Potion"},{"floor":35.0,"key":"Poison Potion"},{"floor":37,"key":"GamblersBrew"},{"floor":44,"key":"AttackPotion"},{"floor":47,"key":"SmokeBomb"}],"is_trial":false,"path_per_floor":["M","M","M","M","M","E","R","E","T","R","?","E","M","E","R","B",null,"M","?","?","M","M","E","R","E","T","R","?","R","M","M","R","B",null,"M","$","?","M","?","E","R","?","T","E","R","$","M","$","R","B",null],"character_chosen":"DEFECT","items_purchased":["Toolbox","Impatience"],"campfire_rested":2,"item_purchase_floors":[36,36],"current_hp_per_floor":[70,70,72,71,70,45,45,27,27,27,52,47,41,21,43,37,75,62,46,46,40,30,37,37,24,24,24,24,46,45,41,41,41,75,74,74,71,43,43,50,50,50,50,42,42,42,32,32,32,8],"gold":44,"neow_bonus":"BOSS_RELIC","is_prod":false,"is_daily":false,"chose_seed":false,"campfire_upgraded":8,"win_rate":0,"timestamp":1553993328,"path_taken":["M","M","M","M","M","E","R","E","T","R","?","E","M","E","R","BOSS","M","?","?","M","?","E","R","E","T","R","?","R","M","M","R","BOSS","M","$","?","M","?","E","R","?","T","E","R","$","?","?","R","BOSS"],"build_version":"2019-01-23","purchased_purges":1,"victory":true,"max_hp_per_floor":[75,75,75,75,75,75,75,75,75,75,75,75,75,75,75,75,75,75,75,75,75,75,75,75,75,75,75,75,75,75,75,75,75,75,75,75,75,75,71,71,71,71,71,71,71,71,71,71,71,71],"card_choices":[{"not_picked":["Hologram","Beam Cell"],"picked":"Self Repair","floor":1.0},{"not_picked":["Barrage","Aggregate"],"picked":"Compile Driver","floor":2.0},{"not_picked":["Blizzard","White Noise"],"picked":"FTL","floor":3.0},{"not_picked":["BootSequence","Sunder"],"picked":"FTL","floor":4.0},{"not_picked":["Hologram","Aggregate"],"picked":"Streamline","floor":5.0},{"not_picked":["Turbo","Beam Cell"],"picked":"White Noise","floor":6.0},{"not_picked":["Compile Driver","Rebound"],"picked":"Fusion","floor":8.0},{"not_picked":["Hyperbeam","Go for the Eyes"],"picked":"Defragment","floor":12.0},{"not_picked":["Lockon","Compile Driver"],"picked":"Undo","floor":13.0},{"not_picked":["Sweeping Beam","Doom and Gloom"],"picked":"Glacier","floor":14.0},{"not_picked":["Core Surge","Amplify"],"picked":"Biased Cognition","floor":16.0},{"not_picked":["Barrage+1","Conserve Battery"],"picked":"Go for the Eyes+1","floor":18.0},{"not_picked":["Chaos","Compile Driver","Gash+1"],"picked":"SKIP","floor":21.0},{"not_picked":["Steam","Rip and Tear+1"],"picked":"Stack","floor":22.0},{"not_picked":["Rebound+1","Storm","Beam Cell+1"],"picked":"SKIP","floor":23.0},{"not_picked":["Beam Cell","Ball Lightning"],"picked":"Melter","floor":25.0},{"not_picked":["Ball Lightning","Storm"],"picked":"Stack+1","floor":30.0},{"not_picked":["Steam","Streamline"],"picked":"Turbo+1","floor":31.0},{"not_picked":["Thunder Strike","Multi-Cast"],"picked":"Echo Form","floor":33.0},{"not_picked":["Steam Power","Beam Cell"],"picked":"Loop","floor":35.0},{"not_picked":["Compile Driver","Ball Lightning"],"picked":"Capacitor+1","floor":38},{"not_picked":["Leap","Streamline+1"],"picked":"Loop+1","floor":40},{"not_picked":["Cold Snap+1","Beam Cell","Hyperbeam"],"picked":"SKIP","floor":44},{"not_picked":["Sweeping Beam+1","Rebound+1","Recycle+1"],"picked":"SKIP","floor":47}],"player_experience":233148,"relics_obtained":[{"floor":6.0,"key":"Art of War"},{"floor":8.0,"key":"DataDisk"},{"floor":9.0,"key":"Gremlin Horn"},{"floor":12.0,"key":"Letter Opener"},{"floor":14.0,"key":"Dream Catcher"},{"floor":19.0,"key":"Enchiridion"},{"floor":23.0,"key":"Centennial Puzzle"},{"floor":25.0,"key":"Matryoshka"},{"floor":26.0,"key":"Pen Nib"},{"floor":26.0,"key":"Shuriken"},{"floor":37,"key":"Peace Pipe"},{"floor":40,"key":"Tiny Chest"},{"floor":43,"key":"Bronze Scales"},{"floor":43,"key":"Happy Flower"},{"floor":44,"key":"Ginger"}],"event_choices":[{"damage_healed":25.0,"max_hp_gain":0.0,"max_hp_loss":0.0,"gold_gain":0.0,"event_name":"Big Fish","player_choice":"Banana","floor":11.0,"gold_loss":0.0,"damage_taken":0.0},{"damage_healed":0.0,"max_hp_gain":0.0,"max_hp_loss":0.0,"gold_gain":0.0,"event_name":"Cursed Tome","player_choice":"Obtained Book","floor":19.0,"gold_loss":0.0,"damage_taken":16.0},{"damage_healed":0.0,"max_hp_gain":0.0,"max_hp_loss":0.0,"gold_gain":0.0,"event_name":"Lab","player_choice":"Got Potions","floor":20.0,"gold_loss":0.0,"damage_taken":0.0},{"damage_healed":0.0,"max_hp_gain":0.0,"max_hp_loss":0.0,"gold_gain":0.0,"event_name":"Duplicator","player_choice":"Copied","floor":28.0,"gold_loss":0.0,"damage_taken":0.0,"cards_obtained":["Defragment"]},{"damage_healed":0.0,"max_hp_gain":0.0,"max_hp_loss":0.0,"gold_gain":0.0,"event_name":"MindBloom","player_choice":"Fight","floor":37.0,"gold_loss":0.0,"damage_taken":0.0},{"damage_healed":0,"gold_gain":0,"player_choice":"Max HP","damage_taken":0,"max_hp_gain":0,"max_hp_loss":4,"event_name":"Winding Halls","floor":39,"gold_loss":0},{"damage_healed":0,"gold_gain":0,"cards_transformed":["Strike_B"],"player_choice":"Transformed","damage_taken":0,"max_hp_gain":0,"max_hp_loss":0,"event_name":"Transmorgrifier","floor":42,"gold_loss":0,"cards_obtained":["Core Surge"]}],"is_beta":false,"boss_relics":[{"not_picked":["Empty Cage","Fusion Hammer"],"picked":"Ectoplasm"},{"not_picked":["Eternal Feather","Pandora\u0027s Box"],"picked":"Coffee Dripper"}],"items_purged_floors":[36],"is_endless":false,"potions_floor_spawned":[2,4,6,8,13,14,16,21,25,31,35,37,44,47],"ascension_level":3}