{"gold_per_floor":[111,111,61,74,24,24,38,38,38,51,69,69,103,121,121,244,244,269,184,184,199,199,199,199],"floor_reached":24,"playtime":739,"items_purged":["Strike_B","Defend_B"],"score":255,"play_id":"dfda02f8-4c7a-4a6a-bc87-6ee31957d2f9","local_time":"20181117003551","is_ascension_mode":true,"campfire_choices":[{"data":"Go for the Eyes","floor":6,"key":"SMITH"},{"floor":15,"key":"REST"},{"floor":23,"key":"REST"}],"neow_cost":"NONE","seed_source_timestamp":74840285707946,"circlet_count":0,"master_deck":["Strike_B","Strike_B","Defend_B","Defend_B","Defend_B","Zap","Dualcast","Go for the Eyes+1","Conserve Battery","Conserve Battery","Gash","Scrape","Creative AI","Redo+1","RitualDagger"],"relics":["Cracked Core","Smiling Mask","Golden Idol","The Courier","Potion Belt","Nuclear Battery","Toxic Egg 2"],"potions_floor_usage":[13,21,21,24],"damage_taken":[{"damage":7,"enemies":"Jaw Worm","floor":1,"turns":4},{"damage":0,"enemies":"Cultist","floor":4,"turns":3},{"damage":3,"enemies":"Small Slimes","floor":7,"turns":3},{"damage":2,"enemies":"Blue Slaver","floor":10,"turns":3},{"damage":3,"enemies":"2 Fungi Beasts","floor":11,"turns":4},{"damage":12,"enemies":"Gremlin Nob","floor":13,"turns":4},{"damage":3,"enemies":"Exordium Thugs","floor":14,"turns":5},{"damage":27,"enemies":"The Guardian","floor":16,"turns":13},{"damage":9,"enemies":"Shell Parasite","floor":18,"turns":8},{"damage":27,"enemies":"2 Thieves","floor":21,"turns":5},{"damage":56,"enemies":"Gremlin Leader","floor":24,"turns":6}],"seed_played":"-2250680351693160763","potions_obtained":[{"floor":4,"key":"SteroidPotion"},{"floor":7,"key":"Poison Potion"},{"floor":11,"key":"GamblersBrew"},{"floor":14,"key":"Explosive Potion"},{"floor":18,"key":"Ancient Potion"}],"is_trial":false,"path_per_floor":["M","?","$","M","$","R","M","?","T","M","M","?","E","M","R","B",null,"M","?","$","M","?","R","E"],"character_chosen":"DEFECT","items_purchased":[],"campfire_rested":2,"item_purchase_floors":[],"current_hp_per_floor":[61,43,43,43,43,43,40,40,40,38,35,60,48,45,67,40,66,57,57,57,30,24,46,0],"gold":199,"neow_bonus":"RANDOM_COMMON_RELIC","is_prod":false,"is_daily":false,"chose_seed":false,"campfire_upgraded":1,"win_rate":0,"timestamp":1542411351,"path_taken":["M","?","$","M","$","R","M","?","T","M","?","?","E","M","R","BOSS","M","?","$","M","?","R","E"],"build_version":"2018-11-15","purchased_purges":2,"victory":false,"max_hp_per_floor":[75,75,75,75,75,75,75,75,75,75,75,75,75,75,75,75,75,75,75,75,75,75,75,75],"card_choices":[{"not_picked":["Rebound","Redo"],"picked":"Go for the Eyes","floor":1},{"not_picked":["Leap","Capacitor"],"picked":"Conserve Battery","floor":4},{"not_picked":["Capacitor","Sweeping Beam","Hello World"],"picked":"SKIP","floor":7},{"not_picked":["Ball Lightning","Undo"],"picked":"Gash","floor":10},{"not_picked":["Reprogram","Auto Shields","Steam"],"picked":"SKIP","floor":11},{"not_picked":["Steam Power","Turbo"],"picked":"Scrape","floor":13},{"not_picked":["Coolheaded","Aggregate","Steam Power"],"picked":"SKIP","floor":14},{"not_picked":["Buffer","Echo Form"],"picked":"Creative AI","floor":16},{"not_picked":["Recycle","Streamline+1","Force Field"],"picked":"SKIP","floor":18},{"not_picked":["Stack+1","Darkness+1"],"picked":"Redo+1","floor":21}],"player_experience":153538,"relics_obtained":[{"floor":9,"key":"The Courier"},{"floor":13,"key":"Potion Belt"}],"event_choices":[{"damage_healed":0,"gold_gain":0,"player_choice":"Take Damage","damage_taken":18,"relics_obtained":["Golden Idol"],"max_hp_gain":0,"max_hp_loss":0,"event_name":"Golden Idol","floor":2,"gold_loss":0},{"damage_healed":0,"gold_gain":0,"cards_transformed":["Strike_B"],"player_choice":"Transformed","damage_taken":0,"max_hp_gain":0,"max_hp_loss":0,"event_name":"Transmorgrifier","floor":8,"gold_loss":0,"cards_obtained":["Conserve Battery"]},{"damage_healed":25,"gold_gain":0,"player_choice":"Banana","damage_taken":0,"max_hp_gain":0,"max_hp_loss":0,"event_name":"Big Fish","floor":12,"gold_loss":0},{"damage_healed":0,"gold_gain":0,"player_choice":"Obtained Relic","damage_taken":0,"relics_obtained":["Toxic Egg 2"],"max_hp_gain":0,"max_hp_loss":0,"event_name":"Addict","floor":19,"gold_loss":85},{"damage_healed":0,"gold_gain":0,"player_choice":"Joined the Cult","damage_taken":6,"max_hp_gain":0,"max_hp_loss":0,"event_name":"Nest","floor":22,"gold_loss":0,"cards_obtained":["RitualDagger"]}],"is_beta":false,"boss_relics":[{"not_picked":["Empty Cage","Sozu"],"picked":"Nuclear Battery"}],"items_purged_floors":[3,5],"is_endless":false,"potions_floor_spawned":[4,7,11,14,18],"killed_by":"Gremlin Leader","ascension_level":6}