{"gold_per_floor":[99,99,99,99,27,27,27,27,27,27,12,12,12,12,12,12,12,0,0,0,0,0,0,0],"floor_reached":24,"playtime":1151,"items_purged":[],"score":227,"play_id":"8b434e40-5e44-48d3-8831-c9ec74f62fd1","local_time":"20180712040344","is_ascension_mode":true,"campfire_choices":[{"data":"Neutralize","floor":6.0,"key":"SMITH"},{"data":"All Out Attack","floor":8.0,"key":"SMITH"},{"data":"Blur","floor":13,"key":"SMITH"},{"data":"Dodge and Roll","floor":15,"key":"SMITH"},{"floor":23,"key":"REST"}],"neow_cost":"NONE","seed_source_timestamp":875266392949367,"circlet_count":0,"master_deck":["Defend_G","Defend_G","Defend_G","Defend_G","Strike_G","Strike_G","Strike_G","Strike_G","Survivor","Neutralize+1","Dagger Throw","Finisher","Dodge and Roll+1","All Out Attack+1","PiercingWail","Blur+1","Accuracy","Cloak And Dagger","Acrobatics","A Thousand Cuts","Concentrate","Poisoned Stab","Writhe","Dagger Throw+1"],"special_seed":0,"relics":["Ectoplasm","Ginger","Bottled Flame","Ancient Tea Set","Runic Pyramid","Juzu Bracelet"],"potions_floor_usage":[16,18],"damage_taken":[{"damage":0.0,"enemies":"Jaw Worm","floor":1.0,"turns":3.0},{"damage":0.0,"enemies":"Cultist","floor":4.0,"turns":1.0},{"damage":1.0,"enemies":"Small Slimes","floor":7.0,"turns":3.0},{"damage":2.0,"enemies":"3 Sentries","floor":10.0,"turns":6.0},{"damage":1,"enemies":"Looter","floor":11,"turns":2},{"damage":12,"enemies":"Lagavulin","floor":12,"turns":8},{"damage":2,"enemies":"3 Louse","floor":14,"turns":2},{"damage":5,"enemies":"The Guardian","floor":16,"turns":16},{"damage":21,"enemies":"2 Thieves","floor":18,"turns":4},{"damage":12,"enemies":"Shell Parasite","floor":19,"turns":12},{"damage":25,"enemies":"Snake Plant","floor":22,"turns":5},{"damage":37,"enemies":"Chosen and Byrds","floor":24,"turns":4}],"seed_played":"-7309663695488712522","potions_obtained":[{"floor":1.0,"key":"Explosive Potion"},{"floor":12,"key":"Ancient Potion"},{"floor":14,"key":"Dexterity Potion"},{"floor":16,"key":"Fire Potion"},{"floor":22,"key":"Energy Potion"}],"is_trial":false,"path_per_floor":["M","?","?","M","$","R","M","R","T","E","M","E","R","M","R","B",null,"M","M","?","?","M","R"],"character_chosen":"THE_SILENT","items_purchased":["All Out Attack"],"campfire_rested":1,"item_purchase_floors":[5],"current_hp_per_floor":[70,70,70,70,70,70,69,69,69,67,66,54,54,52,52,47,70,49,37,37,37,12,33,0],"gold":0,"neow_bonus":"BOSS_RELIC","is_prod":false,"is_daily":false,"chose_seed":false,"campfire_upgraded":4,"win_rate":0,"timestamp":1531389824,"path_taken":["M","?","?","?","?","R","M","R","T","E","M","E","R","M","R","BOSS","M","M","?","?","M","R","M"],"build_version":"2018-07-05","purchased_purges":0,"victory":false,"max_hp_per_floor":[70,70,70,70,70,70,70,70,70,70,70,70,70,70,70,70,70,70,70,70,70,70,70,70],"card_choices":[{"not_picked":["Quick Slash","PiercingWail"],"picked":"Dagger Throw","floor":1.0},{"not_picked":["Bouncing Flask","Poisoned Stab"],"picked":"Dodge and Roll","floor":4.0},{"not_picked":["Riddle With Holes","Dagger Spray"],"picked":"PiercingWail","floor":7.0},{"not_picked":["Blade Dance","Blur","Choke"],"picked":"SKIP","floor":10},{"not_picked":["Blade Dance","Choke"],"picked":"Blur","floor":10},{"not_picked":["PiercingWail","Bane"],"picked":"Accuracy","floor":11},{"not_picked":["Dagger Spray","Doppelganger"],"picked":"Cloak And Dagger","floor":12},{"not_picked":["Poisoned Stab","Endless Agony"],"picked":"Acrobatics","floor":14},{"not_picked":["Night Terror","Venomology"],"picked":"A Thousand Cuts","floor":16},{"not_picked":["Expertise","Prepared"],"picked":"Concentrate","floor":18},{"not_picked":["Dagger Spray","Cloak And Dagger"],"picked":"Poisoned Stab","floor":19},{"not_picked":["Slice","Distraction"],"picked":"Dagger Throw+1","floor":22}],"player_experience":100699,"relics_obtained":[{"floor":9.0,"key":"Ginger"},{"floor":10,"key":"Bottled Flame"},{"floor":12,"key":"Ancient Tea Set"}],"event_choices":[{"event_name":"Bonfire Elementals","player_choice":"BASIC","floor":2.0,"damage_taken":0.0},{"event_name":"Living Wall","player_choice":"Change","floor":3.0,"damage_taken":0.0},{"event_name":"Drug Dealer","player_choice":"Ignored","floor":20,"damage_taken":0},{"event_name":"The Mausoleum","player_choice":"Yes","floor":21,"damage_taken":0}],"boss_relics":[{"not_picked":["Snecko Eye","Fusion Hammer"],"picked":"Runic Pyramid"}],"items_purged_floors":[],"is_endless":false,"potions_floor_spawned":[1,12,14,16,22],"killed_by":"Chosen and Byrds","ascension_level":2}