{"gold_per_floor":[119,119,136,151,164,199,199,199,199,212,212,222,222,247,247,350,350,367,46,56,68,68,68,93,104,156,81,115,15,15,31,31,133,133,146,166,166,88,101,135,55,88,88,88,106,38,51,65,65,65],"floor_reached":51,"playtime":2453,"items_purged":["Writhe","Decay"],"score":859,"play_id":"905a8c75-13ef-443c-a909-ac1267afef82","local_time":"20190412225607","is_ascension_mode":false,"campfire_choices":[{"data":"Bash","floor":8,"key":"SMITH"},{"data":"Juggernaut","floor":11,"key":"SMITH"},{"data":"Armaments","floor":15,"key":"SMITH"},{"data":"Clothesline","floor":23,"key":"SMITH"},{"data":"Immolate","floor":32,"key":"SMITH"},{"data":"Offering","floor":44,"key":"SMITH"},{"data":"True Grit","floor":49,"key":"SMITH"}],"neow_cost":"TEN_PERCENT_HP_LOSS","seed_source_timestamp":42045688346900,"circlet_count":0,"master_deck":["Strike_R","Strike_R","Strike_R","Defend_R+1","Defend_R","Defend_R","Defend_R","Bash+1","Juggernaut+1","Anger","Iron Wave","Iron Wave","Infernal Blade","Inflame","Pommel Strike","Immolate+1","Armaments+1","Offering+1","Clothesline+1","Spot Weakness","Shrug It Off","Shrug It Off+1","Disarm+1","True Grit+1","Feed","RitualDagger","Disarm","Immolate","Evolve+1","Shockwave+1","Juggernaut+1","Feel No Pain","Iron Wave+1","Dual Wield+1","Metallicize","Headbutt+1","Pain","Iron Wave","Reaper","Headbutt"],"relics":["Burning Blood","Question Card","Mercury Hourglass","Letter Opener","Cursed Key","FossilizedHelix","Mummified Hand","War Paint","Oddly Smooth Stone","Bottled Flame","Runic Dome","Boot","Centennial Puzzle","Vajra"],"potions_floor_usage":[21,33,33,42,50,50],"damage_taken":[{"damage":1,"enemies":"Cultist","floor":1,"turns":4},{"damage":6,"enemies":"2 Louse","floor":3,"turns":3},{"damage":1,"enemies":"Jaw Worm","floor":4,"turns":3},{"damage":7,"enemies":"Blue Slaver","floor":5,"turns":3},{"damage":38,"enemies":"3 Sentries","floor":6,"turns":9},{"damage":0,"enemies":"2 Fungi Beasts","floor":10,"turns":3},{"damage":13,"enemies":"Exordium Thugs","floor":12,"turns":3},{"damage":6,"enemies":"Gremlin Nob","floor":14,"turns":3},{"damage":43,"enemies":"Hexaghost","floor":16,"turns":8},{"damage":6,"enemies":"Chosen","floor":18,"turns":3},{"damage":0,"enemies":"Spheric Guardian","floor":20,"turns":3},{"damage":4,"enemies":"Snecko","floor":21,"turns":3},{"damage":20,"enemies":"Slavers","floor":24,"turns":4},{"damage":7,"enemies":"Snake Plant","floor":25,"turns":3},{"damage":0,"enemies":"Gremlin Leader","floor":28,"turns":6},{"damage":0,"enemies":"Centurion and Healer","floor":31,"turns":6},{"damage":49,"enemies":"Automaton","floor":33,"turns":9},{"damage":0,"enemies":"3 Shapes","floor":35,"turns":2},{"damage":0,"enemies":"Orb Walker","floor":36,"turns":4},{"damage":0,"enemies":"3 Darklings","floor":39,"turns":3},{"damage":8,"enemies":"Giant Head","floor":40,"turns":8},{"damage":6,"enemies":"Nemesis","floor":42,"turns":7},{"damage":1,"enemies":"Writhing Mass","floor":45,"turns":3},{"damage":0,"enemies":"Sphere and 2 Shapes","floor":47,"turns":2},{"damage":2,"enemies":"4 Shapes","floor":48,"turns":3},{"damage":50,"enemies":"Donu and Deca","floor":50,"turns":8}],"seed_played":"7314565504023864022","potions_obtained":[{"floor":3,"key":"SpeedPotion"},{"floor":6,"key":"Strength Potion"},{"floor":12,"key":"Energy Potion"},{"floor":25,"key":"Poison Potion"},{"floor":28,"key":"SteroidPotion"},{"floor":33,"key":"SteroidPotion"},{"floor":35,"key":"SmokeBomb"},{"floor":40,"key":"SkillPotion"},{"floor":45,"key":"Block Potion"},{"floor":47,"key":"Regen Potion"}],"is_trial":false,"path_per_floor":["M","?","M","M","M","E","?","R","T","M","R","M","?","E","R","B",null,"M","$","M","M","?","R","E","M","T","$","E","$","?","M","R","B",null,"M","M","?","$","M","E","$","E","T","R","M","$","M","M","R","B",null],"character_chosen":"IRONCLAD","items_purchased":["Spot Weakness","FossilizedHelix","Feel No Pain","Metallicize","Reaper"],"campfire_rested":0,"item_purchase_floors":[19,19,38,41,46],"current_hp_per_floor":[72,65,65,70,69,37,61,61,61,67,67,60,60,60,60,23,72,72,72,72,72,72,72,58,57,57,57,63,63,57,63,63,20,72,72,75,75,75,75,76,76,76,76,76,78,78,78,81,81,65],"gold":65,"neow_bonus":"THREE_RARE_CARDS","is_prod":false,"is_daily":false,"chose_seed":false,"campfire_upgraded":7,"win_rate":1,"timestamp":1555134967,"path_taken":["M","?","M","M","M","E","?","R","T","M","R","M","?","E","R","BOSS","M","$","M","?","?","R","E","M","T","$","E","?","?","M","R","BOSS","M","M","?","$","M","E","?","E","T","R","M","$","?","M","R","BOSS"],"build_version":"2019-01-23","purchased_purges":2,"victory":true,"max_hp_per_floor":[72,72,72,72,72,72,72,72,72,72,72,72,72,72,72,72,72,72,72,72,72,72,72,72,72,72,72,72,72,72,72,72,72,72,72,75,75,75,75,78,78,78,78,78,78,78,78,81,81,81],"card_choices":[{"not_picked":["Bludgeon","Dark Embrace"],"picked":"Juggernaut","floor":0},{"not_picked":["Sword Boomerang","Rupture"],"picked":"Anger","floor":1},{"not_picked":["Infernal Blade","Feel No Pain"],"picked":"Iron Wave","floor":3},{"not_picked":["Warcry","Flex"],"picked":"Iron Wave","floor":4},{"not_picked":["Intimidate","Cleave"],"picked":"Infernal Blade","floor":5},{"not_picked":["Body Slam","Cleave","Flex"],"picked":"SKIP","floor":6},{"not_picked":["Cleave","Entrench","Perfected Strike"],"picked":"Inflame","floor":10},{"not_picked":["Infernal Blade","Flex","Searing Blow"],"picked":"Pommel Strike","floor":12},{"not_picked":["Fire Breathing","Inflame","Bloodletting"],"picked":"Armaments","floor":14},{"not_picked":["Barricade","Demon Form","Juggernaut"],"picked":"Offering","floor":16},{"not_picked":["Sword Boomerang","Clash","True Grit"],"picked":"Clothesline","floor":18},{"not_picked":["Clothesline","Searing Blow+1","Seeing Red"],"picked":"Shrug It Off","floor":20},{"not_picked":["Armaments","Wild Strike","Flex"],"picked":"Shrug It Off","floor":21},{"not_picked":["Dark Embrace","Armaments","Cleave+1"],"picked":"Disarm+1","floor":24},{"not_picked":["Anger","Flex","Second Wind"],"picked":"True Grit","floor":25},{"not_picked":["Evolve+1","Rage","Pommel Strike"],"picked":"Feed","floor":28},{"not_picked":["Perfected Strike","Iron Wave","Pommel Strike"],"picked":"Disarm","floor":31},{"not_picked":["Brutality","Demon Form","Fiend Fire"],"picked":"Immolate","floor":33},{"not_picked":["Dropkick","Clash","Anger+1"],"picked":"Evolve+1","floor":35},{"not_picked":["Body Slam","Fire Breathing","Anger+1"],"picked":"Shockwave+1","floor":36},{"not_picked":["Uppercut","Fire Breathing","Wild Strike"],"picked":"Iron Wave+1","floor":39},{"not_picked":["Bloodletting+1","Iron Wave","Perfected Strike"],"picked":"Dual Wield+1","floor":40},{"not_picked":["Clash","Whirlwind","Infernal Blade+1"],"picked":"Headbutt+1","floor":42},{"not_picked":["Burning Pact","Thunderclap+1","Perfected Strike"],"picked":"Iron Wave","floor":45},{"not_picked":["Reckless Charge","Evolve+1","Infernal Blade"],"picked":"Headbutt","floor":47},{"not_picked":["Hemokinesis","Iron Wave","Cleave+1","Bludgeon"],"picked":"SKIP","floor":48}],"player_experience":324463,"relics_obtained":[{"floor":6,"key":"Question Card"},{"floor":9,"key":"Mercury Hourglass"},{"floor":14,"key":"Letter Opener"},{"floor":24,"key":"War Paint"},{"floor":26,"key":"Oddly Smooth Stone"},{"floor":28,"key":"Bottled Flame"},{"floor":40,"key":"Boot"},{"floor":42,"key":"Centennial Puzzle"},{"floor":43,"key":"Vajra"}],"event_choices":[{"cards_removed":["Strike_R"],"damage_healed":0,"gold_gain":0,"player_choice":"Card Removal","damage_taken":7,"max_hp_gain":0,"max_hp_loss":0,"event_name":"Golden Wing","floor":2,"gold_loss":0},{"damage_healed":24,"gold_gain":0,"player_choice":"Banana","damage_taken":0,"max_hp_gain":0,"max_hp_loss":0,"event_name":"Big Fish","floor":7,"gold_loss":0},{"damage_healed":0,"gold_gain":0,"cards_transformed":["Strike_R"],"player_choice":"Transformed","damage_taken":0,"max_hp_gain":0,"max_hp_loss":0,"event_name":"Transmorgrifier","floor":13,"gold_loss":0,"cards_obtained":["Immolate"]},{"damage_healed":0,"gold_gain":0,"player_choice":"Opened","damage_taken":0,"relics_obtained":["Mummified Hand"],"max_hp_gain":0,"max_hp_loss":0,"event_name":"The Mausoleum","floor":22,"gold_loss":0,"cards_obtained":["Writhe"]},{"damage_healed":0,"gold_gain":0,"player_choice":"Joined the Cult","damage_taken":6,"max_hp_gain":0,"max_hp_loss":0,"event_name":"Nest","floor":30,"gold_loss":0,"cards_obtained":["RitualDagger"]},{"damage_healed":0,"gold_gain":0,"player_choice":"Copied","damage_taken":0,"max_hp_gain":0,"max_hp_loss":0,"event_name":"Duplicator","floor":37,"gold_loss":0,"cards_obtained":["Juggernaut"]}],"is_beta":false,"boss_relics":[{"not_picked":["Mark of Pain","Empty Cage"],"picked":"Cursed Key"},{"not_picked":["White Beast Statue","Lizard Tail"],"picked":"Runic Dome"}],"items_purged_floors":[27,29],"is_endless":false,"potions_floor_spawned":[3,6,12,14,25,28,33,35,40,45,47],"ascension_level":0}