{"gold_per_floor":[110,120,130,141,159,189,189,207,207,207,218,191,191],"floor_reached":13,"playtime":457,"items_purged":[],"score":89,"play_id":"cbff1c35-2442-470b-bd56-6b342046aa81","local_time":"20180813012647","is_ascension_mode":false,"campfire_choices":[{"floor":7,"key":"REST"}],"neow_cost":"","seed_source_timestamp":1949068841148400,"circlet_count":0,"master_deck":["Strike_B","Strike_B","Strike_B","Defend_B","Defend_B","Defend_B","Defend_B","Zap","Dualcast","Streamline","Skim"],"relics":["Cracked Core","Bag of Marbles","Blue Candle"],"potions_floor_usage":[6,6],"damage_taken":[{"damage":0,"enemies":"2 Louse","floor":1,"turns":2},{"damage":4,"enemies":"Cultist","floor":2,"turns":4},{"damage":3,"enemies":"Small Slimes","floor":3,"turns":3},{"damage":11,"enemies":"2 Fungi Beasts","floor":4,"turns":3},{"damage":12,"enemies":"Looter","floor":5,"turns":4},{"damage":14,"enemies":"Gremlin Nob","floor":6,"turns":3},{"damage":11,"enemies":"Exordium Wildlife","floor":8,"turns":3},{"damage":5,"enemies":"3 Louse","floor":11,"turns":3},{"damage":53,"enemies":"Lagavulin","floor":13,"turns":6}],"seed_played":"5321122265218629734","potions_obtained":[{"floor":3,"key":"SteroidPotion"},{"floor":5,"key":"Fire Potion"}],"is_trial":false,"path_per_floor":["M","M","M","M","M","E","R","M","T","?","M","?"],"character_chosen":"DEFECT","items_purchased":[],"campfire_rested":1,"item_purchase_floors":[],"current_hp_per_floor":[75,71,68,57,45,31,53,42,42,42,37,37,0],"gold":191,"neow_bonus":"","is_prod":false,"is_daily":false,"chose_seed":false,"campfire_upgraded":0,"win_rate":0.0,"timestamp":1534148807,"path_taken":["M","M","M","M","M","E","R","M","T","?","M","?","E"],"build_version":"2018-08-09","purchased_purges":0,"victory":false,"max_hp_per_floor":[75,75,75,75,75,75,75,75,75,75,75,75,75],"card_choices":[{"not_picked":["Go for the Eyes","Double Energy","Turbo"],"picked":"SKIP","floor":1},{"not_picked":["Blizzard","Go for the Eyes"],"picked":"Streamline","floor":2},{"not_picked":["Gash","Leap","Coolheaded"],"picked":"SKIP","floor":3},{"not_picked":["Beam Cell","Stack","Barrage"],"picked":"SKIP","floor":4},{"not_picked":["Go for the Eyes","Turbo","Gash"],"picked":"SKIP","floor":5},{"not_picked":["Auto Shields","All For One","Undo"],"picked":"SKIP","floor":6},{"not_picked":["Beam Cell","Reinforced Body","Stack"],"picked":"SKIP","floor":8},{"not_picked":["Auto Shields","Turbo","Streamline"],"picked":"SKIP","floor":11}],"player_experience":84497,"relics_obtained":[{"floor":6,"key":"Bag of Marbles"},{"floor":9,"key":"Blue Candle"}],"event_choices":[{"event_name":"Transmorgrifier","player_choice":"Transform","floor":10,"damage_taken":0},{"event_name":"World of Goop","player_choice":"Left","floor":12,"damage_taken":0}],"is_beta":false,"boss_relics":[],"items_purged_floors":[],"is_endless":false,"potions_floor_spawned":[3,5],"killed_by":"Lagavulin","ascension_level":0}