{"path_per_floor":["M","?","M","?","M","E","R","M","T","M","$","M","M","$","R","B",null,"M","?","M","$","?","E","R","?","T","$","M","?","T","M","R"],"character_chosen":"DEFECT","items_purchased":["Happy Flower","Gash"],"gold_per_floor":[117,117,129,129,140,175,175,194,194,212,24,35,49,49,49,146,146,162,162,173,98,98,129,129,129,129,29,42,0,50,60,60,60],"floor_reached":33,"campfire_rested":4,"playtime":1182,"current_hp_per_floor":[74,74,74,59,52,39,61,61,61,61,61,45,45,45,67,34,75,75,75,66,66,66,24,54,54,54,54,46,46,46,15,45,0],"items_purged":["Strike_B","Strike_B"],"gold":60,"score":267,"play_id":"31bef943-1f8e-49d4-9c0c-3bea4543e032","local_time":"20180503091803","is_prod":false,"is_daily":false,"chose_seed":false,"is_ascension_mode":false,"campfire_upgraded":0,"timestamp":1525331883,"path_taken":["M","?","M","?","M","E","R","M","T","?","$","?","M","?","R","BOSS","M","?","?","$","?","E","R","?","T","?","M","?","?","M","R","BOSS"],"build_version":"2018-05-01v2","seed_source_timestamp":263658402375038,"purchased_purges":2,"victory":false,"master_deck":["Strike_B+1","Strike_B+1","Defend_B+1","Defend_B+1","Defend_B+1","Defend_B+1","Zap+1","Dualcast","FTL","Go for the Eyes","Chaos","Defragment","Ball Lightning","Reinforced Body","Gash","FTL","Rainbow","Reprieve","White Noise+1","Impulse","Fission"],"max_hp_per_floor":[75,75,75,75,75,75,75,75,75,75,75,75,75,75,75,75,75,75,75,75,75,75,75,75,75,75,75,75,75,75,75,75,75],"relics":["Cracked Core","Unceasing Top","Calipers","Happy Flower","Eternal Feather","Bird Faced Urn","Prayer Wheel","Blood Vial"],"card_choices":[{"not_picked":["Beam Cell","Impulse"],"picked":"FTL","floor":0},{"not_picked":["Streamline","Stack"],"picked":"Go for the Eyes","floor":1},{"not_picked":["Impulse","Nova"],"picked":"Chaos","floor":3},{"not_picked":["Turbo","Rebound"],"picked":"Defragment","floor":5},{"not_picked":["Axe Kick","Rip and Tear"],"picked":"Ball Lightning","floor":6},{"not_picked":["Genetic Algorithm","Turbo"],"picked":"Reinforced Body","floor":10},{"not_picked":["Go for the Eyes","Skim"],"picked":"FTL","floor":12},{"not_picked":["Machine Learning","Nova"],"picked":"Rainbow","floor":16},{"not_picked":["Leap","Flux Capacitor"],"picked":"Reprieve","floor":20},{"not_picked":["Coolheaded","Capacitor"],"picked":"White Noise","floor":23},{"not_picked":["Cold Snap","Chaos"],"picked":"Impulse","floor":28},{"not_picked":["Recycle","Skim"],"picked":"Fission","floor":31}],"player_experience":27968,"potions_floor_usage":[16,23,23,31,33],"damage_taken":[{"damage":1,"enemies":"Jaw Worm","floor":1,"turns":3},{"damage":0,"enemies":"2 Louse","floor":3,"turns":2},{"damage":7,"enemies":"Small Slimes","floor":5,"turns":3},{"damage":13,"enemies":"Lagavulin","floor":6,"turns":5},{"damage":0,"enemies":"Blue Slaver","floor":8,"turns":2},{"damage":0,"enemies":"2 Fungi Beasts","floor":10,"turns":2},{"damage":16,"enemies":"Lots of Slimes","floor":12,"turns":3},{"damage":0,"enemies":"Gremlin Gang","floor":13,"turns":4},{"damage":33,"enemies":"The Guardian","floor":16,"turns":9},{"damage":0,"enemies":"Chosen","floor":18,"turns":5},{"damage":9,"enemies":"Shell Parasite","floor":20,"turns":6},{"damage":42,"enemies":"Slavers","floor":23,"turns":8},{"damage":19,"enemies":"Centurion and Healer","floor":28,"turns":6},{"damage":37,"enemies":"3 Cultists","floor":31,"turns":6},{"damage":50,"enemies":"Champ","floor":33,"turns":14}],"event_choices":[{"event_name":"Living Wall","player_choice":"Grow","floor":2,"damage_taken":0},{"event_name":"Shining Light","player_choice":"Entered Light","floor":4,"damage_taken":0},{"event_name":"The Lab","player_choice":"Got Potions","floor":19,"damage_taken":0},{"event_name":"Drug Dealer","player_choice":"Ignored","floor":22,"damage_taken":0},{"event_name":"Back to Basics","player_choice":"Simplicity","floor":25,"damage_taken":0},{"event_name":"Masked Bandits","player_choice":"Paid Bandits 42 gold","floor":29,"damage_taken":0}],"boss_relics":[{"not_picked":["Snecko Eye","Runic Pyramid"],"picked":"Eternal Feather"}],"potions_floor_spawned":[6,12,13,16,18,28],"seed_played":"-8061278904146377064","killed_by":"Champ","ascension_level":0,"is_trial":false}