{"gold_per_floor":[119,136,150,325,355,381,306,306,357,387,387,398,426,160,160,260,260,278,293,143,58,70,82,127,139,175,206,237,266,298,321,333,440,452,477,489,501,528,540,581,593,634,646,658,670],"floor_reached":45,"playtime":2275,"items_purged":["Doubt"],"score":615,"play_id":"43237a78-f313-4879-8ef7-a69af98de6b3","local_time":"20181103062359","is_ascension_mode":true,"campfire_choices":[{"floor":8,"key":"REST"},{"floor":15,"key":"REST"},{"data":"Deep Breath","floor":23,"key":"SMITH"},{"data":"Pommel Strike","floor":25,"key":"SMITH"},{"data":"Fire Breathing","floor":32,"key":"SMITH"},{"data":"Secret Weapon","floor":41,"key":"SMITH"}],"neow_cost":"NONE","seed_source_timestamp":95977844935089,"circlet_count":0,"master_deck":["Strike_R","Strike_R","Strike_R","Strike_R","Strike_R","Defend_R","Defend_R","Defend_R","Bash","Deep Breath+1","Rampage","Cleave","Pommel Strike","Sword Boomerang","Headbutt","Ghostly Armor","Twin Strike","Pommel Strike+1","Reaper","Rage+1","Twin Strike","Rampage+1","Fire Breathing+1","Thunderclap+1","Madness","Secret Weapon+1","Writhe"],"relics":["Burning Blood","Tiny Chest","Self Forming Clay","Potion Belt","Vajra","Meat on the Bone","Ornamental Fan","Busted Crown","Anchor","MawBank","Pen Nib","Oddly Smooth Stone","Cursed Key","Strawberry","Pantograph","PreservedInsect"],"potions_floor_usage":[13,16,27,29,29,29],"damage_taken":[{"damage":0,"enemies":"Small Slimes","floor":1,"turns":3},{"damage":2,"enemies":"2 Louse","floor":2,"turns":3},{"damage":6,"enemies":"Cultist","floor":3,"turns":3},{"damage":53,"enemies":"3 Sentries","floor":6,"turns":9},{"damage":25,"enemies":"Gremlin Nob","floor":10,"turns":4},{"damage":15,"enemies":"3 Louse","floor":12,"turns":3},{"damage":10,"enemies":"Lagavulin","floor":13,"turns":6},{"damage":44,"enemies":"Hexaghost","floor":16,"turns":8},{"damage":6,"enemies":"3 Byrds","floor":18,"turns":4},{"damage":16,"enemies":"Spheric Guardian","floor":19,"turns":4},{"damage":0,"enemies":"Gremlin Leader","floor":24,"turns":6},{"damage":9,"enemies":"Cultist and Chosen","floor":27,"turns":6},{"damage":0,"enemies":"Centurion and Healer","floor":28,"turns":4},{"damage":0,"enemies":"Snecko","floor":29,"turns":3},{"damage":0,"enemies":"3 Cultists","floor":30,"turns":4},{"damage":6,"enemies":"Centurion and Healer","floor":31,"turns":4},{"damage":63,"enemies":"Automaton","floor":33,"turns":10},{"damage":1,"enemies":"3 Shapes","floor":35,"turns":3},{"damage":0,"enemies":"Orb Walker","floor":38,"turns":2},{"damage":5,"enemies":"Nemesis","floor":40,"turns":5},{"damage":51,"enemies":"Giant Head","floor":42,"turns":8},{"damage":86,"enemies":"Awakened One","floor":45,"turns":11}],"seed_played":"-4718161135988154419","potions_obtained":[{"floor":2,"key":"BloodPotion"},{"floor":6,"key":"EssenceOfSteel"},{"floor":16,"key":"PowerPotion"},{"floor":19,"key":"EssenceOfSteel"},{"floor":24,"key":"Strength Potion"},{"floor":28,"key":"SkillPotion"},{"floor":31,"key":"Dexterity Potion"},{"floor":40,"key":"GamblersBrew"}],"is_trial":false,"path_per_floor":["M","M","M","?","?","E","$","R","T","E","?","M","E","$","R","B",null,"M","M","$","?","?","R","E","R","T","M","M","M","M","M","R","B",null,"M","?","?","M","?","E","R","E","T","?","B"],"character_chosen":"IRONCLAD","items_purchased":["Ornamental Fan","Pommel Strike","Anchor"],"campfire_rested":2,"item_purchase_floors":[14,14,20],"current_hp_per_floor":[80,80,80,80,77,30,30,54,54,35,35,26,22,22,46,28,80,80,70,70,70,70,70,80,80,80,77,80,80,80,80,80,35,80,80,80,80,80,70,78,78,50,50,50,0],"gold":670,"neow_bonus":"RANDOM_COLORLESS","is_prod":false,"is_daily":false,"chose_seed":false,"campfire_upgraded":4,"win_rate":0,"timestamp":1541244239,"path_taken":["M","M","M","?","?","E","$","R","T","E","?","M","E","$","R","BOSS","M","M","$","?","?","R","E","R","T","M","M","M","M","M","R","BOSS","M","?","?","?","?","E","R","E","T","?","BOSS"],"build_version":"2018-11-01","purchased_purges":1,"victory":false,"max_hp_per_floor":[80,80,80,80,80,80,80,80,80,80,80,80,80,80,80,80,80,80,80,80,80,80,80,80,80,80,80,80,80,80,80,80,80,80,80,80,80,80,80,87,87,87,87,87,87],"card_choices":[{"not_picked":["Thunderclap","Carnage"],"picked":"Rampage","floor":1},{"not_picked":["Hemokinesis","Entrench"],"picked":"Cleave","floor":2},{"not_picked":["Clash","Shrug It Off"],"picked":"Pommel Strike","floor":3},{"not_picked":["Brutality","Anger"],"picked":"Sword Boomerang","floor":6},{"not_picked":["Armaments","Flex"],"picked":"Headbutt","floor":10},{"not_picked":["Armaments","Impervious"],"picked":"Ghostly Armor","floor":12},{"not_picked":["Second Wind","Carnage"],"picked":"Twin Strike","floor":13},{"not_picked":["Exhume","Brutality"],"picked":"Reaper","floor":16},{"not_picked":[],"picked":"Rage+1","floor":18},{"not_picked":["Reckless Charge+1"],"picked":"SKIP","floor":19},{"not_picked":[],"picked":"Twin Strike","floor":24},{"not_picked":[],"picked":"Rampage+1","floor":27},{"not_picked":["Sentinel"],"picked":"SKIP","floor":28},{"not_picked":[],"picked":"Fire Breathing","floor":29},{"not_picked":["Clothesline"],"picked":"SKIP","floor":30},{"not_picked":[],"picked":"Thunderclap+1","floor":31},{"not_picked":["Body Slam+1"],"picked":"SKIP","floor":35},{"not_picked":["Entrench"],"picked":"SKIP","floor":38},{"not_picked":[],"picked":"Secret Weapon","floor":39},{"not_picked":["Power Through+1"],"picked":"SKIP","floor":40},{"not_picked":["Body Slam+1"],"picked":"SKIP","floor":42}],"player_experience":268071,"relics_obtained":[{"floor":6,"key":"Self Forming Clay"},{"floor":9,"key":"Potion Belt"},{"floor":10,"key":"Vajra"},{"floor":13,"key":"Meat on the Bone"},{"floor":24,"key":"Pen Nib"},{"floor":26,"key":"Oddly Smooth Stone"},{"floor":40,"key":"Strawberry"},{"floor":42,"key":"Pantograph"},{"floor":43,"key":"PreservedInsect"}],"event_choices":[{"damage_healed":0,"gold_gain":175,"player_choice":"AGREE","damage_taken":0,"max_hp_gain":0,"max_hp_loss":0,"event_name":"Liars Game","floor":4,"gold_loss":0,"cards_obtained":["Doubt"]},{"damage_healed":0,"gold_gain":0,"player_choice":"Success","damage_taken":3,"relics_obtained":["Tiny Chest"],"max_hp_gain":0,"max_hp_loss":0,"event_name":"Scrap Ooze","floor":5,"gold_loss":0},{"damage_healed":0,"gold_gain":0,"player_choice":"Ignored","damage_taken":0,"max_hp_gain":0,"max_hp_loss":0,"event_name":"Shining Light","floor":11,"gold_loss":0},{"damage_healed":0,"gold_gain":0,"player_choice":"Obtained Relic","damage_taken":0,"relics_obtained":["MawBank"],"max_hp_gain":0,"max_hp_loss":0,"event_name":"Addict","floor":21,"gold_loss":85},{"damage_healed":0,"gold_gain":0,"player_choice":"Ignored","damage_taken":0,"max_hp_gain":0,"max_hp_loss":0,"event_name":"Ghosts","floor":22,"gold_loss":0},{"cards_removed":["Defend_R"],"damage_healed":0,"gold_gain":0,"player_choice":"Removed Skill","damage_taken":0,"max_hp_gain":0,"max_hp_loss":0,"event_name":"Falling","floor":36,"gold_loss":0},{"damage_healed":0,"gold_gain":0,"player_choice":"1 cards matched","damage_taken":0,"max_hp_gain":0,"max_hp_loss":0,"event_name":"Match and Keep!","floor":37,"gold_loss":0,"cards_obtained":["Madness"]},{"damage_healed":0,"gold_gain":0,"player_choice":"Memory 3","damage_taken":10,"max_hp_gain":0,"max_hp_loss":0,"event_name":"SensoryStone","floor":39,"gold_loss":0},{"damage_healed":0,"gold_gain":0,"player_choice":"Took Portal","damage_taken":0,"max_hp_gain":0,"max_hp_loss":0,"event_name":"SecretPortal","floor":44,"gold_loss":0}],"is_beta":false,"boss_relics":[{"not_picked":["Empty Cage","Runic Dome"],"picked":"Busted Crown"},{"not_picked":["Fusion Hammer","White Beast Statue"],"picked":"Cursed Key"}],"items_purged_floors":[7],"is_endless":false,"potions_floor_spawned":[2,6,16,19,24,28,31,40],"killed_by":"Awakened One","ascension_level":2}