{"gold_per_floor":[362,375,27,47,66,66,78,78,102,112,112,138,138,138,138,138],"floor_reached":16,"playtime":486,"items_purged":["Writhe"],"score":199,"play_id":"2f683a4a-2d40-4a19-a95e-e56123a98050","local_time":"20190331182846","is_ascension_mode":true,"campfire_choices":[{"data":"Hello World","floor":6.0,"key":"SMITH"},{"data":"Chaos","floor":8.0,"key":"SMITH"},{"data":"Seek","floor":15,"key":"SMITH"}],"neow_cost":"CURSE","seed_source_timestamp":0,"circlet_count":0,"master_deck":["AscendersBane","Strike_B","Strike_B","Strike_B","Defend_B","Defend_B","Defend_B","Defend_B","Zap","Dualcast","Steam Power","Streamline","ReplayTheSpireMod:Calculation Training","Conserve Battery","ReplayTheSpireMod:Calculation Training","Hello World+1","Chaos+1","Leap","Steam+1","Seek+1"],"special_seed":0,"relics":["Cracked Core","Lantern","Gremlin Food","ReplayTheSpireMod:TigerMarble","Boot"],"potions_floor_usage":[16],"damage_taken":[{"damage":1.0,"enemies":"Cultist","floor":1.0,"turns":3.0},{"damage":2.0,"enemies":"Jaw Worm","floor":2.0,"turns":3.0},{"damage":0.0,"enemies":"2 Louse","floor":4.0,"turns":1.0},{"damage":4.0,"enemies":"Looter","floor":5.0,"turns":3.0},{"damage":12.0,"enemies":"Blue Slaver","floor":7.0,"turns":4.0},{"damage":17.0,"enemies":"Large Slime","floor":10.0,"turns":4.0},{"damage":15.0,"enemies":"Lagavulin","floor":12.0,"turns":8.0},{"damage":19,"enemies":"Slime Boss","floor":16,"turns":5}],"seed_played":"-5465033416537247416","potions_obtained":[{"floor":1.0,"key":"FearPotion"},{"floor":2.0,"key":"Strength Potion"},{"floor":7.0,"key":"Toxic Potion"},{"floor":10.0,"key":"SpeedPotion"}],"is_trial":false,"path_per_floor":["M","M","$","M","M","R","M","R","T","M","?","E","?","?","R","B"],"character_chosen":"DEFECT","items_purchased":["ReplayTheSpireMod:Calculation Training","Lantern","Conserve Battery"],"campfire_rested":0,"item_purchase_floors":[3,3,3],"current_hp_per_floor":[63,61,61,61,57,57,45,45,45,28,28,13,13,13,13,0],"gold":138,"neow_bonus":"TWO_FIFTY_GOLD","is_prod":false,"is_daily":false,"chose_seed":false,"campfire_upgraded":3,"win_rate":0,"timestamp":1554074926,"path_taken":["M","M","$","M","M","R","M","R","T","M","?","E","?","?","R","BOSS"],"build_version":"2019-01-23","purchased_purges":1,"victory":false,"max_hp_per_floor":[71,71,71,71,71,71,71,71,71,71,71,71,71,71,71,71],"card_choices":[{"not_picked":["Turbo","Fusion"],"picked":"Steam Power","floor":1.0},{"not_picked":["Rip and Tear","Barrage"],"picked":"Streamline","floor":2.0},{"not_picked":["ReplayGash","Redo"],"picked":"ReplayTheSpireMod:Calculation Training","floor":4.0},{"not_picked":["Hologram","Panic Button"],"picked":"Hello World","floor":5.0},{"not_picked":["Compile Driver","Melter"],"picked":"Chaos","floor":7.0},{"not_picked":["Self Repair","Panic Button"],"picked":"Leap","floor":10.0},{"not_picked":["Barrage","Melter"],"picked":"Seek","floor":12.0}],"player_experience":873897,"relics_obtained":[{"floor":9.0,"key":"Gremlin Food"},{"floor":12.0,"key":"ReplayTheSpireMod:TigerMarble"}],"event_choices":[{"damage_healed":0.0,"max_hp_gain":0.0,"max_hp_loss":0.0,"gold_gain":0.0,"event_name":"Scrap Ooze","player_choice":"Fled","floor":13.0,"gold_loss":0.0,"damage_taken":0.0},{"damage_healed":0,"gold_gain":0,"player_choice":"Searched \u00271\u0027 times","damage_taken":0,"relics_obtained":["Boot"],"max_hp_gain":0,"max_hp_loss":0,"event_name":"Dead Adventurer","floor":14,"gold_loss":0}],"is_beta":false,"boss_relics":[],"items_purged_floors":[3],"is_endless":false,"potions_floor_spawned":[1,2,7,10],"killed_by":"Slime Boss","ascension_level":19}