{"path_per_floor":["M","M","$","?","M","E","?","R","T","E","$","R","M","M","R","B",null,"M","M","?","M","M","R"],"character_chosen":"THE_SILENT","items_purchased":["Underhanded Strike","Backflip","Underhanded Strike","Secret Technique"],"gold_per_floor":[111,125,28,28,43,72,72,72,372,403,16,16,27,46,46,148,148,164,183,183,199,210,210],"floor_reached":24,"campfire_rested":3,"playtime":2157,"current_hp_per_floor":[70,70,70,70,70,13,13,34,34,6,6,27,27,27,27,27,70,63,43,36,26,12,33],"items_purged":["Strike_G","Strike_G"],"gold":210,"play_id":"051920f4-96eb-483e-a2f1-85007c094efe","is_prod":false,"is_daily":false,"is_ascension_mode":false,"campfire_upgraded":1,"path_taken":["M","?","$","?","M","E","?","R","T","E","$","R","M","M","R","BOSS","M","?","?","M","M","R","E"],"build_version":"2018-02-01-PROD3","purchased_purges":2,"victory":false,"master_deck":["Defend_G","Defend_G","Defend_G","Defend_G","Defend_G","Strike_G","Strike_G","Survivor","Neutralize","Outmaneuver+1","Terror","Underhanded Strike","Underhanded Strike","Footwork","Doppelganger+1","Backflip+1","Underhanded Strike","Secret Technique+1","Terror+1","Dagger Throw","Die Die Die","Poisoned Stab+1","Prepared+1","Outmaneuver+1","Reflex+1"],"max_hp_per_floor":[70,70,70,70,70,70,70,70,70,70,70,70,70,70,70,70,70,70,70,70,70,70,70],"relics":["Ring of the Snake","Letter Opener","Tingsha","Old Coin","Toxic Egg 2","Cursed Key"],"card_choices":[{"not_picked":["Bane","Deflect"],"picked":"Outmaneuver"},{"not_picked":["Poisoned Stab","PiercingWail"],"picked":"Terror"},{"not_picked":["Dagger Throw","Acrobatics"],"picked":"Underhanded Strike"},{"not_picked":["Well Laid Plans","Backstab"],"picked":"Footwork"},{"not_picked":["Deadly Poison","Sucker Punch"],"picked":"Doppelganger"},{"not_picked":["Sucker Punch","Deadly Poison"],"picked":"Terror"},{"not_picked":["Backflip","Finisher"],"picked":"Dagger Throw"},{"not_picked":["Glass Knife","Bullet Time"],"picked":"Die Die Die"},{"not_picked":["PiercingWail","Deadly Poison"],"picked":"Poisoned Stab"},{"not_picked":["Poisoned Stab","Well Laid Plans"],"picked":"Prepared"},{"not_picked":["Flying Knee","Dagger Spray"],"picked":"Outmaneuver"},{"not_picked":["A Thousand Cuts","Outmaneuver"],"picked":"Reflex"}],"player_experience":34115,"potions_floor_usage":[16,19,22],"damage_taken":[{"damage":0,"enemies":"Blue Slaver","floor":1,"turns":8},{"damage":0,"enemies":"Small Slimes","floor":2,"turns":3},{"damage":0,"enemies":"Cultist","floor":5,"turns":3},{"damage":57,"enemies":"Gremlin Nob","floor":6,"turns":6},{"damage":28,"enemies":"3 Sentries","floor":10,"turns":16},{"damage":0,"enemies":"Large Slime","floor":13,"turns":8},{"damage":0,"enemies":"Looter","floor":14,"turns":3},{"damage":0,"enemies":"The Guardian","floor":16,"turns":9},{"damage":7,"enemies":"Shell Parasite","floor":18,"turns":3},{"damage":20,"enemies":"3 Byrds","floor":19,"turns":4},{"damage":10,"enemies":"Snake Plant","floor":21,"turns":4},{"damage":20,"enemies":"Centurion and Healer","floor":22,"turns":4},{"damage":43,"enemies":"Gremlin Leader","floor":24,"turns":4}],"event_choices":[{"event_name":"Wheel of Change","player_choice":"Relic","floor":4,"damage_taken":0},{"event_name":"Living Wall","player_choice":"Forget","floor":7,"damage_taken":0},{"event_name":"Wheel of Change","player_choice":"Damage","floor":20,"damage_taken":0}],"boss_relics":[{"not_picked":["Eternal Feather","Velvet Choker"],"picked":"Cursed Key"}],"potions_floor_spawned":[10,14,16,21],"seed_played":"-8262554716591768379","killed_by":"Gremlin Leader","ascension_level":0,"is_trial":false}