{"gold_per_floor":[113,124,13,33,33,66,66,101,128,128,169,134,134,165,177,314,326,363,375,387,414,449,499,511,72,98,122,122],"floor_reached":28,"playtime":2133,"items_purged":["Clumsy"],"score":277,"play_id":"705498e0-3f70-4e8d-96ae-4d6753e9dabf","local_time":"20190130130547","is_ascension_mode":true,"campfire_choices":[{"floor":7,"key":"REST"},{"floor":10,"key":"REST"},{"data":"Go for the Eyes","floor":15,"key":"SMITH"},{"data":"Seek","floor":24,"key":"SMITH"}],"neow_cost":"CURSE","seed_source_timestamp":80313039535730,"circlet_count":0,"master_deck":["Strike_B","Strike_B","Strike_B","Strike_B","Defend_B","Defend_B","Defend_B","Zap","Dualcast","Streamline","Streamline","FTL","Glacier","Injury","Go for the Eyes+1","Gash","Heatsinks","Double Energy","Beam Cell","All For One","Go for the Eyes","Skim","Steam","Gash","Barrage","Gash+1","Writhe","Hologram","Seek+1","Master of Strategy+1","Streamline+1"],"relics":["Cracked Core","Golden Idol","Ancient Tea Set","Bag of Preparation","Boot","Question Card","MawBank","Orrery","Meat on the Bone","Symbiotic Virus","Toxic Egg 2","Oddly Smooth Stone"],"potions_floor_usage":[],"damage_taken":[{"damage":9,"enemies":"Jaw Worm","floor":1,"turns":4},{"damage":9,"enemies":"2 Louse","floor":2,"turns":3},{"damage":3,"enemies":"Small Slimes","floor":4,"turns":3},{"damage":43,"enemies":"Gremlin Nob","floor":6,"turns":5},{"damage":11,"enemies":"3 Sentries","floor":8,"turns":7},{"damage":11,"enemies":"Lagavulin","floor":11,"turns":6},{"damage":19,"enemies":"3 Sentries","floor":14,"turns":9},{"damage":27,"enemies":"Hexaghost","floor":16,"turns":9},{"damage":19,"enemies":"2 Thieves","floor":18,"turns":3},{"damage":1,"enemies":"Shell Parasite","floor":21,"turns":4},{"damage":32,"enemies":"Snake Plant","floor":22,"turns":4},{"damage":12,"enemies":"Book of Stabbing","floor":23,"turns":5},{"damage":6,"enemies":"Cultist and Chosen","floor":27,"turns":3},{"damage":39,"enemies":"Slavers","floor":28,"turns":2}],"seed_played":"281501793328654961","potions_obtained":[{"floor":2,"key":"Swift Potion"},{"floor":11,"key":"Ancient Potion"},{"floor":14,"key":"Block Potion"},{"floor":23,"key":"Swift Potion"}],"is_trial":false,"path_per_floor":["M","M","$","M","?","E","R","E","T","R","E","?","?","E","R","B",null,"M","?","?","M","M","E","R","$","T","M","E"],"character_chosen":"DEFECT","items_purchased":["FTL","Toxic Egg 2","Master of Strategy+1"],"campfire_rested":2,"item_purchase_floors":[3,25,25],"current_hp_per_floor":[80,71,71,68,68,25,51,40,40,66,55,77,77,58,58,31,89,70,70,54,53,33,33,33,33,33,39,0],"gold":122,"neow_bonus":"TWENTY_PERCENT_HP_BONUS","is_prod":false,"is_daily":false,"chose_seed":false,"campfire_upgraded":2,"win_rate":0,"timestamp":1548875147,"path_taken":["M","M","$","M","?","E","R","E","T","R","E","?","?","E","R","BOSS","M","?","?","M","M","E","R","$","T","M","E"],"build_version":"2019-01-23","purchased_purges":1,"victory":false,"max_hp_per_floor":[89,89,89,89,89,89,89,89,89,89,89,89,89,89,89,89,89,89,89,89,89,89,89,89,89,89,89,89],"card_choices":[{"not_picked":["Darkness","Sunder"],"picked":"Streamline","floor":1},{"not_picked":["Tempest","Glacier"],"picked":"Streamline","floor":2},{"not_picked":["Redo","Sweeping Beam"],"picked":"Glacier","floor":4},{"not_picked":["Ball Lightning","Core Surge"],"picked":"Go for the Eyes","floor":6},{"not_picked":["Streamline","Conserve Battery"],"picked":"Gash","floor":8},{"not_picked":["Coolheaded","Sweeping Beam"],"picked":"Heatsinks","floor":11},{"not_picked":["Lockon","Rainbow","Compile Driver"],"picked":"Beam Cell","floor":14},{"not_picked":["Biased Cognition","Amplify","Meteor Strike"],"picked":"All For One","floor":16},{"not_picked":["Compile Driver","Conserve Battery","Coolheaded"],"picked":"Go for the Eyes","floor":17},{"not_picked":["Fusion","Steam","Melter"],"picked":"Skim","floor":17},{"not_picked":["Compile Driver","Cold Snap","Fission"],"picked":"Steam","floor":17},{"not_picked":["Ball Lightning","Go for the Eyes","White Noise"],"picked":"Gash","floor":17},{"not_picked":["Redo","Rebound","Coolheaded"],"picked":"Barrage","floor":17},{"not_picked":["Turbo","Go for the Eyes","FTL"],"picked":"Gash+1","floor":18},{"not_picked":["Sweeping Beam","Ball Lightning","Conserve Battery","Static Discharge+1"],"picked":"SKIP","floor":21},{"not_picked":["White Noise","Sweeping Beam","Compile Driver"],"picked":"Hologram","floor":22},{"not_picked":["Conserve Battery","Auto Shields","Ball Lightning"],"picked":"Seek","floor":23},{"not_picked":["Go for the Eyes+1","Redo+1","Self Repair"],"picked":"Streamline+1","floor":27}],"player_experience":419584,"relics_obtained":[{"floor":6,"key":"Ancient Tea Set"},{"floor":8,"key":"Bag of Preparation"},{"floor":9,"key":"Boot"},{"floor":11,"key":"Question Card"},{"floor":14,"key":"MawBank"},{"floor":23,"key":"Symbiotic Virus"},{"floor":26,"key":"Oddly Smooth Stone"}],"event_choices":[{"damage_healed":0,"gold_gain":0,"player_choice":"Take Wound","damage_taken":0,"relics_obtained":["Golden Idol"],"max_hp_gain":0,"max_hp_loss":0,"event_name":"Golden Idol","floor":5,"gold_loss":0,"cards_obtained":["Injury"]},{"damage_healed":22,"gold_gain":0,"player_choice":"Healed","damage_taken":0,"max_hp_gain":0,"max_hp_loss":0,"event_name":"The Cleric","floor":12,"gold_loss":35},{"damage_healed":0,"gold_gain":0,"cards_transformed":["Defend_B"],"player_choice":"Change","damage_taken":0,"max_hp_gain":0,"max_hp_loss":0,"event_name":"Living Wall","floor":13,"gold_loss":0,"cards_obtained":["Double Energy"]},{"damage_healed":0,"gold_gain":0,"player_choice":"Opened","damage_taken":0,"relics_obtained":["Meat on the Bone"],"max_hp_gain":0,"max_hp_loss":0,"event_name":"The Mausoleum","floor":19,"gold_loss":0,"cards_obtained":["Writhe"]},{"damage_healed":0,"gold_gain":0,"player_choice":"Obtained Book","damage_taken":16,"max_hp_gain":0,"max_hp_loss":0,"event_name":"Cursed Tome","floor":20,"gold_loss":0}],"is_beta":false,"boss_relics":[{"not_picked":["Inserter","Velvet Choker"],"picked":"Orrery"}],"items_purged_floors":[3],"is_endless":false,"potions_floor_spawned":[2,11,14,23],"killed_by":"Slavers","ascension_level":1}