{"gold_per_floor":[216,234,309,484,559,559,592,610,684,684,10,10,10,28,28,123,123,138,149,249,249,249,249,261,272,272,542,542,553,585,596,596,691,691,701,716,716,734,39,39,39,39,64,84,84,102,127,27,27,27],"floor_reached":51,"playtime":2941,"items_purged":["Doubt","Writhe"],"score":881,"play_id":"dd6c0eb1-43fb-487b-9e6d-48da0b67b332","local_time":"20181103032250","is_ascension_mode":true,"campfire_choices":[{"data":"Zap","floor":6,"key":"SMITH"},{"floor":15,"key":"REST"},{"floor":23,"key":"REST"},{"floor":28,"key":"REST"},{"floor":32,"key":"REST"},{"data":"Rainbow","floor":40,"key":"SMITH"},{"data":"Rainbow","floor":42,"key":"SMITH"},{"data":"Reboot","floor":49,"key":"SMITH"}],"neow_cost":"NONE","seed_source_timestamp":84434831755573,"circlet_count":0,"master_deck":["Strike_B","Defend_B","Defend_B","Defend_B","Defend_B","Zap+1","Dualcast","Coolheaded","Blizzard","Self Repair","Machine Learning+1","Meteor Strike","Machine Learning+1","Rainbow+1","Hello World+1","Chill+1","Capacitor+1","White Noise+1","Darkness+1","Loop+1","Heatsinks+1","Reboot+1","Sunder+1","Capacitor+1","Biased Cognition+1","Leap","Capacitor+1","Cold Snap+1","Electrodynamics+1","Metamorphosis","Rainbow+1","Ball Lightning","Redo+1","Darkness+1"],"relics":["Cracked Core","Blood Vial","Gremlin Horn","Frozen Egg 2","Sling","Anchor","Snecko Eye","Du-Vu Doll","Shuriken","Bag of Preparation","Calipers","Sundial","Bird Faced Urn","Astrolabe","Unceasing Top","Centennial Puzzle","Meat on the Bone"],"potions_floor_usage":[16,16,16,20,20,31,33,50],"damage_taken":[{"damage":7,"enemies":"2 Louse","floor":1,"turns":2},{"damage":0,"enemies":"Cultist","floor":2,"turns":3},{"damage":29,"enemies":"Lagavulin","floor":7,"turns":8},{"damage":10,"enemies":"Jaw Worm","floor":8,"turns":5},{"damage":0,"enemies":"Looter","floor":14,"turns":4},{"damage":19,"enemies":"Slime Boss","floor":16,"turns":11},{"damage":26,"enemies":"Chosen","floor":18,"turns":5},{"damage":6,"enemies":"3 Byrds","floor":19,"turns":4},{"damage":13,"enemies":"Colosseum Slavers","floor":20,"turns":4},{"damage":34,"enemies":"Colosseum Nobs","floor":20,"turns":5},{"damage":7,"enemies":"Cultist and Chosen","floor":24,"turns":6},{"damage":5,"enemies":"Chosen and Byrds","floor":25,"turns":6},{"damage":20,"enemies":"Snake Plant","floor":29,"turns":3},{"damage":21,"enemies":"Gremlin Leader","floor":30,"turns":5},{"damage":0,"enemies":"Cultist and Chosen","floor":31,"turns":5},{"damage":38,"enemies":"Champ","floor":33,"turns":9},{"damage":11,"enemies":"3 Shapes","floor":35,"turns":4},{"damage":19,"enemies":"Orb Walker","floor":36,"turns":3},{"damage":11,"enemies":"3 Darklings","floor":38,"turns":5},{"damage":1,"enemies":"Sphere and 2 Shapes","floor":44,"turns":3},{"damage":39,"enemies":"Writhing Mass","floor":46,"turns":5},{"damage":16,"enemies":"Reptomancer","floor":47,"turns":4},{"damage":79,"enemies":"Awakened One","floor":50,"turns":7}],"seed_played":"-7710483803615660912","potions_obtained":[{"floor":7,"key":"Swift Potion"},{"floor":8,"key":"Explosive Potion"},{"floor":14,"key":"PowerPotion"},{"floor":18,"key":"EssenceOfSteel"},{"floor":19,"key":"Dexterity Potion"},{"floor":24,"key":"SpeedPotion"},{"floor":30,"key":"Fire Potion"},{"floor":36,"key":"SteroidPotion"},{"floor":47,"key":"FearPotion"}],"is_trial":false,"path_per_floor":["M","M","?","?","?","R","E","M","T","?","$","?","$","M","R","B",null,"M","M","?","?","?","R","M","M","T","?","R","M","E","M","R","B",null,"M","M","?","M","$","R","?","R","T","M","$","M","E","$","R","B",null],"character_chosen":"DEFECT","items_purchased":["Frozen Egg 2","Machine Learning+1","Sling","Meteor Strike","Unceasing Top","Electrodynamics+1","Metamorphosis"],"campfire_rested":4,"item_purchase_floors":[11,11,11,11,39,39,39],"current_hp_per_floor":[68,68,57,57,50,50,21,13,13,13,13,10,10,19,41,31,64,47,50,21,21,21,43,45,49,49,21,43,25,13,34,56,43,67,65,61,61,75,75,75,75,75,75,74,74,48,57,57,57,23],"gold":27,"neow_bonus":"HUNDRED_GOLD","is_prod":false,"is_daily":false,"chose_seed":false,"campfire_upgraded":4,"win_rate":0,"timestamp":1541233370,"path_taken":["M","M","?","?","?","R","E","?","T","?","$","?","?","M","R","BOSS","M","M","?","?","?","R","?","M","T","?","R","M","E","?","R","BOSS","M","M","?","?","$","R","?","R","T","M","?","?","E","$","R","BOSS"],"build_version":"2018-11-01","purchased_purges":2,"victory":true,"max_hp_per_floor":[75,75,75,75,75,75,75,75,75,75,75,75,75,75,75,75,75,75,75,75,75,75,75,75,75,75,75,75,75,75,75,75,75,75,75,75,75,75,75,75,75,75,75,75,75,75,75,75,75,75],"card_choices":[{"not_picked":["Stack","Leap"],"picked":"Coolheaded","floor":1},{"not_picked":["Streamline","Redo"],"picked":"Cold Snap","floor":2},{"not_picked":["Gash","Melter"],"picked":"Blizzard","floor":7},{"not_picked":["Storm","Streamline"],"picked":"Self Repair","floor":8},{"not_picked":["Steam","Heatsinks+1"],"picked":"Machine Learning+1","floor":14},{"not_picked":["Meteor Strike","Reboot"],"picked":"Rainbow","floor":16},{"not_picked":["Barrage","Beam Cell"],"picked":"Hello World+1","floor":18},{"not_picked":["Cold Snap+1","Barrage"],"picked":"Chill+1","floor":19},{"not_picked":["Darkness","Auto Shields"],"picked":"Capacitor+1","floor":20},{"not_picked":["Hello World+1","Sweeping Beam"],"picked":"White Noise+1","floor":24},{"not_picked":["Tempest","Sweeping Beam","Gash"],"picked":"SKIP","floor":25},{"not_picked":["Blizzard","Gash"],"picked":"Darkness+1","floor":29},{"not_picked":["Rebound","Fission"],"picked":"Loop+1","floor":30},{"not_picked":["Rebound+1","Streamline+1"],"picked":"Heatsinks+1","floor":31},{"not_picked":["Core Surge","Fission"],"picked":"Reboot","floor":33},{"not_picked":["Rebound+1","Scrape+1","Conserve Battery"],"picked":"SKIP","floor":35},{"not_picked":["Streamline+1","Conserve Battery+1"],"picked":"Leap","floor":36},{"not_picked":["Tempest","Melter+1"],"picked":"Cold Snap+1","floor":38},{"not_picked":["Turbo+1","Leap"],"picked":"Ball Lightning","floor":44},{"not_picked":["Streamline+1","Go for the Eyes"],"picked":"Redo+1","floor":46},{"not_picked":["Steam+1","All For One"],"picked":"Darkness+1","floor":47}],"player_experience":260705,"relics_obtained":[{"floor":7,"key":"Blood Vial"},{"floor":9,"key":"Gremlin Horn"},{"floor":20,"key":"Du-Vu Doll"},{"floor":20,"key":"Shuriken"},{"floor":26,"key":"Sundial"},{"floor":30,"key":"Bird Faced Urn"},{"floor":43,"key":"Centennial Puzzle"},{"floor":47,"key":"Meat on the Bone"}],"event_choices":[{"damage_healed":0,"gold_gain":75,"player_choice":"Gather Gold","damage_taken":11,"max_hp_gain":0,"max_hp_loss":0,"event_name":"World of Goop","floor":3,"gold_loss":0},{"damage_healed":0,"gold_gain":175,"player_choice":"AGREE","damage_taken":0,"max_hp_gain":0,"max_hp_loss":0,"event_name":"Liars Game","floor":4,"gold_loss":0,"cards_obtained":["Doubt"]},{"damage_healed":0,"gold_gain":75,"player_choice":"Touch","damage_taken":7,"max_hp_gain":0,"max_hp_loss":0,"event_name":"FaceTrader","floor":5,"gold_loss":0},{"damage_healed":0,"gold_gain":30,"player_choice":"Searched \u00272\u0027 times","damage_taken":0,"max_hp_gain":0,"max_hp_loss":0,"event_name":"Dead Adventurer","floor":10,"gold_loss":0},{"damage_healed":0,"gold_gain":0,"player_choice":"Success","damage_taken":3,"relics_obtained":["Anchor"],"max_hp_gain":0,"max_hp_loss":0,"event_name":"Scrap Ooze","floor":12,"gold_loss":0},{"damage_healed":0,"gold_gain":0,"player_choice":"Fight","damage_taken":0,"max_hp_gain":0,"max_hp_loss":0,"event_name":"Colosseum","floor":20,"gold_loss":0},{"damage_healed":0,"gold_gain":0,"player_choice":"Fought Nobs","damage_taken":0,"max_hp_gain":0,"max_hp_loss":0,"event_name":"Colosseum","floor":20,"gold_loss":0},{"damage_healed":0,"gold_gain":0,"player_choice":"Opened","damage_taken":0,"relics_obtained":["Bag of Preparation"],"max_hp_gain":0,"max_hp_loss":0,"event_name":"The Mausoleum","floor":21,"gold_loss":0,"cards_obtained":["Writhe"]},{"cards_removed":["Cold Snap"],"damage_healed":0,"gold_gain":0,"player_choice":"Gave Card","damage_taken":0,"relics_obtained":["Calipers"],"max_hp_gain":0,"max_hp_loss":0,"event_name":"WeMeetAgain","floor":22,"gold_loss":0},{"damage_healed":0,"gold_gain":270,"player_choice":"GOLD GOLD GOLD ","damage_taken":28,"max_hp_gain":0,"max_hp_loss":0,"event_name":"Knowing Skull","floor":27,"potions_obtained":[],"gold_loss":0,"cards_obtained":[]},{"damage_healed":0,"gold_gain":0,"player_choice":"Copied","damage_taken":0,"max_hp_gain":0,"max_hp_loss":0,"event_name":"Duplicator","floor":37,"gold_loss":0,"cards_obtained":["Capacitor"]},{"damage_healed":0,"gold_gain":0,"player_choice":"1 cards matched","damage_taken":0,"max_hp_gain":0,"max_hp_loss":0,"event_name":"Match and Keep!","floor":41,"gold_loss":0,"cards_obtained":["Rainbow"]}],"is_beta":false,"boss_relics":[{"not_picked":["Sozu","Busted Crown"],"picked":"Snecko Eye"},{"not_picked":["Tiny House","Black Star"],"picked":"Astrolabe"}],"items_purged_floors":[39,48],"is_endless":false,"potions_floor_spawned":[7,8,14,18,19,24,30,36,47],"ascension_level":5}