{"gold_per_floor":[368,381,395,36,36,70,85,85,110,135,147,159,201,228,240,350,362,392,45,60,72,24,24,40,40,40,66,81,100,100,129,129,231,231,244,90,105,122,43,43,74,74,97,97,18,38,38,38],"floor_reached":48,"playtime":2748,"items_purged":["Defend_B"],"score":784,"play_id":"52419054-2f49-474b-8235-e89faa8514c5","local_time":"20190327175353","is_ascension_mode":true,"campfire_choices":[{"data":"Coolheaded","floor":8,"key":"SMITH"},{"data":"Metamorphosis","floor":11,"key":"SMITH"},{"floor":15,"key":"REST"},{"data":"Skim","floor":23,"key":"SMITH"},{"data":"Dualcast","floor":25,"key":"SMITH"},{"floor":30,"key":"REST"},{"floor":32,"key":"REST"},{"floor":40,"key":"REST"},{"floor":42,"key":"REST"},{"floor":47,"key":"RECALL"}],"neow_cost":"TEN_PERCENT_HP_LOSS","seed_source_timestamp":234889442982761,"circlet_count":0,"master_deck":["Defend_B","Zap","Dualcast+1","Sweeping Beam","Auto Shields","Cold Snap+1","Glacier+1","Metamorphosis+1","Ball Lightning+1","Coolheaded+1","Coolheaded","Glacier","Electrodynamics","Conserve Battery+1","Multi-Cast+1","Auto Shields+1","Skim+1","Capacitor+1","Scrape+1","Loop+1","Core Surge","Go for the Eyes+1","Defragment","Scrape","Defragment","Defragment"],"relics":["Cracked Core","Blood Vial","Boot","MawBank","Pen Nib","Astrolabe","DataDisk","MealTicket","Happy Flower","Whetstone","Centennial Puzzle","Empty Cage","Bronze Scales","Oddly Smooth Stone"],"potions_floor_usage":[7,13,18,27,27,28,37,41],"damage_taken":[{"damage":5,"enemies":"2 Louse","floor":1,"turns":2},{"damage":0,"enemies":"Cultist","floor":2,"turns":4},{"damage":4,"enemies":"Small Slimes","floor":3,"turns":3},{"damage":12,"enemies":"Lagavulin","floor":6,"turns":5},{"damage":12,"enemies":"Exordium Thugs","floor":7,"turns":3},{"damage":0,"enemies":"Looter","floor":10,"turns":3},{"damage":12,"enemies":"3 Sentries","floor":13,"turns":6},{"damage":0,"enemies":"Blue Slaver","floor":14,"turns":5},{"damage":11,"enemies":"Slime Boss","floor":16,"turns":5},{"damage":26,"enemies":"2 Thieves","floor":18,"turns":3},{"damage":2,"enemies":"Spheric Guardian","floor":20,"turns":4},{"damage":3,"enemies":"Centurion and Healer","floor":21,"turns":5},{"damage":11,"enemies":"Snake Plant","floor":24,"turns":6},{"damage":16,"enemies":"Gremlin Leader","floor":27,"turns":4},{"damage":9,"enemies":"Snecko","floor":28,"turns":8},{"damage":3,"enemies":"Centurion and Healer","floor":29,"turns":6},{"damage":27,"enemies":"Book of Stabbing","floor":31,"turns":5},{"damage":0,"enemies":"Champ","floor":33,"turns":8},{"damage":12,"enemies":"3 Shapes","floor":35,"turns":2},{"damage":37,"enemies":"3 Darklings","floor":37,"turns":3},{"damage":20,"enemies":"Maw","floor":38,"turns":8},{"damage":39,"enemies":"Giant Head","floor":41,"turns":14},{"damage":20,"enemies":"Sphere and 2 Shapes","floor":46,"turns":7},{"damage":24,"enemies":"3 Darklings","floor":48,"turns":2}],"seed_played":"8179739096774318742","potions_obtained":[{"floor":2,"key":"Weak Potion"},{"floor":6,"key":"AttackPotion"},{"floor":7,"key":"Ancient Potion"},{"floor":14,"key":"SkillPotion"},{"floor":18,"key":"SkillPotion"},{"floor":31,"key":"Weak Potion"},{"floor":35,"key":"Ancient Potion"}],"is_trial":false,"path_per_floor":["M","M","M","$","?","E","M","R","T","M","R","?","E","M","R","B",null,"M","$","M","M","$","R","M","R","T","E","M","M","R","E","R","B",null,"M","$","M","M","$","R","E","R","T","?","$","M","R","M"],"character_chosen":"DEFECT","items_purchased":["Glacier","Metamorphosis","Blood Vial","DataDisk","MealTicket","PowerPotion","Defragment","Defragment","Defragment"],"campfire_rested":5,"item_purchase_floors":[4,4,4,19,19,22,36,39,45],"current_hp_per_floor":[63,63,59,59,52,42,32,32,32,34,34,34,24,26,46,37,60,36,36,36,35,50,50,41,41,41,27,20,19,39,14,34,36,60,50,65,30,12,27,47,10,30,30,30,30,12,12,0],"gold":38,"neow_bonus":"TWO_FIFTY_GOLD","is_prod":false,"is_daily":false,"chose_seed":false,"campfire_upgraded":4,"win_rate":0,"timestamp":1553727233,"path_taken":["M","M","M","$","?","E","M","R","T","M","R","?","E","M","R","BOSS","M","$","M","M","$","R","M","R","T","E","M","M","R","E","R","BOSS","M","$","?","M","$","R","E","R","T","?","?","M","R","M"],"build_version":"2019-01-23","purchased_purges":1,"victory":false,"max_hp_per_floor":[68,68,68,68,68,68,68,68,68,68,68,68,68,68,68,68,68,68,68,68,68,68,68,68,68,68,68,68,68,68,68,68,68,68,68,68,68,68,68,68,68,68,68,68,68,68,68,68],"card_choices":[{"not_picked":["Compile Driver","Ball Lightning"],"picked":"Sweeping Beam","floor":1},{"not_picked":["Barrage","Steam Power"],"picked":"Auto Shields","floor":2},{"not_picked":["Coolheaded","Ball Lightning"],"picked":"Cold Snap","floor":3},{"not_picked":["Capacitor","Streamline"],"picked":"Ball Lightning","floor":6},{"not_picked":["Loop","Storm"],"picked":"Coolheaded","floor":7},{"not_picked":["Tempest","Stack","Turbo"],"picked":"SKIP","floor":10},{"not_picked":["Redo","Melter"],"picked":"Coolheaded","floor":13},{"not_picked":["Chaos","Fusion"],"picked":"Glacier","floor":14},{"not_picked":["Thunder Strike","Multi-Cast"],"picked":"Electrodynamics","floor":16},{"not_picked":["Stack","Barrage+1","Reinforced Body+1"],"picked":"SKIP","floor":18},{"not_picked":["Sweeping Beam","Compile Driver"],"picked":"Auto Shields+1","floor":20},{"not_picked":["Cold Snap","Self Repair"],"picked":"Skim","floor":21},{"not_picked":["Hologram+1","Hello World"],"picked":"Capacitor+1","floor":24},{"not_picked":["Stack","Redo"],"picked":"Scrape+1","floor":27},{"not_picked":["Static Discharge","Ball Lightning","Redo+1"],"picked":"SKIP","floor":28},{"not_picked":["Streamline","Compile Driver","Blizzard"],"picked":"SKIP","floor":29},{"not_picked":["Recycle+1","Amplify"],"picked":"Loop+1","floor":31},{"not_picked":["Multi-Cast","Meteor Strike"],"picked":"Core Surge","floor":33},{"not_picked":["Self Repair","Rip and Tear+1"],"picked":"Go for the Eyes+1","floor":35},{"not_picked":["Heatsinks","Static Discharge+1","Blizzard+1"],"picked":"SKIP","floor":37},{"not_picked":["Conserve Battery+1","Hello World"],"picked":"Scrape","floor":38},{"not_picked":["Compile Driver","Sweeping Beam+1","Loop"],"picked":"SKIP","floor":41},{"not_picked":["Ball Lightning+1","Sweeping Beam+1","Auto Shields"],"picked":"SKIP","floor":46}],"player_experience":139349,"relics_obtained":[{"floor":6,"key":"Boot"},{"floor":9,"key":"MawBank"},{"floor":13,"key":"Pen Nib"},{"floor":26,"key":"Happy Flower"},{"floor":27,"key":"Whetstone"},{"floor":31,"key":"Centennial Puzzle"},{"floor":41,"key":"Bronze Scales"},{"floor":43,"key":"Oddly Smooth Stone"}],"event_choices":[{"cards_removed":["Strike_B"],"damage_healed":0,"gold_gain":0,"player_choice":"Card Removal","damage_taken":7,"max_hp_gain":0,"max_hp_loss":0,"event_name":"Golden Wing","floor":5,"gold_loss":0},{"damage_healed":0,"gold_gain":0,"player_choice":"Upgraded","damage_taken":0,"max_hp_gain":0,"max_hp_loss":0,"event_name":"Upgrade Shrine","floor":12,"gold_loss":0,"cards_upgraded":["Glacier"]},{"cards_removed":["Amplify"],"damage_healed":0,"gold_gain":0,"player_choice":"Purged","damage_taken":0,"max_hp_gain":0,"max_hp_loss":0,"event_name":"Purifier","floor":44,"gold_loss":0}],"is_beta":false,"boss_relics":[{"not_picked":["Pandora\u0027s Box","Busted Crown"],"picked":"Astrolabe"},{"not_picked":["Orrery","Runic Dome"],"picked":"Empty Cage"}],"items_purged_floors":[36],"is_endless":false,"potions_floor_spawned":[2,6,7,14,18,27,31,35],"killed_by":"3 Darklings","ascension_level":7}