{"gold_per_floor":[119,119,130,150,162,196,196,206,231,231,243,193,126,145,145,247,247,258,258,106,106,123,123,155,30,30,30],"floor_reached":27,"playtime":1219,"items_purged":[],"score":280,"play_id":"7b8d072e-13d9-4d09-8604-7e226729ef65","local_time":"20181030002403","is_ascension_mode":true,"campfire_choices":[{"floor":7,"key":"REST"},{"floor":15,"key":"REST"},{"data":"Storm","floor":23,"key":"SMITH"}],"neow_cost":"NONE","seed_source_timestamp":0,"circlet_count":0,"master_deck":["Strike_B","Strike_B","Strike_B","Defend_B","Defend_B","Defend_B","Defend_B","Zap","Dualcast","Chaos","Coolheaded","Conserve Battery","Defragment","Hello World","Self Repair","Conserve Battery","Defragment","Coolheaded","Echo Form","Skim","Storm+1","Double Energy+1","Conserve Battery+1","Static Discharge","Coolheaded"],"special_seed":0,"relics":["Cracked Core","NeowsBlessing","Matryoshka","Mercury Hourglass","Boot","Inserter","Bronze Scales","Happy Flower","Orichalcum","Dodecahedron"],"potions_floor_usage":[5,16,16,24,27],"damage_taken":[{"damage":0.0,"enemies":"Jaw Worm","floor":1.0,"turns":1.0},{"damage":0.0,"enemies":"2 Louse","floor":3.0,"turns":1.0},{"damage":0,"enemies":"Small Slimes","floor":4,"turns":1},{"damage":32,"enemies":"Gremlin Gang","floor":5,"turns":6},{"damage":40,"enemies":"Gremlin Nob","floor":6,"turns":5},{"damage":9,"enemies":"3 Louse","floor":8,"turns":4},{"damage":0,"enemies":"2 Fungi Beasts","floor":11,"turns":4},{"damage":5,"enemies":"Large Slime","floor":14,"turns":7},{"damage":24,"enemies":"Hexaghost","floor":16,"turns":13},{"damage":15,"enemies":"Chosen","floor":18,"turns":6},{"damage":5,"enemies":"3 Byrds","floor":22,"turns":2},{"damage":50,"enemies":"Book of Stabbing","floor":24,"turns":5},{"damage":20,"enemies":"Gremlin Leader","floor":27,"turns":2}],"seed_played":"-7211085708511218899","potions_obtained":[{"floor":1.0,"key":"EssenceOfSteel"},{"floor":5,"key":"Dexterity Potion"},{"floor":6,"key":"Weak Potion"},{"floor":22,"key":"Fire Potion"},{"floor":24,"key":"Weak Potion"}],"is_trial":false,"path_per_floor":["M","?","M","M","M","E","R","M","T","?","M","?","$","M","R","B",null,"M","?","$","?","M","R","E","$","T"],"character_chosen":"DEFECT","items_purchased":["Defragment","Bronze Scales","Static Discharge","Coolheaded"],"campfire_rested":2,"item_purchase_floors":[13,20,25,25],"current_hp_per_floor":[75,75,75,75,43,3,25,16,16,16,23,23,23,25,47,30,75,60,60,60,60,62,62,19,19,19,0],"gold":30,"neow_bonus":"THREE_ENEMY_KILL","is_prod":false,"is_daily":false,"chose_seed":false,"campfire_upgraded":1,"win_rate":0,"timestamp":1540877043,"path_taken":["M","?","?","?","M","E","R","M","T","?","M","?","$","M","R","BOSS","M","?","$","?","?","R","E","$","T","E"],"build_version":"2018-10-25v2","purchased_purges":0,"victory":false,"max_hp_per_floor":[75,75,75,75,75,75,75,75,75,75,75,75,75,75,75,75,75,75,75,75,75,75,75,75,75,75,75],"card_choices":[{"not_picked":["Compile Driver","BootSequence"],"picked":"Chaos","floor":1.0},{"not_picked":["Ball Lightning","Cold Snap"],"picked":"Coolheaded","floor":3},{"not_picked":["Ball Lightning","Auto Shields"],"picked":"Conserve Battery","floor":4},{"not_picked":["Conserve Battery","Buffer"],"picked":"Defragment","floor":5},{"not_picked":["Turbo","White Noise"],"picked":"Hello World","floor":6},{"not_picked":["Redo","BootSequence"],"picked":"Self Repair","floor":8},{"not_picked":["Hologram","Doom and Gloom"],"picked":"Conserve Battery","floor":11},{"not_picked":["Hologram","Ball Lightning"],"picked":"Coolheaded","floor":14},{"not_picked":["Biased Cognition","Reboot"],"picked":"Echo Form","floor":16},{"not_picked":["Turbo+1","Conserve Battery"],"picked":"Skim","floor":18},{"not_picked":["Capacitor","Streamline"],"picked":"Double Energy+1","floor":22},{"not_picked":["Aggregate","Darkness"],"picked":"Conserve Battery+1","floor":24}],"player_experience":228514,"relics_obtained":[{"floor":6,"key":"Matryoshka"},{"floor":9,"key":"Mercury Hourglass"},{"floor":9,"key":"Boot"},{"floor":24,"key":"Happy Flower"},{"floor":26,"key":"Orichalcum"},{"floor":26,"key":"Dodecahedron"}],"event_choices":[{"damage_healed":0.0,"max_hp_gain":0.0,"max_hp_loss":0.0,"gold_gain":0.0,"event_name":"Shining Light","player_choice":"Ignored","floor":2.0,"gold_loss":0.0,"damage_taken":0.0},{"damage_healed":0,"gold_gain":0,"player_choice":"Ignored","damage_taken":0,"max_hp_gain":0,"max_hp_loss":0,"event_name":"Liars Game","floor":10,"gold_loss":0},{"cards_removed":["Strike_B"],"damage_healed":0,"gold_gain":0,"player_choice":"Card Removal","damage_taken":0,"max_hp_gain":0,"max_hp_loss":0,"event_name":"The Cleric","floor":12,"gold_loss":50},{"damage_healed":0,"gold_gain":0,"player_choice":"Read","damage_taken":0,"max_hp_gain":0,"max_hp_loss":0,"event_name":"The Library","floor":19,"gold_loss":0,"cards_obtained":["Storm"]},{"damage_healed":0,"gold_gain":0,"player_choice":"0 cards matched","damage_taken":0,"max_hp_gain":0,"max_hp_loss":0,"event_name":"Match and Keep!","floor":21,"gold_loss":0,"cards_obtained":[]}],"is_beta":false,"boss_relics":[{"not_picked":["Eternal Feather","Snecko Eye"],"picked":"Inserter"}],"items_purged_floors":[],"is_endless":false,"potions_floor_spawned":[1,5,6,22,24],"killed_by":"Gremlin Leader","ascension_level":4}