{"gold_per_floor":[111,126,142,122,137,137,152,152,177,177],"floor_reached":10,"playtime":355,"items_purged":[],"score":60,"play_id":"c6f6460d-d0f0-490b-988c-fb76126aca18","local_time":"20190405001914","is_ascension_mode":false,"campfire_choices":[{"data":"Night Terror","floor":6,"key":"SMITH"},{"data":"Dagger Spray","floor":8,"key":"SMITH"}],"neow_cost":"TEN_PERCENT_HP_LOSS","seed_source_timestamp":816368957613528,"circlet_count":0,"master_deck":["Defend_G","Defend_G","Defend_G","Defend_G","Defend_G","Strike_G","Strike_G","Strike_G","Strike_G","Strike_G","Survivor","Neutralize","Night Terror+1","Flying Knee","Backflip","Poisoned Stab","Quick Slash","Dagger Spray+1"],"relics":["Ring of the Snake","Snake Skull"],"potions_floor_usage":[10],"damage_taken":[{"damage":2,"enemies":"Small Slimes","floor":1,"turns":5},{"damage":6,"enemies":"Cultist","floor":2,"turns":4},{"damage":1,"enemies":"Jaw Worm","floor":3,"turns":6},{"damage":21,"enemies":"Exordium Thugs","floor":5,"turns":7},{"damage":7,"enemies":"2 Fungi Beasts","floor":7,"turns":4},{"damage":26,"enemies":"Gremlin Nob","floor":10,"turns":3}],"seed_played":"-2441360853744347736","potions_obtained":[{"floor":2,"key":"Dexterity Potion"},{"floor":4,"key":"SmokeBomb"},{"floor":5,"key":"Fire Potion"}],"is_trial":false,"path_per_floor":["M","M","M","?","M","R","M","R","T","E"],"character_chosen":"THE_SILENT","items_purchased":[],"campfire_rested":0,"item_purchase_floors":[],"current_hp_per_floor":[61,55,54,54,33,33,26,26,26,0],"gold":177,"neow_bonus":"THREE_RARE_CARDS","is_prod":false,"is_daily":false,"chose_seed":false,"campfire_upgraded":2,"win_rate":0,"timestamp":1554445154,"path_taken":["M","M","M","?","M","R","?","R","T","E"],"build_version":"2019-01-23","purchased_purges":0,"victory":false,"max_hp_per_floor":[63,63,63,63,63,63,63,63,63,63],"card_choices":[{"not_picked":["Storm of Steel","Venomology"],"picked":"Night Terror","floor":0},{"not_picked":["Prepared","Acrobatics"],"picked":"Flying Knee","floor":1},{"not_picked":["Expertise","Outmaneuver"],"picked":"Backflip","floor":2},{"not_picked":["PiercingWail","Slice"],"picked":"Poisoned Stab","floor":3},{"not_picked":["Underhanded Strike","Eviscerate"],"picked":"Quick Slash","floor":5},{"not_picked":["Setup","Flying Knee"],"picked":"Dagger Spray","floor":7}],"player_experience":178828,"relics_obtained":[{"floor":9,"key":"Snake Skull"}],"event_choices":[{"damage_healed":0,"gold_gain":0,"player_choice":"Bought 1 Potion","damage_taken":0,"max_hp_gain":0,"max_hp_loss":0,"event_name":"The Woman in Blue","floor":4,"gold_loss":0}],"is_beta":false,"boss_relics":[],"items_purged_floors":[],"is_endless":false,"potions_floor_spawned":[2,5,7],"killed_by":"Gremlin Nob","ascension_level":0}