{"gold_per_floor":[117,117,42,142,154,154,165,165,165,178,195,195,39,39,39,135,135,151,151,123,123,123],"floor_reached":22,"playtime":533,"items_purged":["Strike_B"],"score":235,"play_id":"b84a9786-bc64-4145-a2d6-fef3670ff61a","local_time":"20190228213646","is_ascension_mode":true,"campfire_choices":[{"data":"Dualcast","floor":6,"key":"SMITH"},{"data":"Conserve Battery","floor":8,"key":"SMITH"},{"floor":12,"key":"REST"},{"data":"Conserve Battery","floor":15,"key":"SMITH"}],"neow_cost":"NONE","seed_source_timestamp":784353867474792,"circlet_count":0,"master_deck":["Strike_B","Strike_B","Strike_B","Defend_B","Defend_B","Defend_B","Zap+1","Dualcast+1","Conserve Battery+1","Conserve Battery+1","Self Repair","Cold Snap","Conserve Battery"],"relics":["Cracked Core","Dodecahedron","Strawberry","White Beast Statue"],"potions_floor_usage":[16,18,22],"damage_taken":[{"damage":0,"enemies":"2 Louse","floor":1,"turns":2},{"damage":2,"enemies":"Jaw Worm","floor":5,"turns":3},{"damage":0,"enemies":"Cultist","floor":7,"turns":3},{"damage":7,"enemies":"Lots of Slimes","floor":10,"turns":5},{"damage":11,"enemies":"Exordium Wildlife","floor":11,"turns":4},{"damage":40,"enemies":"The Guardian","floor":16,"turns":12},{"damage":23,"enemies":"3 Byrds","floor":18,"turns":5},{"damage":26,"enemies":"2 Thieves","floor":20,"turns":5},{"damage":59,"enemies":"3 Cultists","floor":22,"turns":5}],"seed_played":"6196909512439003552","potions_obtained":[{"floor":11,"key":"Strength Potion"},{"floor":16,"key":"Poison Potion"},{"floor":18,"key":"Ancient Potion"},{"floor":20,"key":"FocusPotion"}],"is_trial":false,"path_per_floor":["M","?","$","?","M","R","M","R","T","M","M","R","$","?","R","B",null,"M","?","M","?","M"],"character_chosen":"DEFECT","items_purchased":["Strawberry"],"campfire_rested":1,"item_purchase_floors":[13],"current_hp_per_floor":[68,73,73,73,71,71,71,71,71,64,60,80,87,87,87,54,79,63,63,44,44,0],"gold":123,"neow_bonus":"UPGRADE_CARD","is_prod":false,"is_daily":false,"chose_seed":false,"campfire_upgraded":3,"win_rate":0,"timestamp":1551386206,"path_taken":["M","?","$","?","M","R","M","R","T","M","?","R","?","?","R","BOSS","M","?","M","?","M"],"build_version":"2019-01-23","purchased_purges":1,"victory":false,"max_hp_per_floor":[75,80,80,80,80,80,80,80,80,80,80,80,87,87,87,87,87,87,87,87,87,87],"card_choices":[{"not_picked":["Coolheaded","Go for the Eyes"],"picked":"Conserve Battery","floor":1},{"not_picked":["Force Field","Storm"],"picked":"Conserve Battery","floor":5},{"not_picked":["Stack","Turbo","White Noise"],"picked":"SKIP","floor":7},{"not_picked":["Genetic Algorithm","Capacitor"],"picked":"Self Repair","floor":10},{"not_picked":["Reprogram","Sweeping Beam","Reinforced Body"],"picked":"SKIP","floor":11},{"not_picked":["Streamline+1","Force Field"],"picked":"Cold Snap","floor":18},{"not_picked":["Gash+1","Coolheaded"],"picked":"Conserve Battery","floor":20}],"player_experience":247191,"relics_obtained":[{"floor":9,"key":"Dodecahedron"}],"event_choices":[{"damage_healed":0,"gold_gain":0,"player_choice":"Donut","damage_taken":0,"max_hp_gain":5,"max_hp_loss":0,"event_name":"Big Fish","floor":2,"gold_loss":0},{"damage_healed":0,"gold_gain":100,"player_choice":"Pray","damage_taken":0,"max_hp_gain":0,"max_hp_loss":0,"event_name":"Golden Shrine","floor":4,"gold_loss":0},{"cards_removed":["Defend_B"],"damage_healed":0,"gold_gain":0,"player_choice":"Forget","damage_taken":0,"max_hp_gain":0,"max_hp_loss":0,"event_name":"Living Wall","floor":14,"gold_loss":0},{"damage_healed":0,"gold_gain":0,"player_choice":"Ignored","damage_taken":0,"max_hp_gain":0,"max_hp_loss":0,"event_name":"Ghosts","floor":19,"gold_loss":0},{"damage_healed":0,"gold_gain":0,"player_choice":"Ignored","damage_taken":0,"max_hp_gain":0,"max_hp_loss":0,"event_name":"Vampires","floor":21,"gold_loss":0}],"is_beta":false,"boss_relics":[{"not_picked":["Coffee Dripper","Ectoplasm"],"picked":"White Beast Statue"}],"items_purged_floors":[3],"is_endless":false,"potions_floor_spawned":[11,16,18,20],"killed_by":"3 Cultists","ascension_level":7}