{"gold_per_floor":[361,379,248,248,248,288,288,306,357,357,393,393,393,411,411,540,540,560,475,212,253,253,329,329,362,387,468,487,505,580,630,630,753,753,794,320,149,149,149,182,182,42,65,129,169,184,184,250,250,250],"floor_reached":51,"playtime":3328,"items_purged":[],"score":849,"play_id":"e1b3c488-82ec-4a46-9fac-e22779ac5e82","local_time":"20190413014701","is_ascension_mode":false,"campfire_choices":[{"data":"Bash","floor":7.0,"key":"SMITH"},{"data":"Blind","floor":10.0,"key":"SMITH"},{"data":"Carnage","floor":13.0,"key":"SMITH"},{"data":"Intimidate","floor":15.0,"key":"SMITH"},{"data":"HandOfGreed","floor":24,"key":"SMITH"},{"data":"True Grit","floor":32,"key":"SMITH"},{"data":"Offering","floor":41,"key":"SMITH"},{"data":"Panacea","floor":47,"key":"SMITH"},{"data":"Thinking Ahead","floor":49,"key":"SMITH"}],"neow_cost":"PERCENT_DAMAGE","seed_source_timestamp":51314512408100,"circlet_count":0,"master_deck":["Strike_R","Strike_R","Strike_R","Strike_R","Strike_R","Defend_R+1","Defend_R","Defend_R","Bash+1","Pommel Strike","Spot Weakness+1","Blind+1","Metallicize","Carnage+1","Intimidate+1","Battle Trance","Reaper","Seeing Red+1","HandOfGreed+1","True Grit+1","Cleave","Anger+1","Armaments+1","Rage+1","Impervious","Shrug It Off","Armaments+1","Pommel Strike+1","Offering+1","Rage+1","Metallicize","Shrug It Off","Panacea+1","Violence","Feel No Pain","Pommel Strike","Thinking Ahead+1","Jack Of All Trades","Headbutt","Inflame","Chrysalis","Shrug It Off"],"special_seed":0,"relics":["Burning Blood","Golden Idol","Lantern","Bag of Marbles","Pear","Sozu","Vajra","Torii","Red Skull","Blood Vial","Orichalcum","Busted Crown","Membership Card","War Paint","Gremlin Horn","Unceasing Top","Oddly Smooth Stone","Peace Pipe","Pen Nib"],"potions_floor_usage":[16,18,23,50],"damage_taken":[{"damage":1.0,"enemies":"Cultist","floor":1.0,"turns":3.0},{"damage":6.0,"enemies":"Jaw Worm","floor":2.0,"turns":3.0},{"damage":19.0,"enemies":"Gremlin Nob","floor":6.0,"turns":5.0},{"damage":0.0,"enemies":"Small Slimes","floor":8.0,"turns":4.0},{"damage":32.0,"enemies":"3 Sentries","floor":11.0,"turns":7.0},{"damage":7.0,"enemies":"Blue Slaver","floor":14.0,"turns":3.0},{"damage":32,"enemies":"Hexaghost","floor":16,"turns":11},{"damage":0,"enemies":"Spheric Guardian","floor":18,"turns":3},{"damage":15,"enemies":"2 Thieves","floor":21,"turns":4},{"damage":41,"enemies":"Slavers","floor":23,"turns":9},{"damage":17,"enemies":"Book of Stabbing","floor":25,"turns":4},{"damage":35,"enemies":"Slavers","floor":27,"turns":7},{"damage":9,"enemies":"3 Cultists","floor":28,"turns":6},{"damage":8,"enemies":"Snake Plant","floor":29,"turns":4},{"damage":0,"enemies":"Centurion and Healer","floor":30,"turns":7},{"damage":50,"enemies":"Champ","floor":33,"turns":14},{"damage":6,"enemies":"3 Darklings","floor":35,"turns":7},{"damage":9,"enemies":"Nemesis","floor":40,"turns":7},{"damage":14,"enemies":"Giant Head","floor":44,"turns":8},{"damage":3,"enemies":"Orb Walker","floor":45,"turns":7},{"damage":10,"enemies":"3 Darklings","floor":46,"turns":6},{"damage":6,"enemies":"Reptomancer","floor":48,"turns":4},{"damage":32,"enemies":"Time Eater","floor":50,"turns":11}],"seed_played":"5851253786951215907","potions_obtained":[{"floor":6.0,"key":"Poison Potion"},{"floor":11.0,"key":"GamblersBrew"},{"floor":14.0,"key":"Energy Potion"},{"floor":16,"key":"Ancient Potion"}],"is_trial":false,"path_per_floor":["M","M","$","?","?","E","R","M","T","R","E","?","R","M","R","B",null,"M","?","$","M","?","E","R","E","T","E","M","M","M","?","R","B",null,"M","$","$","?","?","E","R","$","T","E","M","M","R","E","R","B",null],"character_chosen":"IRONCLAD","items_purchased":["Blind","Strength Potion","HandOfGreed","True Grit","Cleave","Membership Card","Metallicize","War Paint","Shrug It Off","Panacea","Violence","Feel No Pain","Pommel Strike","Gremlin Horn","Headbutt","Inflame","Chrysalis"],"campfire_rested":0,"item_purchase_floors":[3,3,20,20,20,36,36,36,36,36,36,37,37,37,42,42,42],"current_hp_per_floor":[61,61,61,61,61,48,48,54,54,54,38,38,38,37,37,11,84,84,84,84,81,81,63,63,52,52,55,61,64,84,84,84,40,84,84,84,84,74,74,82,82,82,82,76,84,81,81,83,83,84],"gold":250,"neow_bonus":"TWO_FIFTY_GOLD","is_prod":false,"is_daily":false,"chose_seed":false,"campfire_upgraded":9,"win_rate":1,"timestamp":1555145221,"path_taken":["M","M","$","?","?","E","R","M","T","R","E","?","R","M","R","BOSS","M","?","$","M","?","E","R","E","T","E","M","?","M","?","R","BOSS","M","?","$","?","?","E","R","$","T","E","?","M","R","E","R","BOSS"],"build_version":"2019-01-23","purchased_purges":0,"victory":true,"max_hp_per_floor":[80,80,80,74,74,74,74,74,74,74,84,84,84,84,84,84,84,84,84,84,84,84,84,84,84,84,84,84,84,84,84,84,84,84,84,84,84,84,84,84,84,84,84,84,84,84,84,84,84,84],"card_choices":[{"not_picked":["Flex","Havoc"],"picked":"Pommel Strike","floor":1.0},{"not_picked":["Pommel Strike","Carnage"],"picked":"Spot Weakness","floor":2.0},{"not_picked":["Intimidate","Battle Trance"],"picked":"Metallicize","floor":6.0},{"not_picked":["Iron Wave","Dual Wield"],"picked":"Carnage","floor":8.0},{"not_picked":["Flex","Sever Soul"],"picked":"Intimidate","floor":11.0},{"not_picked":["Twin Strike","Clothesline"],"picked":"Battle Trance","floor":14.0},{"not_picked":["Bludgeon","Demon Form"],"picked":"Reaper","floor":16},{"not_picked":["Havoc","Perfected Strike"],"picked":"Seeing Red+1","floor":18},{"not_picked":["Havoc","Reckless Charge"],"picked":"Anger+1","floor":21},{"not_picked":["Combust","Warcry"],"picked":"Armaments+1","floor":23},{"not_picked":["Twin Strike","Blood for Blood"],"picked":"Rage+1","floor":25},{"not_picked":["Cleave","Clothesline"],"picked":"Impervious","floor":27},{"not_picked":["Cleave","Rampage+1"],"picked":"Shrug It Off","floor":28},{"not_picked":["Corruption","Havoc+1"],"picked":"Armaments+1","floor":29},{"not_picked":["Fire Breathing+1","True Grit"],"picked":"Pommel Strike+1","floor":30},{"not_picked":["Brutality","Double Tap"],"picked":"Offering","floor":33},{"not_picked":[],"picked":"Rage+1","floor":35},{"not_picked":[],"picked":"Thinking Ahead","floor":38},{"not_picked":[],"picked":"Jack Of All Trades","floor":38},{"not_picked":["Perfected Strike+1"],"picked":"SKIP","floor":40},{"not_picked":["Brutality"],"picked":"SKIP","floor":44},{"not_picked":["Twin Strike"],"picked":"SKIP","floor":45},{"not_picked":[],"picked":"Shrug It Off","floor":46},{"not_picked":["Wild Strike"],"picked":"SKIP","floor":48}],"player_experience":330882,"relics_obtained":[{"floor":6.0,"key":"Lantern"},{"floor":9.0,"key":"Bag of Marbles"},{"floor":11.0,"key":"Pear"},{"floor":23,"key":"Torii"},{"floor":25,"key":"Red Skull"},{"floor":26,"key":"Blood Vial"},{"floor":27,"key":"Orichalcum"},{"floor":40,"key":"Unceasing Top"},{"floor":43,"key":"Oddly Smooth Stone"},{"floor":44,"key":"Peace Pipe"},{"floor":48,"key":"Pen Nib"}],"event_choices":[{"damage_healed":0.0,"max_hp_gain":0.0,"max_hp_loss":6.0,"gold_gain":0.0,"event_name":"Golden Idol","player_choice":"Lose Max HP","floor":4.0,"gold_loss":0.0,"damage_taken":0.0,"relics_obtained":["Golden Idol"]},{"damage_healed":0.0,"max_hp_gain":0.0,"max_hp_loss":0.0,"gold_gain":0.0,"event_name":"Golden Wing","player_choice":"Ignored","floor":5.0,"gold_loss":0.0,"damage_taken":0.0},{"damage_healed":0.0,"max_hp_gain":0.0,"max_hp_loss":0.0,"gold_gain":0.0,"event_name":"Liars Game","player_choice":"Ignored","floor":12.0,"gold_loss":0.0,"damage_taken":0.0},{"damage_healed":0,"gold_gain":0,"player_choice":"Obtained Relic","damage_taken":0,"relics_obtained":["Vajra"],"max_hp_gain":0,"max_hp_loss":0,"event_name":"Addict","floor":19,"gold_loss":85},{"cards_removed":["Defend_R"],"damage_healed":0,"gold_gain":0,"player_choice":"Purged","damage_taken":0,"max_hp_gain":0,"max_hp_loss":0,"event_name":"Purifier","floor":22,"gold_loss":0},{"damage_healed":0,"gold_gain":100,"player_choice":"Bet on Murderer","damage_taken":0,"max_hp_gain":0,"max_hp_loss":0,"event_name":"The Joust","floor":31,"gold_loss":50},{"damage_healed":0,"gold_gain":0,"player_choice":"Memory 3","damage_taken":10,"max_hp_gain":0,"max_hp_loss":0,"event_name":"SensoryStone","floor":38,"gold_loss":0},{"damage_healed":0,"gold_gain":0,"player_choice":"Ignored","damage_taken":0,"max_hp_gain":0,"max_hp_loss":0,"event_name":"NoteForYourself","floor":39,"gold_loss":0}],"is_beta":false,"boss_relics":[{"not_picked":["Black Blood","Lizard Tail"],"picked":"Sozu"},{"not_picked":["Velvet Choker","Orrery"],"picked":"Busted Crown"}],"items_purged_floors":[],"is_endless":false,"potions_floor_spawned":[6,11,14,16,18,23,28,29,33,40,44,48],"ascension_level":0}